2009.07.30 07:00:01.265,0.8554,0.8555,16.40,3.20
2009.07.30 07:00:01.605,0.85545,0.85555,16.40,21.60
2009.07.30 07:00:01.945,0.85545,0.85555,16.40,13.60
2009.07.30 07:00:03.324,0.85545,0.85555,16.40,3.20
2009.07.30 07:00:03.545,0.85545,0.8556,16.40,13.60
2009.07.30 07:00:04.454,0.85545,0.85555,16.40,3.20
2009.07.30 07:00:04.904,0.8554,0.8555,30.00,3.20
2009.07.30 07:00:05.304,0.85545,0.85555,13.20,3.20
2009.07.30 07:00:05.874,0.85545,0.8555,13.20,3.20
2009.07.30 07:00:06.504,0.8554,0.8555,28.80,3.20
2009.07.30 07:00:07.094,0.85545,0.8556,8.00,37.00
2009.07.30 07:00:07.616,0.85545,0.8556,16.40,29.60
2009.07.30 07:00:08.203,0.8554,0.85545,21.20,3.20
2009.07.30 07:00:08.593,0.8554,0.85545,13.20,3.20
2009.07.30 07:00:09.163,0.8554,0.85545,21.20,3.20
2009.07.30 07:00:09.454,0.8554,0.85545,13.20,3.20
2009.07.30 07:00:09.873,0.85545,0.85555,8.00,13.60
2009.07.30 07:00:10.324,0.8555,0.85555,8.00,16.00
2009.07.30 07:00:10.673,0.8554,0.85545,21.20,3.20
2009.07.30 07:00:11.092,0.8554,0.8555,13.20,3.20
2009.07.30 07:00:12.332,0.8555,0.85555,3.20,16.00
2009.07.30 07:00:12.712,0.8555,0.85555,8.00,18.60
2009.07.30 07:00:13.042,0.8555,0.8556,8.00,19.40
2009.07.30 07:00:13.442,0.8555,0.8556,8.00,17.80
2009.07.30 07:00:13.672,0.8555,0.8556,8.00,19.40
2009.07.30 07:00:14.062,0.8555,0.85555,3.20,10.40
2009.07.30 07:00:14.582,0.8555,0.85555,3.20,16.00
2009.07.30 07:00:14.982,0.8555,0.8556,8.00,10.60
2009.07.30 07:00:18.861,0.8555,0.8556,18.40,3.20
2009.07.30 07:00:19.280,0.8555,0.8556,9.60,3.20
2009.07.30 07:00:19.501,0.8555,0.8556,8.00,19.40
2009.07.30 07:00:20.290,0.8555,0.8556,8.00,10.60
2009.07.30 07:00:20.621,0.8555,0.8556,3.20,10.60
2009.07.30 07:00:21.150,0.8555,0.8556,3.20,19.40
2009.07.30 07:00:22.290,0.8555,0.8556,3.20,19.60
2009.07.30 07:00:23.240,0.8555,0.8556,3.20,25.20
2009.07.30 07:00:24.749,0.8555,0.8556,8.00,21.00
2009.07.30 07:00:25.149,0.8555,0.8556,8.00,17.00
2009.07.30 07:00:25.609,0.8555,0.8556,3.20,16.40
2009.07.30 07:00:26.948,0.8555,0.8556,8.00,17.00
2009.07.30 07:00:27.299,0.8555,0.8556,9.60,19.40
2009.07.30 07:00:30.848,0.8555,0.8556,8.00,10.60
2009.07.30 07:00:31.928,0.8555,0.8556,8.00,3.20
2009.07.30 07:00:33.767,0.85555,0.8556,11.60,8.00
2009.07.30 07:00:34.057,0.8555,0.8556,8.00,3.20
2009.07.30 07:00:34.517,0.8555,0.85555,4.80,3.20
2009.07.30 07:00:34.907,0.85545,0.85555,24.00,3.20
2009.07.30 07:00:35.147,0.85545,0.85555,3.20,13.60
2009.07.30 07:00:35.537,0.85545,0.85555,3.20,21.00
2009.07.30 07:00:35.876,0.85545,0.85555,3.20,21.80
2009.07.30 07:00:37.256,0.85545,0.85555,3.20,38.00
2009.07.30 07:00:37.636,0.85545,0.85555,3.20,14.60
2009.07.30 07:00:38.016,0.85545,0.85555,3.20,21.00
2009.07.30 07:00:38.366,0.85545,0.85555,3.20,21.80
2009.07.30 07:00:40.215,0.85545,0.85555,3.20,21.00
2009.07.30 07:00:40.505,0.85545,0.85555,8.00,9.60
2009.07.30 07:00:40.855,0.85545,0.85555,8.00,3.20
2009.07.30 07:00:41.765,0.85545,0.85555,3.20,21.00
2009.07.30 07:00:42.215,0.85545,0.85555,3.20,21.80
2009.07.30 07:00:45.454,0.85545,0.85555,3.20,21.00
2009.07.30 07:00:46.554,0.85545,0.85555,8.00,3.20
2009.07.30 07:00:46.904,0.85545,0.85555,8.00,10.60
2009.07.30 07:00:47.344,0.85545,0.85555,8.00,11.40
2009.07.30 07:00:47.754,0.85545,0.85555,8.00,3.20
2009.07.30 07:00:48.156,0.85545,0.85555,3.20,13.60
2009.07.30 07:00:48.575,0.85545,0.85555,3.20,21.00
2009.07.30 07:00:48.983,0.85545,0.85555,3.20,21.80
2009.07.30 07:00:49.493,0.8554,0.8555,8.00,3.20
2009.07.30 07:00:51.783,0.8554,0.8555,16.40,3.20
2009.07.30 07:00:54.692,0.8554,0.8555,6.80,3.20
2009.07.30 07:00:55.162,0.8554,0.8555,10.00,3.20
2009.07.30 07:00:55.792,0.8554,0.8555,6.80,3.20
2009.07.30 07:00:56.302,0.8554,0.8555,6.80,13.60
2009.07.30 07:00:56.652,0.8554,0.8555,16.40,3.20
2009.07.30 07:00:56.982,0.85545,0.85555,3.20,29.60
2009.07.30 07:00:57.381,0.8554,0.85555,16.40,29.80
2009.07.30 07:00:57.851,0.8554,0.85555,8.00,21.20
2009.07.30 07:00:58.251,0.8554,0.8555,8.00,3.20
2009.07.30 07:00:58.901,0.8554,0.85555,8.00,37.20
2009.07.30 07:00:59.351,0.8554,0.8555,8.00,3.20
2009.07.30 07:01:02.182,0.85545,0.8556,15.80,14.40
2009.07.30 07:01:02.700,0.85545,0.8556,7.20,21.80
2009.07.30 07:01:03.050,0.8554,0.8555,34.20,3.20
2009.07.30 07:01:03.340,0.8554,0.8555,7.20,3.20
2009.07.30 07:01:03.780,0.8554,0.8555,8.00,3.20
2009.07.30 07:01:04.470,0.8554,0.8555,14.40,3.20
2009.07.30 07:01:04.860,0.8555,0.8556,4.80,20.50
2009.07.30 07:01:05.259,0.85545,0.85555,2.00,13.60
2009.07.30 07:01:05.671,0.8554,0.85555,16.40,29.60
2009.07.30 07:01:06.301,0.8553,0.8554,17.60,13.40
2009.07.30 07:01:06.889,0.8553,0.8554,12.80,1.20
2009.07.30 07:01:07.239,0.8553,0.8554,4.80,1.20
2009.07.30 07:01:07.780,0.8553,0.8554,8.00,13.40
2009.07.30 07:01:08.119,0.85525,0.8554,33.60,13.40
2009.07.30 07:01:08.509,0.8553,0.8554,4.80,13.40
2009.07.30 07:01:09.468,0.85535,0.8554,4.80,6.00
2009.07.30 07:01:09.648,0.85525,0.8554,17.60,29.40
2009.07.30 07:01:12.338,0.8551,0.8552,18.40,3.20
2009.07.30 07:01:13.018,0.85505,0.8552,48.60,3.20
2009.07.30 07:01:13.358,0.8551,0.8552,20.40,3.20
2009.07.30 07:01:14.147,0.85515,0.85525,8.00,9.00
2009.07.30 07:01:14.547,0.85515,0.85525,8.00,11.40
2009.07.30 07:01:14.897,0.85515,0.85525,8.00,10.60
2009.07.30 07:01:16.337,0.85515,0.85525,8.00,1.20
2009.07.30 07:01:16.907,0.85515,0.85525,4.80,13.60
2009.07.30 07:01:17.377,0.8552,0.8553,4.80,26.60
2009.07.30 07:01:17.616,0.85515,0.8553,23.60,19.20
2009.07.30 07:01:20.336,0.8552,0.85535,18.40,8.20
2009.07.30 07:01:20.926,0.8552,0.8553,18.40,4.80
2009.07.30 07:01:21.266,0.85525,0.85535,4.80,11.40
2009.07.30 07:01:21.666,0.8552,0.8553,18.40,21.00
2009.07.30 07:01:22.795,0.8552,0.8553,18.40,3.20
2009.07.30 07:01:23.195,0.8552,0.8553,8.00,10.60
2009.07.30 07:01:24.635,0.85525,0.8553,19.20,3.20
2009.07.30 07:01:25.095,0.8553,0.85535,13.60,19.70
2009.07.30 07:01:25.725,0.8553,0.85535,3.20,8.20
2009.07.30 07:01:26.864,0.8553,0.8554,8.00,32.20
2009.07.30 07:01:27.334,0.8553,0.8554,13.60,34.60
2009.07.30 07:01:27.784,0.85535,0.8554,3.20,21.80
2009.07.30 07:01:28.174,0.8553,0.8554,8.00,13.00
2009.07.30 07:01:28.974,0.8553,0.85535,3.20,7.40
2009.07.30 07:01:29.444,0.8553,0.85535,3.20,6.40
2009.07.30 07:01:29.954,0.8553,0.8554,16.00,17.80
2009.07.30 07:01:30.243,0.85535,0.8554,10.40,6.40
2009.07.30 07:01:30.523,0.85535,0.8554,10.40,13.80
2009.07.30 07:01:31.103,0.85535,0.8554,10.40,4.80
2009.07.30 07:01:31.443,0.85535,0.8554,10.40,13.00
2009.07.30 07:01:34.223,0.85525,0.85535,31.20,3.20
2009.07.30 07:01:34.673,0.85535,0.85545,3.20,16.20
2009.07.30 07:01:35.172,0.85535,0.8554,3.20,4.80
2009.07.30 07:01:35.742,0.85535,0.85545,3.20,10.60
2009.07.30 07:01:36.262,0.85535,0.8554,3.20,4.80
2009.07.30 07:01:37.772,0.8554,0.85545,3.20,6.40
2009.07.30 07:01:38.351,0.85535,0.85545,3.20,3.20
2009.07.30 07:01:38.671,0.85535,0.85545,3.20,14.60
2009.07.30 07:01:39.523,0.85535,0.85545,3.20,9.60
2009.07.30 07:01:40.021,0.85535,0.8555,3.20,36.20
2009.07.30 07:01:40.261,0.8554,0.8555,3.20,75.40
2009.07.30 07:01:40.971,0.8554,0.8555,3.20,41.00
2009.07.30 07:01:41.491,0.8553,0.85545,21.60,12.20
2009.07.30 07:01:42.031,0.8553,0.8554,21.60,4.80
2009.07.30 07:01:42.620,0.8553,0.85535,18.40,1.00
2009.07.30 07:01:43.650,0.8553,0.85535,10.40,1.00
2009.07.30 07:01:43.930,0.8553,0.85535,12.00,1.00
2009.07.30 07:01:44.391,0.8553,0.85535,10.40,1.00
2009.07.30 07:01:44.850,0.8553,0.85545,1.60,27.80
2009.07.30 07:01:45.680,0.8553,0.8554,1.60,3.40
2009.07.30 07:01:45.859,0.8553,0.85535,1.60,1.20
2009.07.30 07:01:47.409,0.8553,0.85535,1.60,2.00
2009.07.30 07:01:47.529,0.85525,0.85535,28.00,13.20
2009.07.30 07:01:47.919,0.85525,0.85535,29.60,13.20
2009.07.30 07:01:48.619,0.8553,0.85535,3.20,1.20
2009.07.30 07:01:48.959,0.8553,0.85535,3.20,2.80
2009.07.30 07:01:49.349,0.85525,0.85535,28.80,12.20
2009.07.30 07:01:49.969,0.85525,0.85535,38.40,14.80
2009.07.30 07:01:50.589,0.8553,0.85535,3.20,6.40
2009.07.30 07:01:51.098,0.8553,0.8554,3.20,10.60
2009.07.30 07:01:54.168,0.8553,0.85535,3.20,1.00
2009.07.30 07:01:55.038,0.8553,0.8554,3.20,10.60
2009.07.30 07:01:55.619,0.8553,0.8554,3.20,3.20
2009.07.30 07:01:57.087,0.8553,0.8554,3.20,10.80
2009.07.30 07:01:57.487,0.8553,0.8554,3.20,10.60
2009.07.30 07:01:57.767,0.8553,0.85535,3.20,1.00
2009.07.30 07:01:58.916,0.8553,0.8554,3.20,30.00
2009.07.30 07:01:59.466,0.8552,0.85525,24.20,1.00
2009.07.30 07:01:59.868,0.85525,0.8554,38.00,10.60
2009.07.30 07:02:03.965,0.85525,0.8554,38.00,12.20
2009.07.30 07:02:09.264,0.85525,0.8554,38.00,18.60
2009.07.30 07:02:09.374,0.85525,0.85535,29.60,4.80
2009.07.30 07:02:09.614,0.85525,0.85535,29.60,4.00
2009.07.30 07:02:10.005,0.85525,0.85535,16.00,16.80
2009.07.30 07:02:10.644,0.85515,0.8553,34.80,5.60
2009.07.30 07:02:10.984,0.8551,0.85535,37.40,65.00
2009.07.30 07:02:11.374,0.8551,0.85535,37.40,60.20
2009.07.30 07:02:12.273,0.8551,0.8553,37.40,16.00
2009.07.30 07:02:13.113,0.8551,0.8553,29.20,22.40
2009.07.30 07:02:13.385,0.8551,0.8553,29.60,45.00
2009.07.30 07:02:13.774,0.8551,0.8553,29.20,23.40
2009.07.30 07:02:15.083,0.85515,0.8552,18.80,3.20
2009.07.30 07:02:15.433,0.85515,0.8552,22.00,1.60
2009.07.30 07:02:16.003,0.8551,0.85515,13.60,1.00
2009.07.30 07:02:16.343,0.85505,0.8552,46.00,3.20
2009.07.30 07:02:16.622,0.85505,0.8552,46.00,3.20
2009.07.30 07:02:16.912,0.85505,0.8552,47.80,3.20
2009.07.30 07:02:18.102,0.85505,0.8551,14.00,1.60
2009.07.30 07:02:18.472,0.85505,0.85515,18.80,3.20
2009.07.30 07:02:18.582,0.855,0.85515,33.20,3.20
2009.07.30 07:02:19.051,0.85505,0.85515,26.80,5.60
2009.07.30 07:02:19.443,0.85505,0.8552,42.80,3.20
2009.07.30 07:02:19.892,0.8551,0.85525,26.80,3.20
2009.07.30 07:02:20.351,0.8551,0.8553,26.80,45.00
2009.07.30 07:02:20.641,0.85505,0.85525,48.00,15.40
2009.07.30 07:02:21.321,0.8551,0.85515,3.20,1.00
2009.07.30 07:02:21.661,0.85505,0.8552,41.20,4.80
2009.07.30 07:02:22.241,0.85505,0.8552,41.20,12.20
2009.07.30 07:02:22.691,0.85505,0.8552,41.20,11.20
2009.07.30 07:02:22.921,0.85505,0.8552,46.00,3.20
2009.07.30 07:02:23.271,0.85505,0.8552,47.60,3.20
2009.07.30 07:02:24.800,0.8551,0.8552,20.00,3.20
2009.07.30 07:02:25.041,0.8551,0.8552,26.80,3.20
2009.07.30 07:02:25.450,0.85515,0.8552,18.80,3.20
2009.07.30 07:02:25.620,0.85515,0.85525,22.00,3.20
2009.07.30 07:02:26.070,0.8552,0.8553,3.20,12.20
2009.07.30 07:02:26.420,0.8552,0.8553,3.20,14.60
2009.07.30 07:02:26.760,0.8552,0.8553,3.20,13.80
2009.07.30 07:02:27.090,0.85515,0.8553,19.20,21.00
2009.07.30 07:02:27.420,0.85515,0.8553,26.80,3.20
2009.07.30 07:02:27.700,0.85515,0.8553,23.20,17.00
2009.07.30 07:02:28.060,0.8551,0.8552,28.80,3.20
2009.07.30 07:02:28.179,0.85505,0.8552,42.80,3.20
2009.07.30 07:02:28.939,0.85505,0.8552,45.60,3.20
2009.07.30 07:02:33.918,0.85505,0.85515,16.80,4.80
2009.07.30 07:02:34.248,0.85505,0.85515,21.60,1.00
2009.07.30 07:02:34.818,0.855,0.85515,23.60,16.20
2009.07.30 07:02:35.158,0.855,0.85515,24.80,12.20
2009.07.30 07:02:35.667,0.855,0.8551,24.80,4.80
2009.07.30 07:02:36.298,0.855,0.8551,24.80,4.80
2009.07.30 07:02:36.877,0.855,0.8551,21.60,13.00
2009.07.30 07:02:37.157,0.855,0.8551,13.60,13.00
2009.07.30 07:02:37.497,0.855,0.8551,21.60,13.00
2009.07.30 07:02:37.777,0.855,0.8551,13.60,13.00
2009.07.30 07:02:38.537,0.855,0.85505,10.40,1.00
2009.07.30 07:02:39.047,0.85495,0.8551,42.80,13.80
2009.07.30 07:02:39.507,0.85495,0.8551,42.80,13.00
2009.07.30 07:02:39.737,0.85495,0.8551,42.80,10.60
2009.07.30 07:02:39.907,0.85495,0.85505,38.00,1.00
2009.07.30 07:02:40.237,0.85495,0.85505,42.40,1.60
2009.07.30 07:02:40.817,0.85495,0.8551,47.20,17.20
2009.07.30 07:02:41.446,0.85495,0.8551,55.60,10.60
2009.07.30 07:02:41.786,0.85495,0.85515,56.00,10.80
2009.07.30 07:02:42.146,0.855,0.8551,21.60,4.80
2009.07.30 07:02:42.586,0.855,0.8551,21.60,4.80
2009.07.30 07:02:43.066,0.85495,0.8551,56.00,7.20
2009.07.30 07:02:43.246,0.855,0.85515,13.60,12.40
2009.07.30 07:02:43.766,0.85505,0.8551,3.20,8.80
2009.07.30 07:02:45.325,0.85505,0.8551,3.20,7.20
2009.07.30 07:02:45.776,0.855,0.85505,13.60,7.40
2009.07.30 07:02:46.175,0.85495,0.855,39.20,1.60
2009.07.30 07:02:46.855,0.85495,0.855,32.80,4.80
2009.07.30 07:02:47.196,0.85495,0.855,19.60,4.80
2009.07.30 07:02:47.657,0.855,0.85505,3.20,1.00
2009.07.30 07:02:48.235,0.855,0.8551,3.20,17.80
2009.07.30 07:02:48.644,0.855,0.8551,3.20,18.80
2009.07.30 07:02:49.095,0.855,0.8551,3.20,22.80
2009.07.30 07:02:49.535,0.855,0.8551,3.20,22.00
2009.07.30 07:02:49.925,0.85495,0.855,7.20,7.40
2009.07.30 07:02:50.324,0.85495,0.855,8.00,15.40
2009.07.30 07:02:51.024,0.855,0.85505,3.20,7.40
2009.07.30 07:02:51.624,0.8549,0.855,21.60,15.40
2009.07.30 07:02:52.194,0.8549,0.855,13.60,12.20
2009.07.30 07:02:53.513,0.85495,0.855,3.20,5.80
2009.07.30 07:02:53.906,0.85495,0.855,10.40,4.80
2009.07.30 07:02:54.414,0.85495,0.855,3.20,4.80
2009.07.30 07:02:55.173,0.8549,0.855,8.40,4.80
2009.07.30 07:02:55.613,0.85495,0.85505,3.20,12.20
2009.07.30 07:02:55.903,0.8549,0.85505,13.60,12.20
2009.07.30 07:02:56.393,0.8549,0.855,20.00,4.80
2009.07.30 07:02:56.742,0.855,0.8551,13.60,44.40
2009.07.30 07:02:57.082,0.85495,0.85505,3.20,10.80
2009.07.30 07:02:57.602,0.85495,0.855,13.60,4.80
2009.07.30 07:02:58.132,0.855,0.8551,3.20,33.00
2009.07.30 07:02:58.302,0.855,0.8551,3.20,20.20
2009.07.30 07:02:58.712,0.855,0.85505,3.20,7.40
2009.07.30 07:02:58.882,0.85495,0.85505,3.20,17.80
2009.07.30 07:02:59.222,0.8549,0.85505,11.20,17.80
2009.07.30 07:02:59.732,0.8549,0.855,3.20,12.20
2009.07.30 07:03:00.432,0.8549,0.855,3.20,13.80
2009.07.30 07:03:00.892,0.85485,0.855,23.20,13.80
2009.07.30 07:03:01.391,0.85485,0.855,15.20,17.00
2009.07.30 07:03:01.961,0.85485,0.855,15.20,13.80
2009.07.30 07:03:03.731,0.85485,0.855,15.20,13.00
2009.07.30 07:03:06.210,0.85485,0.8549,10.40,7.40
2009.07.30 07:03:06.550,0.85485,0.85495,10.40,10.60
2009.07.30 07:03:06.900,0.85485,0.85495,16.00,3.40
2009.07.30 07:03:07.250,0.8548,0.85495,34.80,3.20
2009.07.30 07:03:07.600,0.8548,0.8549,34.80,3.20
2009.07.30 07:03:08.120,0.8548,0.8549,18.40,3.20
2009.07.30 07:03:08.712,0.8548,0.8549,26.40,3.20
2009.07.30 07:03:09.559,0.8548,0.85495,26.40,10.60
2009.07.30 07:03:10.039,0.8548,0.85495,18.40,10.60
2009.07.30 07:03:10.619,0.85485,0.8549,3.20,4.80
2009.07.30 07:03:11.599,0.8548,0.8549,18.40,10.60
2009.07.30 07:03:11.989,0.85485,0.8549,3.20,13.00
2009.07.30 07:03:12.329,0.8548,0.8549,3.20,17.00
2009.07.30 07:03:12.669,0.8548,0.8549,3.20,16.20
2009.07.30 07:03:13.638,0.8548,0.8549,3.20,17.80
2009.07.30 07:03:13.978,0.8548,0.8549,3.20,16.20
2009.07.30 07:03:14.428,0.8548,0.8549,3.20,17.80
2009.07.30 07:03:15.298,0.85485,0.8549,10.40,14.60
2009.07.30 07:03:15.718,0.8548,0.8549,13.60,3.20
2009.07.30 07:03:16.857,0.85485,0.8549,9.20,4.80
2009.07.30 07:03:17.388,0.8548,0.85485,8.00,3.20
2009.07.30 07:03:17.787,0.85475,0.85485,13.60,3.20
2009.07.30 07:03:17.958,0.85475,0.85485,10.40,3.20
2009.07.30 07:03:18.747,0.85475,0.8549,13.60,45.80
2009.07.30 07:03:19.197,0.85475,0.8549,13.60,26.60
2009.07.30 07:03:19.617,0.85475,0.8549,23.60,16.00
2009.07.30 07:03:19.967,0.85475,0.85495,23.60,38.60
2009.07.30 07:03:20.297,0.85475,0.8549,39.60,1.00
2009.07.30 07:03:21.516,0.85475,0.85495,34.80,23.60
2009.07.30 07:03:21.807,0.85475,0.8549,10.40,32.20
2009.07.30 07:03:22.037,0.85475,0.8549,10.40,40.20
2009.07.30 07:03:22.566,0.85475,0.8549,10.40,41.00
2009.07.30 07:03:22.736,0.85475,0.8549,10.40,35.40
2009.07.30 07:03:23.486,0.85475,0.8549,10.40,23.40
2009.07.30 07:03:23.656,0.85475,0.8549,10.40,35.40
2009.07.30 07:03:23.886,0.85475,0.8549,10.40,36.20
2009.07.30 07:03:24.516,0.8548,0.8549,4.80,22.40
2009.07.30 07:03:24.916,0.85485,0.8549,4.80,16.00
2009.07.30 07:03:25.266,0.8548,0.8549,3.20,29.60
2009.07.30 07:03:25.656,0.85475,0.85485,16.40,3.20
2009.07.30 07:03:26.065,0.85475,0.85485,32.40,3.20
2009.07.30 07:03:26.635,0.85475,0.8549,27.60,13.60
2009.07.30 07:03:27.245,0.8548,0.8549,3.20,13.60
2009.07.30 07:03:28.285,0.8548,0.8549,3.20,10.40
2009.07.30 07:03:28.935,0.85475,0.85485,32.40,3.20
2009.07.30 07:03:29.105,0.85475,0.85485,16.40,3.20
2009.07.30 07:03:30.134,0.8548,0.8549,2.40,13.60
2009.07.30 07:03:30.534,0.8548,0.8549,5.60,10.40
2009.07.30 07:03:30.834,0.8548,0.8549,5.60,13.60
2009.07.30 07:03:31.174,0.8548,0.8549,5.60,28.20
2009.07.30 07:03:31.564,0.8548,0.8549,10.40,3.20
2009.07.30 07:03:33.403,0.8548,0.8549,10.40,21.60
2009.07.30 07:03:33.674,0.8548,0.8549,10.40,36.00
2009.07.30 07:03:33.894,0.8548,0.85485,1.00,3.20
2009.07.30 07:03:34.125,0.85475,0.8548,4.80,3.20
2009.07.30 07:03:34.353,0.8547,0.8548,16.40,3.20
2009.07.30 07:03:35.033,0.8547,0.8548,8.00,3.20
2009.07.30 07:03:35.443,0.85465,0.85475,8.00,3.20
2009.07.30 07:03:35.893,0.8546,0.8547,26.80,4.00
2009.07.30 07:03:36.063,0.8546,0.8547,6.40,25.00
2009.07.30 07:03:36.483,0.85455,0.85465,4.80,3.20
2009.07.30 07:03:37.453,0.8545,0.8546,23.60,1.00
2009.07.30 07:03:37.912,0.8545,0.85465,17.20,16.20
2009.07.30 07:03:38.212,0.8545,0.85465,10.00,17.80
2009.07.30 07:03:38.573,0.85445,0.8546,31.20,13.60
2009.07.30 07:03:39.162,0.85445,0.8546,15.20,13.60
2009.07.30 07:03:39.623,0.85445,0.85455,15.20,3.20
2009.07.30 07:03:39.782,0.8545,0.8546,3.20,13.60
2009.07.30 07:03:40.122,0.8545,0.8546,2.00,13.60
2009.07.30 07:03:40.292,0.8545,0.8546,6.80,13.60
2009.07.30 07:03:40.642,0.8545,0.8546,16.40,13.60
2009.07.30 07:03:41.572,0.8545,0.8546,8.00,3.20
2009.07.30 07:03:42.621,0.8545,0.8546,3.20,13.60
2009.07.30 07:03:44.921,0.8545,0.8546,4.80,3.20
2009.07.30 07:03:45.842,0.85445,0.8546,23.60,3.20
2009.07.30 07:03:46.890,0.85445,0.8546,24.00,3.20
2009.07.30 07:03:47.170,0.8545,0.8546,4.80,3.20
2009.07.30 07:03:50.839,0.85445,0.8546,23.60,3.20
2009.07.30 07:03:51.539,0.85445,0.8546,24.00,3.20
2009.07.30 07:03:52.049,0.85445,0.85455,21.00,3.20
2009.07.30 07:03:52.609,0.85445,0.8546,34.40,11.40
2009.07.30 07:03:53.009,0.85445,0.85455,18.40,8.80
2009.07.30 07:03:53.359,0.8545,0.85455,3.20,4.00
2009.07.30 07:03:53.709,0.85445,0.85455,26.40,16.20
2009.07.30 07:03:54.389,0.8544,0.85445,10.40,4.00
2009.07.30 07:03:54.678,0.85445,0.8545,3.20,17.00
2009.07.30 07:03:55.368,0.8544,0.8545,3.20,34.60
2009.07.30 07:03:55.670,0.85445,0.8545,3.20,15.40
2009.07.30 07:03:56.138,0.85445,0.8545,13.60,18.60
2009.07.30 07:03:56.478,0.85445,0.8545,26.40,7.20
2009.07.30 07:03:56.868,0.8545,0.85455,3.20,6.40
2009.07.30 07:03:57.208,0.8545,0.8546,3.20,45.80
2009.07.30 07:03:57.798,0.8545,0.8546,4.80,3.20
2009.07.30 07:03:58.318,0.8545,0.85455,3.20,9.60
2009.07.30 07:03:58.488,0.8545,0.85455,3.20,6.40
2009.07.30 07:03:59.067,0.8545,0.85455,3.20,4.80
2009.07.30 07:03:59.828,0.8545,0.85455,18.40,1.00
2009.07.30 07:04:00.727,0.8545,0.85455,13.60,1.00
2009.07.30 07:04:01.127,0.85455,0.85465,13.60,8.20
2009.07.30 07:04:01.467,0.85455,0.8547,13.60,10.60
2009.07.30 07:04:01.817,0.85455,0.85465,13.60,3.20
2009.07.30 07:04:02.157,0.8546,0.85465,3.20,1.00
2009.07.30 07:04:02.737,0.85455,0.85465,3.20,3.20
2009.07.30 07:04:03.316,0.8545,0.8546,10.00,3.20
2009.07.30 07:04:03.616,0.8546,0.85465,4.80,5.30
2009.07.30 07:04:04.056,0.85455,0.8547,25.20,10.60
2009.07.30 07:04:04.616,0.8546,0.8547,3.20,10.60
2009.07.30 07:04:06.316,0.8546,0.8547,3.20,17.00
2009.07.30 07:04:06.886,0.8546,0.8547,3.20,10.60
2009.07.30 07:04:07.795,0.8546,0.8547,3.20,17.00
2009.07.30 07:04:08.496,0.8546,0.8547,3.20,10.60
2009.07.30 07:04:09.945,0.8546,0.8547,3.20,19.40
2009.07.30 07:04:10.285,0.8546,0.8547,3.20,10.60
2009.07.30 07:04:11.374,0.8546,0.8547,3.20,21.00
2009.07.30 07:04:11.715,0.8546,0.8547,3.20,25.80
2009.07.30 07:04:12.054,0.8546,0.85465,3.20,1.00
2009.07.30 07:04:12.556,0.85455,0.85465,3.20,1.60
2009.07.30 07:04:13.145,0.85455,0.85465,3.20,3.20
2009.07.30 07:04:13.314,0.8546,0.8547,3.20,35.40
2009.07.30 07:04:14.054,0.8546,0.85465,3.20,1.00
2009.07.30 07:04:14.464,0.85455,0.85465,3.20,13.80
2009.07.30 07:04:14.873,0.85455,0.85465,3.20,8.20
2009.07.30 07:04:15.103,0.8546,0.8547,3.20,36.60
2009.07.30 07:04:15.543,0.85455,0.85465,3.20,3.20
2009.07.30 07:04:18.033,0.8545,0.8546,31.60,1.00
2009.07.30 07:04:18.503,0.85455,0.8546,6.40,1.00
2009.07.30 07:04:18.963,0.85455,0.8546,3.20,1.00
2009.07.30 07:04:19.253,0.8545,0.8546,37.60,1.00
2009.07.30 07:04:19.712,0.85455,0.8547,3.20,21.00
2009.07.30 07:04:20.182,0.8546,0.8547,3.20,31.40
2009.07.30 07:04:20.552,0.8546,0.8547,3.20,26.60
2009.07.30 07:04:21.242,0.8546,0.8547,3.20,31.40
2009.07.30 07:04:21.782,0.8546,0.8547,3.20,26.60
2009.07.30 07:04:23.901,0.8546,0.8547,3.20,27.40
2009.07.30 07:04:25.301,0.8546,0.8547,3.20,26.60
2009.07.30 07:04:26.741,0.8546,0.8547,3.20,27.40
2009.07.30 07:04:27.841,0.8546,0.8547,3.20,26.60
2009.07.30 07:04:28.650,0.8546,0.8547,3.20,31.40
2009.07.30 07:04:29.150,0.85455,0.85465,3.20,1.00
2009.07.30 07:04:30.360,0.8546,0.85465,3.20,1.00
2009.07.30 07:04:31.790,0.8546,0.85465,13.60,8.20
2009.07.30 07:04:32.319,0.85455,0.85465,18.40,1.00
2009.07.30 07:04:33.179,0.8546,0.85465,3.20,1.00
2009.07.30 07:04:34.299,0.85455,0.85465,18.40,1.00
2009.07.30 07:04:35.349,0.8546,0.85465,3.20,1.00
2009.07.30 07:04:41.717,0.8546,0.85465,4.80,1.00
2009.07.30 07:04:42.757,0.8546,0.85465,8.00,2.40
2009.07.30 07:04:43.057,0.8546,0.85465,8.00,1.00
2009.07.30 07:04:43.627,0.8546,0.85465,3.20,1.00
2009.07.30 07:04:43.737,0.8546,0.85465,8.00,1.00
2009.07.30 07:04:43.977,0.85465,0.8547,3.20,8.30
2009.07.30 07:04:44.087,0.8546,0.85465,8.00,1.00
2009.07.30 07:04:45.236,0.8546,0.85465,18.40,1.00
2009.07.30 07:04:46.386,0.8546,0.85465,8.00,1.00
2009.07.30 07:04:47.206,0.8546,0.85465,8.00,1.00
2009.07.30 07:04:51.435,0.85465,0.8547,3.20,6.20
2009.07.30 07:04:58.273,0.8546,0.85465,18.40,1.00
2009.07.30 07:04:58.563,0.8546,0.85465,8.00,1.00
2009.07.30 07:04:58.923,0.8546,0.85465,3.20,1.00
2009.07.30 07:05:00.173,0.8546,0.85465,8.00,1.00
2009.07.30 07:05:00.693,0.8546,0.85465,3.20,1.00
2009.07.30 07:05:01.852,0.85455,0.85465,8.00,10.60
2009.07.30 07:05:02.352,0.8545,0.8546,8.00,3.20
2009.07.30 07:05:02.932,0.8545,0.8546,3.20,10.60
2009.07.30 07:05:03.342,0.8545,0.8546,3.20,31.40
2009.07.30 07:05:03.693,0.8544,0.8545,17.60,3.20
2009.07.30 07:05:04.092,0.8544,0.8545,10.00,3.20
2009.07.30 07:05:04.572,0.85445,0.85455,4.80,17.60
2009.07.30 07:05:04.801,0.85445,0.8546,15.20,37.80
2009.07.30 07:05:05.321,0.85445,0.85455,15.20,1.00
2009.07.30 07:05:05.661,0.85455,0.8546,3.20,32.20
2009.07.30 07:05:08.191,0.8545,0.85455,3.20,1.00
2009.07.30 07:05:08.481,0.8545,0.85455,3.20,1.60
2009.07.30 07:05:09.601,0.8545,0.85455,3.20,9.00
2009.07.30 07:05:09.710,0.8545,0.85455,3.20,8.20
2009.07.30 07:05:12.120,0.8545,0.8546,3.20,22.00
2009.07.30 07:05:12.469,0.8545,0.85455,3.20,1.60
2009.07.30 07:05:13.389,0.8544,0.8545,34.80,3.20
2009.07.30 07:05:13.500,0.8544,0.8545,28.40,3.20
2009.07.30 07:05:13.919,0.8544,0.8545,20.40,3.20
2009.07.30 07:05:14.259,0.8544,0.8545,18.40,3.20
2009.07.30 07:05:15.229,0.8544,0.8545,28.80,3.20
2009.07.30 07:05:15.289,0.85445,0.8545,4.80,3.20
2009.07.30 07:05:15.349,0.8545,0.85455,3.20,13.00
2009.07.30 07:05:15.619,0.8545,0.8546,3.20,30.80
2009.07.30 07:05:15.679,0.85445,0.85455,3.20,11.40
2009.07.30 07:05:15.729,0.8544,0.8545,26.40,3.20
2009.07.30 07:05:15.789,0.85445,0.8545,10.40,3.20
2009.07.30 07:05:16.009,0.8544,0.8545,18.40,3.20
2009.07.30 07:05:16.639,0.85445,0.85455,3.20,34.60
2009.07.30 07:05:16.939,0.85445,0.8545,3.20,4.80
2009.07.30 07:05:17.858,0.8544,0.85445,3.20,1.60
2009.07.30 07:05:18.598,0.8544,0.8545,15.20,17.80
2009.07.30 07:05:19.028,0.8544,0.8545,8.00,3.20
2009.07.30 07:05:19.320,0.85445,0.8545,3.20,12.20
2009.07.30 07:05:19.728,0.8544,0.8545,23.20,6.60
2009.07.30 07:05:20.238,0.8544,0.8545,26.40,5.60
2009.07.30 07:05:20.418,0.8544,0.8545,21.60,5.60
2009.07.30 07:05:21.008,0.8544,0.8545,18.40,9.00
2009.07.30 07:05:21.618,0.8544,0.85455,26.40,9.00
2009.07.30 07:05:22.010,0.8545,0.85455,3.20,9.00
2009.07.30 07:05:22.528,0.8544,0.8545,15.20,4.80
2009.07.30 07:05:23.047,0.8544,0.8545,15.20,1.60
2009.07.30 07:05:23.347,0.8544,0.8545,15.20,5.60
2009.07.30 07:05:23.677,0.8544,0.8545,23.20,5.60
2009.07.30 07:05:24.487,0.8544,0.8545,23.20,7.40
2009.07.30 07:05:26.456,0.85445,0.8545,3.20,3.40
2009.07.30 07:05:27.036,0.8544,0.8545,23.20,2.60
2009.07.30 07:05:27.386,0.8544,0.8545,23.20,1.80
2009.07.30 07:05:28.586,0.85445,0.8545,4.80,6.60
2009.07.30 07:05:29.336,0.8544,0.8545,15.20,1.80
2009.07.30 07:05:29.636,0.8544,0.8545,15.20,2.60
2009.07.30 07:05:29.985,0.8544,0.8545,23.20,7.40
2009.07.30 07:05:30.937,0.8544,0.8545,25.20,6.60
2009.07.30 07:05:31.335,0.8544,0.8545,25.20,1.80
2009.07.30 07:05:34.275,0.8544,0.8545,17.20,1.60
2009.07.30 07:05:34.564,0.85445,0.8545,3.20,1.60
2009.07.30 07:05:34.974,0.8544,0.8545,17.20,1.60
2009.07.30 07:05:35.844,0.85445,0.8545,3.20,3.20
2009.07.30 07:05:36.244,0.85445,0.8545,3.20,6.40
2009.07.30 07:05:36.304,0.85445,0.8545,3.20,5.60
2009.07.30 07:05:36.744,0.8544,0.85455,17.20,7.40
2009.07.30 07:05:37.204,0.85445,0.8545,3.20,1.20
2009.07.30 07:05:37.664,0.85445,0.8545,3.20,4.80
2009.07.30 07:05:38.004,0.8544,0.8545,17.20,4.80
2009.07.30 07:05:38.413,0.8544,0.8545,17.20,1.00
2009.07.30 07:05:40.323,0.8544,0.8545,25.20,1.00
2009.07.30 07:05:41.843,0.85445,0.8545,4.80,1.00
2009.07.30 07:05:42.183,0.85445,0.85455,8.00,3.20
2009.07.30 07:05:42.513,0.8545,0.8546,18.40,21.00
2009.07.30 07:05:43.032,0.8545,0.8546,10.40,13.00
2009.07.30 07:05:43.672,0.8545,0.8546,15.20,13.00
2009.07.30 07:05:43.904,0.8545,0.8546,13.60,13.80
2009.07.30 07:05:46.222,0.8545,0.8546,3.20,17.00
2009.07.30 07:05:46.623,0.8545,0.8546,3.20,26.60
2009.07.30 07:05:47.192,0.85445,0.8546,11.20,22.60
2009.07.30 07:05:48.322,0.85445,0.8546,21.60,12.20
2009.07.30 07:05:48.721,0.8545,0.8546,8.00,3.20
2009.07.30 07:05:50.190,0.8545,0.85455,8.00,10.40
2009.07.30 07:05:50.581,0.85445,0.85455,24.40,10.40
2009.07.30 07:05:51.050,0.85445,0.8546,15.20,13.00
2009.07.30 07:05:51.560,0.85445,0.8546,23.60,9.00
2009.07.30 07:05:52.010,0.85445,0.8546,23.60,8.20
2009.07.30 07:05:52.870,0.85445,0.85465,24.40,43.40
2009.07.30 07:05:53.390,0.85445,0.8546,23.60,1.00
2009.07.30 07:05:53.890,0.85445,0.85455,8.40,10.40
2009.07.30 07:05:58.798,0.8545,0.85455,2.00,13.60
2009.07.30 07:05:59.408,0.85445,0.85455,18.00,13.60
2009.07.30 07:05:59.808,0.85445,0.85455,16.40,13.60
2009.07.30 07:06:00.148,0.8545,0.85455,4.00,3.20
2009.07.30 07:06:00.538,0.8545,0.8546,7.20,13.60
2009.07.30 07:06:00.820,0.8545,0.8546,8.80,1.00
2009.07.30 07:06:01.228,0.8545,0.8546,4.00,11.20
2009.07.30 07:06:01.568,0.8545,0.8546,4.00,9.00
2009.07.30 07:06:01.968,0.8545,0.8546,4.00,5.60
2009.07.30 07:06:02.488,0.8545,0.85465,8.80,23.40
2009.07.30 07:06:02.828,0.8545,0.85465,8.80,23.60
2009.07.30 07:06:03.178,0.8545,0.85455,8.80,1.00
2009.07.30 07:06:03.527,0.8545,0.8546,7.80,5.60
2009.07.30 07:06:03.877,0.8545,0.8546,7.80,4.80
2009.07.30 07:06:03.997,0.8545,0.85465,7.80,24.20
2009.07.30 07:06:04.407,0.8545,0.8546,7.80,1.00
2009.07.30 07:06:04.517,0.8545,0.8546,7.80,1.60
2009.07.30 07:06:05.077,0.8545,0.8546,7.80,1.00
2009.07.30 07:06:05.777,0.8545,0.85465,7.80,17.80
2009.07.30 07:06:06.367,0.8545,0.85465,7.80,23.40
2009.07.30 07:06:06.717,0.8545,0.85465,3.00,23.60
2009.07.30 07:06:07.057,0.8545,0.85465,3.00,34.80
2009.07.30 07:06:08.019,0.8545,0.8546,10.00,5.60
2009.07.30 07:06:08.416,0.8545,0.8546,10.00,1.00
2009.07.30 07:06:08.876,0.8545,0.85465,7.80,23.40
2009.07.30 07:06:10.386,0.8545,0.85465,8.00,23.40
2009.07.30 07:06:10.496,0.8545,0.85465,10.20,17.80
2009.07.30 07:06:10.906,0.8545,0.85465,10.00,17.80
2009.07.30 07:06:11.466,0.8545,0.85465,7.80,24.20
2009.07.30 07:06:11.765,0.8545,0.8546,7.80,4.80
2009.07.30 07:06:12.115,0.8545,0.8546,4.80,4.80
2009.07.30 07:06:12.635,0.85445,0.85465,39.60,34.00
2009.07.30 07:06:13.245,0.85445,0.8546,39.60,6.60
2009.07.30 07:06:13.365,0.8545,0.8546,4.80,6.40
2009.07.30 07:06:13.755,0.8545,0.85465,13.20,10.40
2009.07.30 07:06:13.925,0.8545,0.85465,8.40,10.40
2009.07.30 07:06:14.165,0.8545,0.85465,2.00,17.80
2009.07.30 07:06:14.695,0.8545,0.85465,13.20,10.40
2009.07.30 07:06:14.865,0.8545,0.85455,13.20,10.40
2009.07.30 07:06:15.135,0.8544,0.8545,24.10,3.20
2009.07.30 07:06:15.574,0.8544,0.8545,29.60,3.20
2009.07.30 07:06:15.874,0.8544,0.8545,16.80,3.20
2009.07.30 07:06:17.154,0.8544,0.8545,18.40,3.20
2009.07.30 07:06:17.454,0.8545,0.85465,4.80,46.00
2009.07.30 07:06:17.804,0.8545,0.85455,4.80,11.20
2009.07.30 07:06:18.264,0.8545,0.85465,8.80,27.40
2009.07.30 07:06:18.324,0.8545,0.85465,8.80,19.40
2009.07.30 07:06:18.804,0.8545,0.8546,8.80,1.00
2009.07.30 07:06:20.544,0.8545,0.8546,4.00,1.00
2009.07.30 07:06:21.303,0.8545,0.85455,3.60,1.60
2009.07.30 07:06:21.533,0.8545,0.8546,6.80,2.60
2009.07.30 07:06:22.043,0.8544,0.8545,19.00,1.00
2009.07.30 07:06:22.573,0.85455,0.8546,3.20,20.50
2009.07.30 07:06:24.292,0.85455,0.8546,3.20,1.60
2009.07.30 07:06:25.142,0.85455,0.85465,3.20,11.60
2009.07.30 07:06:25.662,0.85455,0.8546,3.20,3.20
2009.07.30 07:06:25.722,0.85455,0.85465,3.20,13.20
2009.07.30 07:06:26.172,0.85455,0.85465,3.20,15.20
2009.07.30 07:06:26.732,0.85455,0.85465,10.40,10.80
2009.07.30 07:06:27.312,0.8545,0.85465,13.20,10.40
2009.07.30 07:06:28.751,0.8545,0.85465,6.80,17.80
2009.07.30 07:06:29.161,0.8545,0.85465,2.00,17.80
2009.07.30 07:06:29.611,0.8545,0.85465,2.00,33.80
2009.07.30 07:06:30.071,0.85445,0.8546,18.40,12.20
2009.07.30 07:06:30.541,0.85455,0.8546,3.20,28.20
2009.07.30 07:06:31.531,0.85455,0.8546,3.20,31.40
2009.07.30 07:06:32.110,0.85455,0.8546,3.20,10.40
2009.07.30 07:06:33.450,0.85455,0.8546,3.20,2.60
2009.07.30 07:06:33.800,0.85455,0.8546,3.20,17.80
2009.07.30 07:06:34.130,0.85455,0.8546,3.20,14.60
2009.07.30 07:06:34.310,0.85455,0.8546,3.20,19.40
2009.07.30 07:06:34.660,0.8545,0.8546,8.00,3.20
2009.07.30 07:06:34.890,0.85455,0.8546,3.20,10.40
2009.07.30 07:06:35.120,0.85445,0.8546,41.20,1.00
2009.07.30 07:06:35.340,0.8545,0.85465,6.80,32.80
2009.07.30 07:06:35.620,0.85455,0.85465,8.40,18.40
2009.07.30 07:06:36.010,0.85455,0.85465,11.60,3.20
2009.07.30 07:06:36.180,0.8546,0.8547,3.20,38.60
2009.07.30 07:06:36.929,0.8545,0.8546,20.00,1.60
2009.07.30 07:06:37.270,0.8545,0.85465,15.20,16.20
2009.07.30 07:06:37.569,0.8545,0.8546,13.60,8.20
2009.07.30 07:06:37.979,0.8545,0.85465,10.40,38.60
2009.07.30 07:06:38.329,0.8545,0.8546,10.40,1.60
2009.07.30 07:06:39.169,0.8545,0.8546,10.40,1.00
2009.07.30 07:06:41.028,0.8545,0.8546,10.40,3.20
2009.07.30 07:06:42.981,0.8545,0.8546,10.40,10.60
2009.07.30 07:06:43.278,0.8545,0.8546,3.20,16.20
2009.07.30 07:06:43.558,0.8545,0.8546,3.20,10.60
2009.07.30 07:06:47.929,0.8545,0.85465,26.80,16.00
2009.07.30 07:06:48.287,0.8545,0.85465,22.00,19.20
2009.07.30 07:06:48.677,0.85455,0.85465,3.40,3.20
2009.07.30 07:06:48.957,0.8546,0.85465,3.20,3.20
2009.07.30 07:06:49.297,0.8546,0.8547,3.20,15.20
2009.07.30 07:06:49.696,0.85455,0.85465,11.60,3.20
2009.07.30 07:06:50.047,0.85455,0.8546,8.40,3.20
2009.07.30 07:06:50.286,0.8546,0.8547,3.20,37.80
2009.07.30 07:06:50.566,0.85455,0.85465,3.20,13.60
2009.07.30 07:06:52.645,0.85455,0.85465,3.20,3.20
2009.07.30 07:06:53.036,0.85455,0.85465,8.40,3.20
2009.07.30 07:06:53.596,0.85455,0.85465,3.20,13.60
2009.07.30 07:06:53.962,0.8545,0.85455,4.80,1.00
2009.07.30 07:06:54.355,0.8545,0.85455,15.20,1.60
2009.07.30 07:06:54.695,0.8545,0.8546,22.00,3.20
2009.07.30 07:06:55.045,0.85455,0.8546,3.20,1.00
2009.07.30 07:06:55.345,0.85455,0.85465,3.20,21.80
2009.07.30 07:06:56.385,0.8546,0.85465,3.20,26.20
2009.07.30 07:06:56.965,0.8546,0.85465,3.20,10.00
2009.07.30 07:06:57.485,0.8546,0.85465,3.20,9.00
2009.07.30 07:06:58.244,0.8546,0.8547,3.20,44.60
2009.07.30 07:06:58.484,0.8546,0.8547,3.20,44.40
2009.07.30 07:06:58.704,0.8546,0.85465,3.20,9.60
2009.07.30 07:06:58.874,0.8546,0.8547,3.20,39.60
2009.07.30 07:06:59.224,0.8546,0.85465,3.20,3.20
2009.07.30 07:06:59.384,0.8546,0.85465,3.20,10.40
2009.07.30 07:06:59.734,0.8546,0.85465,3.20,7.40
2009.07.30 07:06:59.914,0.85455,0.85465,3.20,26.60
2009.07.30 07:07:00.324,0.85455,0.8546,3.20,1.00
2009.07.30 07:07:00.734,0.85455,0.8546,3.20,5.60
2009.07.30 07:07:01.134,0.85455,0.85465,3.20,21.80
2009.07.30 07:07:01.553,0.85455,0.8546,3.20,2.60
2009.07.30 07:07:01.893,0.85455,0.8546,3.20,5.60
2009.07.30 07:07:02.234,0.8545,0.8546,3.20,7.20
2009.07.30 07:07:02.563,0.8545,0.8546,3.20,8.00
2009.07.30 07:07:03.073,0.85455,0.8546,3.20,12.80
2009.07.30 07:07:03.313,0.85455,0.8546,3.20,12.20
2009.07.30 07:07:03.703,0.85455,0.8546,3.20,10.40
2009.07.30 07:07:03.813,0.85455,0.8546,3.20,7.20
2009.07.30 07:07:04.273,0.85455,0.8546,3.20,7.20
2009.07.30 07:07:04.493,0.8545,0.8546,3.20,7.20
2009.07.30 07:07:05.223,0.85455,0.8546,3.20,14.60
2009.07.30 07:07:05.633,0.85455,0.8546,3.20,10.40
2009.07.30 07:07:05.992,0.8545,0.85465,3.20,22.60
2009.07.30 07:07:06.462,0.85455,0.85465,3.20,22.60
2009.07.30 07:07:06.802,0.8545,0.8546,3.20,10.60
2009.07.30 07:07:07.452,0.8545,0.8546,3.20,3.20
2009.07.30 07:07:07.802,0.8545,0.8546,8.00,3.20
2009.07.30 07:07:08.152,0.8545,0.85455,4.80,10.40
2009.07.30 07:07:08.382,0.85445,0.85455,11.60,10.40
2009.07.30 07:07:12.131,0.8545,0.8546,3.20,13.60
2009.07.30 07:07:15.820,0.8545,0.8546,3.20,26.60
2009.07.30 07:07:16.170,0.8545,0.85455,3.20,1.00
2009.07.30 07:07:16.580,0.8545,0.85455,3.20,1.60
2009.07.30 07:07:16.930,0.8545,0.85455,3.20,1.00
2009.07.30 07:07:17.590,0.8545,0.8546,3.20,21.00
2009.07.30 07:07:18.509,0.8545,0.8546,3.20,34.60
2009.07.30 07:07:18.969,0.8545,0.8546,3.20,35.40
2009.07.30 07:07:19.779,0.85445,0.8546,8.00,21.80
2009.07.30 07:07:20.069,0.8545,0.85455,3.20,1.00
2009.07.30 07:07:21.818,0.85445,0.85455,8.00,1.00
2009.07.30 07:07:22.978,0.8545,0.85455,3.20,1.00
2009.07.30 07:07:23.218,0.85445,0.85455,8.00,1.00
2009.07.30 07:07:23.558,0.85445,0.8546,8.00,21.80
2009.07.30 07:07:23.678,0.85445,0.8546,8.00,21.00
2009.07.30 07:07:24.068,0.8545,0.8546,3.20,29.80
2009.07.30 07:07:24.238,0.8545,0.85455,3.20,1.00
2009.07.30 07:07:24.738,0.8545,0.8546,3.20,33.80
2009.07.30 07:07:24.858,0.8545,0.8546,3.20,37.00
2009.07.30 07:07:25.088,0.8545,0.85455,3.20,1.60
2009.07.30 07:07:25.688,0.8545,0.85455,3.20,1.00
2009.07.30 07:07:25.868,0.85445,0.85455,3.20,1.60
2009.07.30 07:07:26.438,0.85445,0.85455,3.20,9.00
2009.07.30 07:07:26.777,0.85445,0.85455,3.20,10.60
2009.07.30 07:07:27.307,0.85445,0.85455,3.20,15.40
2009.07.30 07:07:30.047,0.85445,0.85455,3.20,10.60
2009.07.30 07:07:30.166,0.85445,0.85455,3.20,20.20
2009.07.30 07:07:30.628,0.85445,0.8545,3.20,1.60
2009.07.30 07:07:30.796,0.85445,0.8545,3.20,6.40
2009.07.30 07:07:31.956,0.8544,0.8545,15.20,6.40
2009.07.30 07:07:32.876,0.8544,0.8545,23.20,6.40
2009.07.30 07:07:33.106,0.8545,0.85455,3.00,12.20
2009.07.30 07:07:33.276,0.8545,0.85455,3.00,12.20
2009.07.30 07:07:34.225,0.8545,0.85455,3.00,11.40
2009.07.30 07:07:34.695,0.85445,0.85455,7.80,3.20
2009.07.30 07:07:34.816,0.8545,0.8546,3.00,40.20
2009.07.30 07:07:35.895,0.85445,0.8546,7.80,40.20
2009.07.30 07:07:37.005,0.85445,0.8546,7.80,39.40
2009.07.30 07:07:37.924,0.8545,0.8546,3.20,39.40
2009.07.30 07:07:41.434,0.85445,0.8545,3.20,16.00
2009.07.30 07:07:42.823,0.85445,0.85455,3.20,17.80
2009.07.30 07:07:43.513,0.8545,0.85455,3.20,17.80
2009.07.30 07:07:43.743,0.8545,0.85455,3.20,18.60
2009.07.30 07:07:44.133,0.85445,0.85455,3.20,18.60
2009.07.30 07:07:46.763,0.8544,0.8545,4.80,13.60
2009.07.30 07:07:48.232,0.8544,0.8545,3.20,13.60
2009.07.30 07:08:01.279,0.8544,0.8545,3.20,29.00
2009.07.30 07:08:01.629,0.8544,0.85445,3.20,1.60
2009.07.30 07:08:02.309,0.8544,0.8545,3.20,21.00
2009.07.30 07:08:11.967,0.8544,0.8545,3.20,20.00
2009.07.30 07:08:12.307,0.8544,0.8545,3.20,13.60
2009.07.30 07:08:15.716,0.8544,0.8545,8.00,13.60
2009.07.30 07:08:16.116,0.8544,0.8545,3.20,13.60
2009.07.30 07:08:19.096,0.85435,0.8545,16.40,13.60
2009.07.30 07:08:19.605,0.85435,0.85445,3.20,14.40
2009.07.30 07:08:19.905,0.85435,0.8544,3.20,1.00
2009.07.30 07:08:20.246,0.85435,0.85445,3.20,14.40
2009.07.30 07:08:20.938,0.85435,0.8544,3.20,1.00
2009.07.30 07:08:21.934,0.85435,0.85445,3.20,14.40
2009.07.30 07:08:22.274,0.85435,0.85445,18.40,4.00
2009.07.30 07:08:22.864,0.8544,0.85445,3.20,5.60
2009.07.30 07:08:23.484,0.8544,0.8545,3.20,21.80
2009.07.30 07:08:23.783,0.8544,0.8545,3.20,17.80
2009.07.30 07:08:23.935,0.8544,0.8545,3.20,3.20
2009.07.30 07:08:24.834,0.8544,0.8545,3.20,4.80
2009.07.30 07:08:25.403,0.8544,0.8545,3.20,3.20
2009.07.30 07:08:26.103,0.8544,0.8545,16.40,3.20
2009.07.30 07:08:26.553,0.8544,0.8545,5.20,3.20
2009.07.30 07:08:27.253,0.8544,0.8545,3.20,13.00
2009.07.30 07:08:27.773,0.8544,0.8545,3.20,3.20
2009.07.30 07:08:36.970,0.8544,0.8545,3.20,22.60
2009.07.30 07:08:38.660,0.8544,0.8545,3.20,23.40
2009.07.30 07:08:39.231,0.8544,0.8545,3.20,22.60
2009.07.30 07:08:39.970,0.8544,0.8545,3.20,24.20
2009.07.30 07:08:40.140,0.85435,0.8545,36.40,10.60
2009.07.30 07:08:40.650,0.8544,0.8545,3.20,32.20
2009.07.30 07:08:41.069,0.8544,0.85445,3.20,1.60
2009.07.30 07:08:41.349,0.8544,0.85445,3.20,9.60
2009.07.30 07:08:42.969,0.8544,0.85445,3.20,6.40
2009.07.30 07:08:43.499,0.8544,0.8545,3.20,4.80
2009.07.30 07:08:43.789,0.85435,0.8545,42.80,4.80
2009.07.30 07:08:44.309,0.8544,0.85445,3.20,6.40
2009.07.30 07:08:44.989,0.85435,0.85445,34.40,7.20
2009.07.30 07:08:45.288,0.8544,0.85445,3.20,8.00
2009.07.30 07:08:45.689,0.8544,0.85445,3.20,14.60
2009.07.30 07:08:46.088,0.85435,0.8545,34.40,13.00
2009.07.30 07:08:46.688,0.85435,0.8545,18.40,13.00
2009.07.30 07:08:46.808,0.85435,0.8545,18.40,11.40
2009.07.30 07:08:47.979,0.8544,0.8545,3.20,10.60
2009.07.30 07:08:55.736,0.8544,0.8545,3.20,10.60
2009.07.30 07:08:56.136,0.8544,0.8545,3.20,3.20
2009.07.30 07:09:03.614,0.85445,0.85455,3.20,38.00
2009.07.30 07:09:06.404,0.8544,0.8545,3.20,10.60
2009.07.30 07:09:06.994,0.8544,0.8545,3.20,4.20
2009.07.30 07:09:07.563,0.8544,0.8545,3.20,3.20
2009.07.30 07:09:09.383,0.85435,0.85445,18.40,1.00
2009.07.30 07:09:09.733,0.85435,0.8545,42.80,3.20
2009.07.30 07:09:10.602,0.8544,0.8545,3.20,10.60
2009.07.30 07:09:10.943,0.8544,0.8545,3.20,21.00
2009.07.30 07:09:12.332,0.85445,0.8545,3.20,17.80
2009.07.30 07:09:12.962,0.85445,0.8545,3.20,10.40
2009.07.30 07:09:13.262,0.85445,0.8545,3.20,16.00
2009.07.30 07:09:16.361,0.8544,0.8545,3.20,11.60
2009.07.30 07:09:16.762,0.8544,0.85445,3.20,6.40
2009.07.30 07:09:17.341,0.8544,0.85445,3.20,1.60
2009.07.30 07:09:18.271,0.8544,0.8545,3.20,3.20
2009.07.30 07:09:22.400,0.85435,0.8545,34.80,10.40
2009.07.30 07:09:22.740,0.85435,0.8545,34.80,10.60
2009.07.30 07:09:22.969,0.85435,0.8545,42.80,10.60
2009.07.30 07:09:23.999,0.85435,0.8545,42.80,3.20
2009.07.30 07:09:24.279,0.85435,0.8545,34.80,4.20
2009.07.30 07:09:24.700,0.85435,0.85445,42.80,3.20
2009.07.30 07:09:25.049,0.8544,0.8545,3.20,3.20
2009.07.30 07:09:25.460,0.8544,0.8545,8.00,3.20
2009.07.30 07:09:25.919,0.8544,0.8545,10.00,3.20
2009.07.30 07:09:26.319,0.8544,0.8545,11.60,3.20
2009.07.30 07:09:26.829,0.8544,0.8545,10.00,3.20
2009.07.30 07:09:27.998,0.8544,0.8545,3.20,3.20
2009.07.30 07:09:28.698,0.8544,0.8545,3.20,10.60
2009.07.30 07:09:29.058,0.8544,0.85445,3.20,1.00
2009.07.30 07:09:29.688,0.8544,0.8545,3.20,3.20
2009.07.30 07:09:30.038,0.8544,0.8545,3.20,4.20
2009.07.30 07:09:30.248,0.8544,0.8545,3.20,10.60
2009.07.30 07:09:30.629,0.8544,0.8545,8.00,9.60
2009.07.30 07:09:30.908,0.8544,0.8545,8.00,3.20
2009.07.30 07:09:32.647,0.8545,0.85455,3.20,8.20
2009.07.30 07:09:32.987,0.85445,0.8545,8.00,1.00
2009.07.30 07:09:33.287,0.85445,0.8546,8.00,22.60
2009.07.30 07:09:33.567,0.85445,0.8546,8.00,38.60
2009.07.30 07:09:33.947,0.85445,0.8546,8.00,22.60
2009.07.30 07:09:34.757,0.85445,0.8546,8.00,39.40
2009.07.30 07:09:34.816,0.85445,0.8545,8.00,1.60
2009.07.30 07:09:35.346,0.85445,0.85455,4.80,10.60
2009.07.30 07:09:35.646,0.85445,0.8545,8.00,1.60
2009.07.30 07:09:36.636,0.85445,0.85455,8.00,8.20
2009.07.30 07:09:36.926,0.85445,0.85455,8.00,8.20
2009.07.30 07:09:37.446,0.85445,0.85455,8.00,1.00
2009.07.30 07:09:37.686,0.8545,0.85455,3.20,1.00
2009.07.30 07:09:39.725,0.8545,0.8546,3.20,53.80
2009.07.30 07:09:39.785,0.8545,0.85455,3.20,1.00
2009.07.30 07:09:39.845,0.8545,0.8546,3.20,37.80
2009.07.30 07:09:40.135,0.8545,0.85455,3.20,1.00
2009.07.30 07:09:43.494,0.8545,0.8546,3.20,37.80
2009.07.30 07:09:43.774,0.8545,0.85455,3.20,1.00
2009.07.30 07:09:43.835,0.85445,0.8546,8.00,37.80
2009.07.30 07:09:44.344,0.85445,0.85455,8.00,1.00
2009.07.30 07:09:44.744,0.85445,0.8546,8.00,45.80
2009.07.30 07:09:45.024,0.8545,0.8546,3.20,45.80
2009.07.30 07:09:45.414,0.8545,0.85455,3.20,1.00
2009.07.30 07:09:45.814,0.8545,0.85455,3.20,1.20
2009.07.30 07:09:46.194,0.8545,0.85455,3.20,1.00
2009.07.30 07:09:47.064,0.85445,0.85455,8.00,12.20
2009.07.30 07:09:47.454,0.85445,0.85455,8.00,11.40
2009.07.30 07:09:48.084,0.8545,0.85455,3.20,9.00
2009.07.30 07:09:48.643,0.8545,0.85455,3.20,13.80
2009.07.30 07:09:49.313,0.85445,0.85455,3.20,27.40
2009.07.30 07:09:49.843,0.85445,0.85455,3.20,26.60
2009.07.30 07:09:50.003,0.85445,0.8545,3.20,1.60
2009.07.30 07:09:50.303,0.85445,0.8545,3.20,6.40
2009.07.30 07:09:50.583,0.85445,0.85455,3.20,21.00
2009.07.30 07:09:50.803,0.85445,0.8545,3.20,4.80
2009.07.30 07:09:51.303,0.85445,0.85455,3.20,22.60
2009.07.30 07:09:51.473,0.85445,0.85455,3.20,22.60
2009.07.30 07:09:52.223,0.8544,0.85455,8.00,21.00
2009.07.30 07:09:53.312,0.85445,0.85455,3.20,21.00
2009.07.30 07:09:53.422,0.85445,0.85455,3.20,27.40
2009.07.30 07:09:53.782,0.85445,0.85455,3.20,26.60
2009.07.30 07:09:58.131,0.85445,0.85455,3.20,22.60
2009.07.30 07:09:58.961,0.85445,0.85455,4.80,22.60
2009.07.30 07:10:01.470,0.85445,0.85455,3.20,22.60
2009.07.30 07:10:02.060,0.85445,0.85455,3.20,22.60
2009.07.30 07:10:05.549,0.85445,0.85455,3.20,29.00
2009.07.30 07:10:05.659,0.85445,0.85455,3.20,32.20
2009.07.30 07:10:07.199,0.85445,0.8545,3.20,1.60
2009.07.30 07:10:07.379,0.85445,0.8545,3.20,4.80
2009.07.30 07:10:08.128,0.85445,0.85455,3.20,32.20
2009.07.30 07:10:10.239,0.85445,0.85455,3.20,31.40
2009.07.30 07:10:10.588,0.85445,0.85455,3.20,13.60
2009.07.30 07:10:10.998,0.85445,0.85455,3.20,21.00
2009.07.30 07:10:11.498,0.85445,0.85455,8.00,13.60
2009.07.30 07:10:12.029,0.85445,0.85455,3.20,13.60
2009.07.30 07:10:13.188,0.85445,0.85455,3.20,21.80
2009.07.30 07:10:13.720,0.8544,0.8545,8.00,10.60
2009.07.30 07:10:14.347,0.8544,0.8545,3.20,3.20
2009.07.30 07:10:17.686,0.8544,0.8545,5.20,3.20
2009.07.30 07:10:18.136,0.85445,0.85455,3.20,12.80
2009.07.30 07:10:18.376,0.85445,0.85455,3.20,4.80
2009.07.30 07:10:19.296,0.85445,0.8545,3.20,4.80
2009.07.30 07:10:19.566,0.85445,0.85455,3.20,4.80
2009.07.30 07:10:20.076,0.85445,0.85455,3.20,10.60
2009.07.30 07:10:20.826,0.8545,0.85455,3.20,9.00
2009.07.30 07:10:21.236,0.8545,0.85455,3.20,10.60
2009.07.30 07:10:21.575,0.8544,0.8545,5.20,3.20
2009.07.30 07:10:22.145,0.8544,0.8545,3.20,3.20
2009.07.30 07:10:23.285,0.8544,0.8545,5.20,3.20
2009.07.30 07:10:23.515,0.85445,0.85455,3.20,26.60
2009.07.30 07:10:23.685,0.85445,0.85455,3.20,27.40
2009.07.30 07:10:23.965,0.85445,0.85455,3.20,33.80
2009.07.30 07:10:24.305,0.85445,0.8545,3.20,1.00
2009.07.30 07:10:24.765,0.85445,0.8545,3.20,4.80
2009.07.30 07:10:25.164,0.85445,0.85455,3.20,13.60
2009.07.30 07:10:25.555,0.8544,0.85455,8.20,21.00
2009.07.30 07:10:25.904,0.8544,0.85455,28.80,10.60
2009.07.30 07:10:26.304,0.8544,0.85455,28.40,10.60
2009.07.30 07:10:26.864,0.8544,0.85455,23.60,10.60
2009.07.30 07:10:27.434,0.8544,0.85455,21.60,10.60
2009.07.30 07:10:27.846,0.8544,0.8545,13.60,6.40
2009.07.30 07:10:28.414,0.8544,0.8545,13.60,13.00
2009.07.30 07:10:28.814,0.8544,0.8545,10.40,13.00
2009.07.30 07:10:29.274,0.8544,0.8545,13.60,4.80
2009.07.30 07:10:32.183,0.8544,0.8545,10.40,9.60
2009.07.30 07:10:34.093,0.8544,0.85445,10.40,3.20
2009.07.30 07:10:34.372,0.85435,0.85445,3.00,13.60
2009.07.30 07:10:34.722,0.85435,0.85445,3.00,20.00
2009.07.30 07:10:35.012,0.85435,0.85445,3.00,21.00
2009.07.30 07:10:42.550,0.8544,0.85445,3.20,4.00
2009.07.30 07:10:44.740,0.8544,0.85445,3.20,2.40
2009.07.30 07:10:45.089,0.8544,0.85445,3.20,1.00
2009.07.30 07:10:53.468,0.85435,0.85445,3.20,1.00
2009.07.30 07:10:53.808,0.8544,0.85445,3.20,1.00
2009.07.30 07:11:09.664,0.85445,0.8545,3.20,20.20
2009.07.30 07:11:09.784,0.85445,0.8545,3.20,15.40
2009.07.30 07:11:12.184,0.85435,0.85445,15.20,1.80
2009.07.30 07:11:12.763,0.85435,0.85445,15.20,8.20
2009.07.30 07:11:13.883,0.85435,0.85445,15.20,1.00
2009.07.30 07:11:16.032,0.8544,0.85445,15.20,1.00
2009.07.30 07:11:16.252,0.8544,0.85445,10.40,1.00
2009.07.30 07:11:16.992,0.8544,0.8545,8.00,13.60
2009.07.30 07:11:17.432,0.8544,0.8545,3.20,21.00
2009.07.30 07:11:19.021,0.8544,0.8545,3.20,31.40
2009.07.30 07:11:19.422,0.8544,0.8545,3.20,32.00
2009.07.30 07:11:19.871,0.8544,0.8545,3.20,33.60
2009.07.30 07:11:22.531,0.8544,0.8545,3.20,35.20
2009.07.30 07:11:23.990,0.8544,0.8545,3.20,33.60
2009.07.30 07:11:24.270,0.8544,0.8545,3.20,32.00
2009.07.30 07:11:24.830,0.85435,0.85445,8.00,3.20
2009.07.30 07:11:25.230,0.85435,0.85445,8.00,10.60
2009.07.30 07:11:25.630,0.85435,0.85445,8.00,3.20
2009.07.30 07:11:27.720,0.85435,0.85445,20.00,11.60
2009.07.30 07:11:28.349,0.85435,0.85445,18.40,3.20
2009.07.30 07:11:28.749,0.85435,0.85445,26.80,3.20
2009.07.30 07:11:29.219,0.8544,0.85445,3.20,1.60
2009.07.30 07:11:31.139,0.8544,0.85445,3.20,1.00
2009.07.30 07:11:32.978,0.8544,0.8545,8.00,16.20
2009.07.30 07:11:33.328,0.8544,0.8545,8.00,10.60
2009.07.30 07:11:33.858,0.8544,0.8545,8.00,3.20
2009.07.30 07:11:34.308,0.8544,0.8545,8.00,10.60
2009.07.30 07:11:34.708,0.85435,0.8544,5.60,1.00
2009.07.30 07:11:35.118,0.8544,0.85445,3.20,8.20
2009.07.30 07:11:35.628,0.85435,0.85445,8.00,10.60
2009.07.30 07:11:36.037,0.85435,0.85445,8.00,3.20
2009.07.30 07:11:37.357,0.85435,0.85445,8.00,11.40
2009.07.30 07:11:37.967,0.85435,0.85445,8.00,3.20
2009.07.30 07:11:40.536,0.85435,0.85445,26.80,3.20
2009.07.30 07:11:40.937,0.8544,0.8545,3.20,3.20
2009.07.30 07:11:41.286,0.8544,0.8545,3.20,4.20
2009.07.30 07:11:41.626,0.8544,0.8545,3.20,10.60
2009.07.30 07:11:42.206,0.85435,0.8545,28.40,3.20
2009.07.30 07:11:43.116,0.8544,0.8545,4.80,3.20
2009.07.30 07:11:43.696,0.8544,0.8545,3.20,3.20
2009.07.30 07:11:44.285,0.8544,0.8545,3.20,10.60
2009.07.30 07:11:45.155,0.8544,0.8545,3.20,10.80
2009.07.30 07:11:45.495,0.8544,0.8545,3.20,11.40
2009.07.30 07:11:45.785,0.8544,0.85445,3.20,1.00
2009.07.30 07:11:46.015,0.8544,0.8545,3.20,11.40
2009.07.30 07:11:46.315,0.8544,0.8545,3.20,10.60
2009.07.30 07:11:46.435,0.8544,0.8545,8.00,21.00
2009.07.30 07:11:46.785,0.8544,0.85445,3.20,1.00
2009.07.30 07:11:47.135,0.8544,0.8545,3.20,26.60
2009.07.30 07:11:47.655,0.8544,0.8545,3.20,21.00
2009.07.30 07:11:49.044,0.85435,0.8545,13.20,10.40
2009.07.30 07:11:49.454,0.8544,0.8545,10.40,5.60
2009.07.30 07:11:49.564,0.8544,0.8545,10.40,4.80
2009.07.30 07:11:52.484,0.8544,0.8545,6.40,13.60
2009.07.30 07:11:53.043,0.8544,0.8545,8.40,13.60
2009.07.30 07:11:53.393,0.8544,0.8545,6.40,13.60
2009.07.30 07:11:53.963,0.8544,0.8545,6.60,13.60
2009.07.30 07:11:56.162,0.8544,0.8545,10.00,13.60
2009.07.30 07:11:58.272,0.8544,0.8545,8.00,13.60
2009.07.30 07:11:58.892,0.8544,0.8545,10.00,13.60
2009.07.30 07:11:59.192,0.8544,0.8545,10.40,13.60
2009.07.30 07:11:59.483,0.8544,0.8545,10.00,13.60
2009.07.30 07:12:02.291,0.8544,0.8545,18.00,3.20
2009.07.30 07:12:04.041,0.8544,0.8545,3.20,13.60
2009.07.30 07:12:04.451,0.85435,0.85445,16.40,3.20
2009.07.30 07:12:05.720,0.85435,0.85445,16.80,3.20
2009.07.30 07:12:06.800,0.85435,0.85445,18.40,3.20
2009.07.30 07:12:07.080,0.85435,0.85445,18.00,3.20
2009.07.30 07:12:08.010,0.85435,0.85445,16.40,3.20
2009.07.30 07:12:14.018,0.85435,0.85445,8.00,13.60
2009.07.30 07:12:14.258,0.85435,0.85445,3.20,13.60
2009.07.30 07:12:15.518,0.8543,0.85445,24.40,13.60
2009.07.30 07:12:16.048,0.85435,0.85445,3.20,13.60
2009.07.30 07:12:17.368,0.8543,0.85445,24.40,13.60
2009.07.30 07:12:17.957,0.85435,0.85445,3.20,13.60
2009.07.30 07:12:29.315,0.85435,0.85445,3.20,21.00
2009.07.30 07:12:29.905,0.85435,0.85445,3.20,25.20
2009.07.30 07:12:31.774,0.85435,0.85445,3.20,28.40
2009.07.30 07:12:33.663,0.85435,0.85445,6.40,26.80
2009.07.30 07:12:33.893,0.85435,0.85445,6.40,25.20
2009.07.30 07:12:34.363,0.85435,0.85445,3.20,25.20
2009.07.30 07:12:34.593,0.85435,0.85445,6.40,25.20
2009.07.30 07:12:34.823,0.85435,0.85445,6.40,21.00
2009.07.30 07:12:35.333,0.85435,0.85445,6.40,25.20
2009.07.30 07:12:35.643,0.85435,0.85445,3.20,21.00
2009.07.30 07:12:35.943,0.85435,0.85445,6.40,25.20
2009.07.30 07:12:36.583,0.8544,0.85445,3.20,11.60
2009.07.30 07:12:37.003,0.8544,0.85445,3.20,4.00
2009.07.30 07:12:37.573,0.8544,0.85445,3.20,1.00
2009.07.30 07:12:38.142,0.85435,0.8545,21.60,11.40
2009.07.30 07:12:39.062,0.85435,0.85445,11.20,3.20
2009.07.30 07:12:41.571,0.85435,0.85445,11.20,13.60
2009.07.30 07:12:41.811,0.85435,0.85445,3.20,13.60
2009.07.30 07:12:42.101,0.85435,0.85445,6.40,13.60
2009.07.30 07:12:42.612,0.85435,0.8545,18.40,27.40
2009.07.30 07:12:43.011,0.8544,0.8545,3.20,46.20
2009.07.30 07:12:43.581,0.85435,0.8545,23.20,10.60
2009.07.30 07:12:43.761,0.8544,0.8545,3.20,22.60
2009.07.30 07:12:44.291,0.8544,0.8545,3.20,25.80
2009.07.30 07:12:48.340,0.85435,0.8545,21.60,25.80
2009.07.30 07:12:49.480,0.8544,0.8545,3.20,25.80
2009.07.30 07:12:49.990,0.8544,0.8545,8.00,25.80
2009.07.30 07:12:58.288,0.85435,0.8545,25.60,10.60
2009.07.30 07:12:58.588,0.85435,0.8545,11.40,21.00
2009.07.30 07:12:58.887,0.85435,0.8545,11.20,21.00
2009.07.30 07:12:59.807,0.85435,0.85445,11.20,3.20
2009.07.30 07:12:59.917,0.85435,0.8545,11.20,21.00
2009.07.30 07:13:00.017,0.8544,0.8545,3.20,33.00
2009.07.30 07:13:01.447,0.8544,0.8545,3.20,21.00
2009.07.30 07:13:03.549,0.8544,0.8545,3.20,32.20
2009.07.30 07:13:03.948,0.8544,0.8545,3.20,32.60
2009.07.30 07:13:04.306,0.8544,0.8545,8.00,13.60
2009.07.30 07:13:15.284,0.8544,0.8545,3.20,13.60
2009.07.30 07:13:32.250,0.8544,0.85445,3.20,1.00
2009.07.30 07:13:32.779,0.85435,0.8545,11.20,38.00
2009.07.30 07:13:33.119,0.8544,0.8545,3.20,49.40
2009.07.30 07:13:33.759,0.8544,0.8545,3.20,59.00
2009.07.30 07:13:34.259,0.85435,0.8545,11.20,37.00
2009.07.30 07:13:34.559,0.85435,0.85445,3.20,13.60
2009.07.30 07:13:35.359,0.85435,0.85445,13.60,3.20
2009.07.30 07:13:35.469,0.8544,0.85445,3.20,3.20
2009.07.30 07:13:35.929,0.85435,0.85445,21.60,3.20
2009.07.30 07:13:36.099,0.85435,0.8545,21.60,28.20
2009.07.30 07:13:36.329,0.8544,0.85445,3.20,1.60
2009.07.30 07:13:36.658,0.85435,0.8545,21.60,26.60
2009.07.30 07:13:38.978,0.85435,0.8545,21.60,27.40
2009.07.30 07:13:39.438,0.8544,0.85445,3.20,1.00
2009.07.30 07:13:39.828,0.85435,0.8545,21.60,27.40
2009.07.30 07:13:40.178,0.85435,0.8545,21.60,26.60
2009.07.30 07:13:40.528,0.8544,0.8545,3.20,39.00
2009.07.30 07:13:41.009,0.8544,0.8545,3.20,48.60
2009.07.30 07:13:44.716,0.85435,0.8545,21.60,48.60
2009.07.30 07:13:48.236,0.85435,0.85445,21.60,3.20
2009.07.30 07:13:49.425,0.8544,0.8545,3.20,48.60
2009.07.30 07:13:49.545,0.85435,0.85445,21.60,3.20
2009.07.30 07:13:50.055,0.8544,0.85445,3.20,1.00
2009.07.30 07:13:50.296,0.8544,0.8545,3.20,48.60
2009.07.30 07:13:50.595,0.85435,0.8545,28.00,47.00
2009.07.30 07:13:50.705,0.8544,0.8545,3.20,39.00
2009.07.30 07:13:51.225,0.85435,0.8545,21.60,26.60
2009.07.30 07:13:51.405,0.8544,0.8545,3.20,40.20
2009.07.30 07:13:51.745,0.85435,0.8545,21.60,26.60
2009.07.30 07:13:52.655,0.8544,0.8545,3.20,46.20
2009.07.30 07:13:54.374,0.85435,0.85445,21.60,3.20
2009.07.30 07:13:54.714,0.8544,0.8545,3.20,45.00
2009.07.30 07:13:55.069,0.8544,0.8545,3.20,39.00
2009.07.30 07:13:55.414,0.8544,0.85445,3.20,1.00
2009.07.30 07:13:59.453,0.8544,0.8545,3.20,48.60
2009.07.30 07:14:00.203,0.85435,0.8545,21.60,26.60
2009.07.30 07:14:00.493,0.85435,0.85445,21.60,3.20
2009.07.30 07:14:00.892,0.85435,0.85445,21.60,1.00
2009.07.30 07:14:01.282,0.8544,0.85445,3.20,1.00
2009.07.30 07:14:01.462,0.85435,0.85445,30.00,3.20
2009.07.30 07:14:01.704,0.8544,0.85445,2.00,3.20
2009.07.30 07:14:02.092,0.8544,0.8545,5.20,3.20
2009.07.30 07:14:05.621,0.8544,0.8545,11.60,3.20
2009.07.30 07:14:08.521,0.8544,0.8545,5.20,3.20
2009.07.30 07:14:09.160,0.8544,0.8545,11.60,3.20
2009.07.30 07:14:12.140,0.8544,0.8545,3.20,3.20
2009.07.30 07:14:13.330,0.8544,0.8545,8.00,3.20
2009.07.30 07:14:15.119,0.8544,0.8545,3.20,3.20
2009.07.30 07:14:15.520,0.8544,0.8545,3.20,13.60
2009.07.30 07:14:18.598,0.85435,0.8545,14.80,21.00
2009.07.30 07:14:18.888,0.8544,0.8545,3.20,13.60
2009.07.30 07:14:19.458,0.8544,0.8545,3.20,3.20
2009.07.30 07:14:20.248,0.8544,0.8545,3.20,13.60
2009.07.30 07:14:21.488,0.8544,0.8545,3.20,21.00
2009.07.30 07:14:22.347,0.8544,0.8545,3.20,13.60
2009.07.30 07:14:23.077,0.8544,0.8545,3.20,21.00
2009.07.30 07:14:27.966,0.8544,0.8545,3.20,37.60
2009.07.30 07:14:28.536,0.8544,0.85445,3.20,1.00
2009.07.30 07:14:29.496,0.8544,0.8545,3.20,37.20
2009.07.30 07:14:29.946,0.8544,0.8545,3.20,36.80
2009.07.30 07:14:34.095,0.8544,0.85445,3.20,1.00
2009.07.30 07:14:34.775,0.85435,0.85445,14.80,3.20
2009.07.30 07:14:35.414,0.8544,0.8545,3.20,13.60
2009.07.30 07:14:35.934,0.8544,0.8545,3.20,3.20
2009.07.30 07:14:42.762,0.85435,0.8545,43.20,1.00
2009.07.30 07:14:44.092,0.85435,0.8545,42.80,2.40
2009.07.30 07:14:44.272,0.85435,0.8545,11.60,11.20
2009.07.30 07:14:44.612,0.85435,0.8545,19.60,11.20
2009.07.30 07:14:44.772,0.85435,0.8545,27.60,11.20
2009.07.30 07:14:44.892,0.85435,0.8545,11.60,11.20
2009.07.30 07:14:45.452,0.85435,0.85445,11.60,1.00
2009.07.30 07:14:46.702,0.85435,0.8545,11.60,22.20
2009.07.30 07:14:47.292,0.85435,0.85445,11.60,1.00
2009.07.30 07:14:47.631,0.85435,0.85445,8.40,1.00
2009.07.30 07:14:49.171,0.85435,0.85445,11.60,1.00
2009.07.30 07:14:51.410,0.85435,0.85445,22.00,1.00
2009.07.30 07:14:52.730,0.8544,0.8545,3.20,27.60
2009.07.30 07:14:53.260,0.8544,0.8545,3.20,15.40
2009.07.30 07:14:53.720,0.8544,0.85445,3.20,1.60
2009.07.30 07:14:54.509,0.85445,0.8545,3.20,11.90
2009.07.30 07:14:55.719,0.85435,0.85445,23.60,9.80
2009.07.30 07:14:56.439,0.8544,0.85445,3.20,9.80
2009.07.30 07:14:57.239,0.8543,0.85445,42.80,9.80
2009.07.30 07:14:57.579,0.85435,0.85445,4.80,1.60
2009.07.30 07:14:57.989,0.85435,0.8545,4.80,36.80
2009.07.30 07:14:58.329,0.8544,0.8545,3.20,30.00
2009.07.30 07:14:59.479,0.85435,0.8545,8.00,21.80
2009.07.30 07:14:59.951,0.85435,0.8545,8.00,21.00
2009.07.30 07:15:00.360,0.8544,0.8545,3.20,35.60
2009.07.30 07:15:01.008,0.8544,0.8545,3.20,37.60
2009.07.30 07:15:01.288,0.85435,0.85445,3.20,3.20
2009.07.30 07:15:01.698,0.85435,0.85445,8.00,11.40
2009.07.30 07:15:01.868,0.85435,0.85445,8.00,3.20
2009.07.30 07:15:02.538,0.85435,0.8544,13.60,1.00
2009.07.30 07:15:02.938,0.85435,0.85445,8.00,10.60
2009.07.30 07:15:03.898,0.85435,0.8544,3.20,1.00
2009.07.30 07:15:06.017,0.85435,0.85445,3.20,23.40
2009.07.30 07:15:06.427,0.8543,0.8544,18.00,3.20
2009.07.30 07:15:06.847,0.8543,0.8544,10.00,3.20
2009.07.30 07:15:08.277,0.8543,0.8544,3.20,3.20
2009.07.30 07:15:08.856,0.8543,0.8544,8.00,3.20
2009.07.30 07:15:10.176,0.8543,0.8544,10.00,3.20
2009.07.30 07:15:11.506,0.8543,0.8544,8.00,3.20
2009.07.30 07:15:12.375,0.8543,0.8544,10.00,3.20
2009.07.30 07:15:14.945,0.8543,0.8544,16.40,3.20
2009.07.30 07:15:18.194,0.8543,0.8544,18.00,3.20
2009.07.30 07:15:20.673,0.8543,0.8544,11.60,3.20
2009.07.30 07:15:22.203,0.8543,0.8544,18.00,3.20
2009.07.30 07:15:37.579,0.8543,0.8544,18.00,13.60
2009.07.30 07:15:37.919,0.8543,0.8544,9.60,3.20
2009.07.30 07:15:38.319,0.8543,0.8544,16.40,3.20
2009.07.30 07:15:40.218,0.8543,0.8544,18.00,3.20
2009.07.30 07:15:40.778,0.8543,0.85445,30.00,3.40
2009.07.30 07:15:41.109,0.85435,0.85445,3.20,3.20
2009.07.30 07:15:42.758,0.8543,0.85445,30.80,3.40
2009.07.30 07:15:43.098,0.85435,0.8544,3.20,10.40
2009.07.30 07:15:43.568,0.8543,0.8544,17.20,3.20
2009.07.30 07:15:44.088,0.8543,0.8544,8.00,3.20
2009.07.30 07:15:44.318,0.8543,0.8544,3.20,3.40
2009.07.30 07:15:44.378,0.8543,0.8544,8.00,3.40
2009.07.30 07:15:44.979,0.8543,0.8544,8.00,3.20
2009.07.30 07:15:46.547,0.8543,0.8544,11.60,3.20
2009.07.30 07:15:46.897,0.8543,0.8544,18.00,3.20
2009.07.30 07:15:47.767,0.8543,0.8544,18.80,3.20
2009.07.30 07:15:48.797,0.8543,0.8544,18.00,3.20
2009.07.30 07:15:49.266,0.8543,0.8544,18.80,3.20
2009.07.30 07:15:49.557,0.8543,0.8544,29.20,3.20
2009.07.30 07:15:49.666,0.85435,0.85445,3.20,4.00
2009.07.30 07:15:51.896,0.85435,0.8544,3.20,1.00
2009.07.30 07:15:55.425,0.85435,0.8544,8.00,1.00
2009.07.30 07:15:55.785,0.85435,0.8544,3.20,1.00
2009.07.30 07:15:56.185,0.85435,0.8544,8.00,1.00
2009.07.30 07:15:56.605,0.8544,0.85445,3.20,1.50
2009.07.30 07:15:56.985,0.85435,0.85445,8.00,14.40
2009.07.30 07:15:57.664,0.8543,0.8544,16.00,1.00
2009.07.30 07:15:58.254,0.8543,0.8544,8.00,1.00
2009.07.30 07:15:59.054,0.8543,0.8544,3.20,14.60
2009.07.30 07:15:59.404,0.8543,0.8544,3.20,24.40
2009.07.30 07:15:59.694,0.8543,0.8544,8.00,21.80
2009.07.30 07:16:00.214,0.8543,0.8544,3.20,15.20
2009.07.30 07:16:00.434,0.8543,0.8544,3.20,14.60
2009.07.30 07:16:00.714,0.8543,0.8544,3.20,19.80
2009.07.30 07:16:01.124,0.8543,0.8544,8.00,3.20
2009.07.30 07:16:04.263,0.85425,0.85435,3.20,22.60
2009.07.30 07:16:04.553,0.85425,0.8543,3.20,4.80
2009.07.30 07:16:05.403,0.85425,0.8543,3.20,12.20
2009.07.30 07:16:05.863,0.8542,0.8543,3.20,28.20
2009.07.30 07:16:06.262,0.8542,0.8543,3.20,12.80
2009.07.30 07:16:06.653,0.8542,0.8543,8.00,12.20
2009.07.30 07:16:08.032,0.8542,0.8543,8.00,4.80
2009.07.30 07:16:08.552,0.85425,0.8543,3.20,13.80
2009.07.30 07:16:09.072,0.8542,0.8543,3.20,25.80
2009.07.30 07:16:09.422,0.8542,0.8543,3.20,28.20
2009.07.30 07:16:09.762,0.85415,0.8543,8.00,28.20
2009.07.30 07:16:10.341,0.85415,0.85425,3.20,7.40
2009.07.30 07:16:10.747,0.8542,0.85425,3.20,9.20
2009.07.30 07:16:11.671,0.85415,0.85425,3.20,27.40
2009.07.30 07:16:12.021,0.85415,0.85425,3.20,31.00
2009.07.30 07:16:12.971,0.85415,0.85425,3.20,29.40
2009.07.30 07:16:13.441,0.85415,0.85425,3.20,27.80
2009.07.30 07:16:13.681,0.85415,0.85425,3.20,27.40
2009.07.30 07:16:14.131,0.8541,0.8542,3.20,5.80
2009.07.30 07:16:14.550,0.8541,0.8542,3.20,17.60
2009.07.30 07:16:15.370,0.8541,0.85415,3.20,7.40
2009.07.30 07:16:15.431,0.85405,0.85415,3.20,9.00
2009.07.30 07:16:15.840,0.854,0.8541,10.00,3.20
2009.07.30 07:16:18.199,0.85405,0.8541,3.20,5.00
2009.07.30 07:16:18.779,0.854,0.8541,3.20,3.20
2009.07.30 07:16:19.919,0.85395,0.8541,28.40,13.60
2009.07.30 07:16:20.369,0.854,0.8541,3.20,3.20
2009.07.30 07:16:20.549,0.854,0.8541,5.20,13.60
2009.07.30 07:16:20.979,0.854,0.8541,3.20,3.20
2009.07.30 07:16:21.558,0.854,0.8541,9.60,3.20
2009.07.30 07:16:21.839,0.854,0.8541,11.60,3.20
2009.07.30 07:16:22.768,0.8541,0.85415,3.20,16.20
2009.07.30 07:16:23.518,0.8541,0.85415,3.20,6.60
2009.07.30 07:16:24.038,0.85405,0.8542,26.80,4.80
2009.07.30 07:16:24.628,0.8541,0.8542,3.20,10.60
2009.07.30 07:16:25.198,0.8541,0.8542,3.20,21.00
2009.07.30 07:16:25.718,0.85405,0.8542,3.20,37.00
2009.07.30 07:16:25.888,0.85405,0.8542,8.00,37.00
2009.07.30 07:16:26.398,0.85405,0.85415,8.00,3.20
2009.07.30 07:16:26.977,0.854,0.8542,23.60,46.60
2009.07.30 07:16:27.267,0.8541,0.85415,3.20,7.60
2009.07.30 07:16:27.947,0.8541,0.85415,3.20,1.00
2009.07.30 07:16:28.307,0.8541,0.8542,3.20,47.40
2009.07.30 07:16:28.657,0.8541,0.8542,3.20,21.00
2009.07.30 07:16:32.266,0.8541,0.8542,4.00,10.60
2009.07.30 07:16:32.816,0.8541,0.8542,8.00,10.60
2009.07.30 07:16:37.275,0.8541,0.8542,3.20,28.60
2009.07.30 07:16:37.845,0.8541,0.85415,3.20,1.80
2009.07.30 07:16:38.195,0.8541,0.85415,3.20,1.60
2009.07.30 07:16:39.326,0.8541,0.8542,3.20,46.60
2009.07.30 07:16:39.675,0.8541,0.8542,3.20,47.80
2009.07.30 07:16:40.254,0.8541,0.8542,3.20,47.40
2009.07.30 07:16:40.664,0.85405,0.8542,8.00,30.60
2009.07.30 07:16:40.894,0.85405,0.85415,42.80,3.20
2009.07.30 07:16:41.184,0.8541,0.8542,8.00,3.20
2009.07.30 07:16:41.576,0.8541,0.8542,8.00,13.60
2009.07.30 07:16:41.924,0.8541,0.8542,3.20,48.20
2009.07.30 07:16:42.334,0.85405,0.85415,4.80,3.20
2009.07.30 07:16:43.884,0.85405,0.85415,8.00,3.20
2009.07.30 07:16:46.083,0.85405,0.8542,8.00,30.00
2009.07.30 07:16:46.373,0.85405,0.8542,8.00,22.00
2009.07.30 07:16:46.483,0.85405,0.8542,8.00,21.80
2009.07.30 07:16:46.763,0.8541,0.85415,3.20,1.00
2009.07.30 07:16:47.512,0.85405,0.8542,8.00,22.00
2009.07.30 07:16:47.812,0.85405,0.8542,16.40,38.00
2009.07.30 07:16:51.872,0.85405,0.8541,13.20,3.20
2009.07.30 07:16:51.931,0.85405,0.8541,8.40,3.20
2009.07.30 07:16:54.081,0.854,0.85415,27.60,11.00
2009.07.30 07:16:54.311,0.8541,0.85415,3.20,1.00
2009.07.30 07:16:57.440,0.8541,0.8542,3.20,14.40
2009.07.30 07:16:59.120,0.8541,0.85415,3.20,10.40
2009.07.30 07:16:59.229,0.85405,0.8541,6.40,3.20
2009.07.30 07:16:59.890,0.85405,0.8541,8.40,3.20
2009.07.30 07:17:00.119,0.85405,0.8541,2.00,3.20
2009.07.30 07:17:00.809,0.854,0.8541,17.20,3.20
2009.07.30 07:17:01.259,0.85405,0.8541,4.80,3.20
2009.07.30 07:17:01.479,0.8541,0.85415,3.20,6.40
2009.07.30 07:17:01.829,0.8541,0.85415,3.20,1.00
2009.07.30 07:17:02.219,0.85405,0.85415,8.00,3.20
2009.07.30 07:17:03.268,0.854,0.85405,16.40,13.60
2009.07.30 07:17:03.618,0.8539,0.854,29.00,13.60
2009.07.30 07:17:03.909,0.8539,0.854,17.20,13.60
2009.07.30 07:17:06.338,0.8539,0.854,16.40,13.60
2009.07.30 07:17:06.508,0.8539,0.854,17.20,13.60
2009.07.30 07:17:07.098,0.8539,0.854,12.40,13.60
2009.07.30 07:17:07.848,0.85395,0.854,12.40,10.40
2009.07.30 07:17:08.147,0.8539,0.854,18.00,3.20
2009.07.30 07:17:08.537,0.85395,0.854,12.40,3.20
2009.07.30 07:17:09.048,0.8541,0.85415,3.20,25.00
2009.07.30 07:17:09.517,0.854,0.8541,4.20,10.40
2009.07.30 07:17:12.228,0.854,0.85415,23.60,1.60
2009.07.30 07:17:12.517,0.8541,0.85415,1.60,1.60
2009.07.30 07:17:12.756,0.8541,0.8542,1.60,41.80
2009.07.30 07:17:13.226,0.8541,0.8542,1.60,14.40
2009.07.30 07:17:14.136,0.8541,0.8542,1.60,3.20
2009.07.30 07:17:15.076,0.8541,0.8542,3.20,3.20
2009.07.30 07:17:15.436,0.8541,0.8542,3.20,12.40
2009.07.30 07:17:15.846,0.8541,0.85415,3.20,19.20
2009.07.30 07:17:16.195,0.85415,0.8542,3.20,10.50
2009.07.30 07:17:16.526,0.85405,0.8542,31.20,9.60
2009.07.30 07:17:16.815,0.8541,0.85415,3.20,1.60
2009.07.30 07:17:17.155,0.8541,0.85415,3.20,3.20
2009.07.30 07:17:17.536,0.8541,0.85415,3.20,10.40
2009.07.30 07:17:17.895,0.8541,0.85415,3.20,1.00
2009.07.30 07:17:18.395,0.854,0.8541,13.80,10.40
2009.07.30 07:17:18.985,0.854,0.8541,8.00,3.20
2009.07.30 07:17:19.785,0.85405,0.8541,5.60,7.40
2009.07.30 07:17:20.025,0.8539,0.85395,15.00,16.00
2009.07.30 07:17:20.425,0.8539,0.85395,2.00,16.00
2009.07.30 07:17:20.786,0.85395,0.854,3.20,8.00
2009.07.30 07:17:21.185,0.85395,0.854,3.20,11.00
2009.07.30 07:17:21.536,0.85395,0.85405,3.20,16.60
2009.07.30 07:17:21.884,0.8539,0.854,8.00,3.20
2009.07.30 07:17:22.104,0.8539,0.854,8.00,10.60
2009.07.30 07:17:22.794,0.85385,0.854,8.00,21.00
2009.07.30 07:17:23.144,0.85385,0.85395,8.00,3.20
2009.07.30 07:17:23.614,0.85385,0.85395,8.00,13.60
2009.07.30 07:17:23.854,0.85385,0.85395,16.40,13.60
2009.07.30 07:17:26.473,0.85385,0.85395,3.20,13.60
2009.07.30 07:17:26.593,0.8538,0.85385,8.40,10.40
2009.07.30 07:17:26.933,0.8538,0.8539,16.40,16.00
2009.07.30 07:17:27.333,0.8539,0.85395,3.20,21.20
2009.07.30 07:17:27.743,0.85385,0.85395,10.00,13.60
2009.07.30 07:17:28.093,0.85385,0.85395,17.60,13.60
2009.07.30 07:17:28.673,0.8539,0.85395,13.20,10.40
2009.07.30 07:17:29.073,0.8539,0.85405,21.20,10.40
2009.07.30 07:17:30.002,0.85395,0.85405,13.20,10.40
2009.07.30 07:17:30.122,0.854,0.85405,3.20,10.40
2009.07.30 07:17:30.413,0.85395,0.8541,13.20,10.60
2009.07.30 07:17:31.102,0.85395,0.8541,13.20,10.40
2009.07.30 07:17:31.602,0.85395,0.8541,21.20,10.40
2009.07.30 07:17:31.962,0.85395,0.8541,29.20,10.40
2009.07.30 07:17:33.242,0.85405,0.85415,3.20,13.60
2009.07.30 07:17:33.592,0.854,0.85415,13.20,10.40
2009.07.30 07:17:34.521,0.854,0.85415,19.20,12.20
2009.07.30 07:17:34.691,0.854,0.8541,3.20,13.60
2009.07.30 07:17:35.311,0.85395,0.8541,14.80,10.40
2009.07.30 07:17:36.101,0.85395,0.8541,15.60,10.40
2009.07.30 07:17:36.881,0.854,0.8541,3.20,13.60
2009.07.30 07:17:37.780,0.85395,0.854,20.40,3.20
2009.07.30 07:17:38.240,0.85405,0.8541,3.20,10.40
2009.07.30 07:17:38.812,0.85395,0.8541,39.60,1.00
2009.07.30 07:17:39.400,0.854,0.85415,4.80,35.00
2009.07.30 07:17:39.750,0.854,0.8541,8.00,3.20
2009.07.30 07:17:40.050,0.85405,0.85415,4.80,21.00
2009.07.30 07:17:40.460,0.85405,0.85415,3.20,21.00
2009.07.30 07:17:40.820,0.85405,0.85415,3.20,27.20
2009.07.30 07:17:41.569,0.85405,0.85415,3.20,21.00
2009.07.30 07:17:42.139,0.85405,0.85415,3.20,13.60
2009.07.30 07:17:42.490,0.85405,0.85415,8.00,13.60
2009.07.30 07:17:42.829,0.85405,0.85415,3.20,13.60
2009.07.30 07:17:43.779,0.85405,0.8541,3.20,17.80
2009.07.30 07:17:44.499,0.85405,0.85415,3.20,43.20
2009.07.30 07:17:44.898,0.85405,0.8541,3.20,1.00
2009.07.30 07:17:45.349,0.854,0.85415,12.80,25.60
2009.07.30 07:17:45.519,0.854,0.8541,15.60,1.00
2009.07.30 07:17:46.178,0.854,0.8541,21.20,1.00
2009.07.30 07:17:46.718,0.854,0.8541,15.20,1.00
2009.07.30 07:17:46.998,0.854,0.8541,7.20,1.00
2009.07.30 07:17:47.238,0.854,0.8541,15.20,1.00
2009.07.30 07:17:48.078,0.85405,0.8541,4.80,1.00
2009.07.30 07:17:52.827,0.854,0.8541,21.60,1.00
2009.07.30 07:17:53.347,0.85405,0.8541,4.80,1.00
2009.07.30 07:17:54.427,0.85405,0.8541,3.20,10.40
2009.07.30 07:17:57.485,0.854,0.8541,4.80,10.40
2009.07.30 07:18:01.435,0.85395,0.85405,3.20,13.60
2009.07.30 07:18:02.005,0.85395,0.85405,5.20,13.60
2009.07.30 07:18:02.404,0.85395,0.85405,3.20,13.60
2009.07.30 07:18:06.673,0.85395,0.85405,4.00,13.60
2009.07.30 07:18:07.203,0.85395,0.85405,8.80,3.20
2009.07.30 07:18:07.653,0.85395,0.85405,3.20,13.60
2009.07.30 07:18:08.523,0.85395,0.85405,21.60,5.00
2009.07.30 07:18:09.163,0.85395,0.85405,11.20,10.40
2009.07.30 07:18:09.673,0.85395,0.85405,3.20,13.60
2009.07.30 07:18:10.562,0.85395,0.85405,13.60,3.20
2009.07.30 07:18:10.792,0.854,0.85405,3.20,5.60
2009.07.30 07:18:10.962,0.854,0.85405,3.20,5.00
2009.07.30 07:18:11.452,0.85395,0.854,5.60,10.40
2009.07.30 07:18:11.842,0.8539,0.854,24.40,13.60
2009.07.30 07:18:12.292,0.8539,0.854,16.40,13.60
2009.07.30 07:18:12.462,0.8539,0.854,10.00,13.60
2009.07.30 07:18:13.042,0.8539,0.854,9.60,13.60
2009.07.30 07:18:13.452,0.85395,0.854,3.20,10.40
2009.07.30 07:18:13.812,0.8539,0.854,3.20,13.60
2009.07.30 07:18:14.322,0.8539,0.854,16.40,13.60
2009.07.30 07:18:14.561,0.8539,0.854,3.20,13.60
2009.07.30 07:18:15.181,0.8539,0.854,3.20,3.20
2009.07.30 07:18:15.291,0.8539,0.854,8.00,3.20
2009.07.30 07:18:15.631,0.8539,0.854,10.00,3.20
2009.07.30 07:18:15.741,0.8539,0.854,16.40,3.20
2009.07.30 07:18:16.561,0.8539,0.854,10.00,3.20
2009.07.30 07:18:19.920,0.8539,0.854,16.40,3.20
2009.07.30 07:18:22.270,0.8539,0.854,10.00,3.20
2009.07.30 07:18:23.920,0.8539,0.854,8.00,3.20
2009.07.30 07:18:24.599,0.8539,0.854,3.20,3.20
2009.07.30 07:18:25.529,0.8539,0.854,8.00,3.20
2009.07.30 07:18:28.468,0.8539,0.85395,8.00,1.00
2009.07.30 07:18:28.988,0.8539,0.85395,3.20,1.00
2009.07.30 07:18:29.578,0.8539,0.85395,3.20,1.40
2009.07.30 07:18:30.458,0.8539,0.85395,3.20,1.00
2009.07.30 07:18:31.807,0.8539,0.85395,3.20,10.40
2009.07.30 07:18:33.767,0.8539,0.85395,3.20,1.60
2009.07.30 07:18:34.407,0.8539,0.85395,3.20,2.20
2009.07.30 07:18:34.858,0.8539,0.85395,3.20,1.60
2009.07.30 07:18:35.527,0.8539,0.85395,8.00,1.40
2009.07.30 07:18:35.757,0.8539,0.85395,3.20,10.40
2009.07.30 07:18:36.116,0.85385,0.8539,3.20,10.40
2009.07.30 07:18:36.398,0.8538,0.8539,10.00,13.60
2009.07.30 07:18:40.126,0.8538,0.85385,4.80,10.40
2009.07.30 07:18:40.535,0.8537,0.8538,10.00,3.20
2009.07.30 07:18:40.836,0.8537,0.8538,16.40,3.20
2009.07.30 07:18:42.615,0.8537,0.8538,16.80,3.20
2009.07.30 07:18:43.485,0.85375,0.85385,3.20,4.20
2009.07.30 07:18:44.204,0.8537,0.85385,28.40,4.20
2009.07.30 07:18:44.614,0.8537,0.85375,13.20,10.40
2009.07.30 07:18:44.784,0.85365,0.85375,3.20,26.40
2009.07.30 07:18:45.184,0.8537,0.85375,1.20,26.40
2009.07.30 07:18:45.824,0.85365,0.85375,4.80,26.40
2009.07.30 07:18:46.524,0.85365,0.85375,3.20,26.40
2009.07.30 07:18:46.864,0.85375,0.8538,1.00,31.80
2009.07.30 07:18:47.034,0.8537,0.85375,1.00,26.40
2009.07.30 07:18:47.373,0.8537,0.85375,1.00,10.40
2009.07.30 07:18:48.733,0.8537,0.8538,3.40,37.60
2009.07.30 07:18:49.173,0.8537,0.8538,3.20,13.60
2009.07.30 07:18:49.703,0.8537,0.8538,3.20,3.20
2009.07.30 07:18:50.173,0.85365,0.85375,26.80,3.20
2009.07.30 07:18:51.253,0.85365,0.85375,16.40,13.60
2009.07.30 07:18:51.373,0.85365,0.85375,5.20,13.60
2009.07.30 07:18:51.492,0.8536,0.85375,26.00,13.60
2009.07.30 07:18:51.723,0.8536,0.85375,26.00,14.00
2009.07.30 07:18:51.833,0.85365,0.85375,3.20,14.00
2009.07.30 07:18:52.932,0.8537,0.85375,3.20,3.00
2009.07.30 07:18:53.502,0.8537,0.8538,16.40,3.20
2009.07.30 07:18:53.832,0.8537,0.8538,16.40,13.60
2009.07.30 07:18:55.911,0.85375,0.8538,3.20,10.40
2009.07.30 07:18:56.182,0.8537,0.8538,17.60,13.60
2009.07.30 07:18:56.632,0.8537,0.8538,16.80,13.60
2009.07.30 07:18:57.041,0.8537,0.8538,16.80,3.20
2009.07.30 07:18:57.491,0.8537,0.8538,10.40,3.20
2009.07.30 07:18:57.671,0.8537,0.8538,10.00,3.20
2009.07.30 07:18:58.081,0.8537,0.8538,10.00,13.60
2009.07.30 07:18:58.471,0.85375,0.85385,6.00,33.60
2009.07.30 07:18:58.801,0.8537,0.8538,10.00,13.60
2009.07.30 07:19:03.160,0.8537,0.8538,6.80,13.60
2009.07.30 07:19:03.740,0.8537,0.8538,16.80,3.20
2009.07.30 07:19:04.370,0.8537,0.8538,17.60,3.20
2009.07.30 07:19:05.239,0.85365,0.85375,14.00,26.40
2009.07.30 07:19:05.459,0.85365,0.85375,13.20,11.20
2009.07.30 07:19:06.209,0.8536,0.85375,17.60,14.40
2009.07.30 07:19:06.380,0.85365,0.85375,3.20,14.40
2009.07.30 07:19:06.739,0.8536,0.8537,17.60,3.20
2009.07.30 07:19:07.199,0.8536,0.8537,11.20,3.20
2009.07.30 07:19:07.599,0.8536,0.8537,10.00,3.20
2009.07.30 07:19:08.109,0.8536,0.8537,16.80,3.20
2009.07.30 07:19:08.639,0.8536,0.8537,16.40,3.20
2009.07.30 07:19:09.208,0.8536,0.8537,10.00,3.20
2009.07.30 07:19:10.978,0.8536,0.8537,16.40,3.20
2009.07.30 07:19:11.258,0.8536,0.8537,10.00,3.20
2009.07.30 07:19:15.077,0.8536,0.8537,5.20,3.20
2009.07.30 07:19:15.137,0.8536,0.8537,10.00,3.20
2009.07.30 07:19:19.246,0.8536,0.8537,16.40,3.20
2009.07.30 07:19:20.276,0.8536,0.8537,10.00,3.20
2009.07.30 07:19:22.405,0.8536,0.8537,16.40,3.20
2009.07.30 07:19:22.695,0.8536,0.8537,16.80,3.20
2009.07.30 07:19:23.325,0.8536,0.8537,10.40,3.20
2009.07.30 07:19:23.665,0.8536,0.8537,10.00,3.20
2009.07.30 07:19:23.995,0.8536,0.8537,10.20,3.20
2009.07.30 07:19:25.075,0.8536,0.8537,16.80,3.20
2009.07.30 07:19:25.304,0.8536,0.8537,10.40,3.20
2009.07.30 07:19:25.355,0.8536,0.8537,10.20,3.20
2009.07.30 07:19:30.663,0.8536,0.8537,16.80,3.20
2009.07.30 07:19:30.723,0.8536,0.8537,10.20,3.20
2009.07.30 07:19:31.003,0.8536,0.8537,16.80,3.20
2009.07.30 07:19:31.513,0.8536,0.8537,10.20,3.20
2009.07.30 07:19:32.833,0.8536,0.8537,8.00,3.20
2009.07.30 07:19:35.662,0.85365,0.85375,3.20,49.20
2009.07.30 07:19:35.842,0.85365,0.85375,3.20,38.80
2009.07.30 07:19:36.002,0.8536,0.8537,28.60,3.20
2009.07.30 07:19:36.302,0.8536,0.85375,22.20,11.40
2009.07.30 07:19:36.632,0.8536,0.8537,11.80,3.20
2009.07.30 07:19:36.752,0.8536,0.8537,10.20,3.20
2009.07.30 07:19:38.201,0.85365,0.85375,3.20,33.80
2009.07.30 07:19:38.581,0.8536,0.8537,10.00,3.20
2009.07.30 07:19:39.731,0.8536,0.8537,8.00,3.20
2009.07.30 07:19:40.031,0.8536,0.85375,8.00,37.20
2009.07.30 07:19:40.261,0.85365,0.85375,3.20,21.20
2009.07.30 07:19:40.441,0.85365,0.8537,3.20,3.20
2009.07.30 07:19:40.561,0.8536,0.8537,10.20,3.20
2009.07.30 07:19:48.749,0.85365,0.8537,3.20,3.20
2009.07.30 07:19:48.919,0.85365,0.8537,6.40,3.20
2009.07.30 07:19:49.159,0.85365,0.85375,11.20,28.00
2009.07.30 07:19:49.339,0.85365,0.85375,6.40,3.20
2009.07.30 07:19:49.399,0.85365,0.85375,3.20,3.20
2009.07.30 07:19:49.759,0.8537,0.85375,3.20,10.40
2009.07.30 07:19:50.099,0.85365,0.85375,3.20,13.60
2009.07.30 07:19:52.268,0.85365,0.85375,9.60,13.60
2009.07.30 07:19:52.498,0.8537,0.85375,3.20,10.40
2009.07.30 07:19:52.548,0.8537,0.8538,3.20,40.00
2009.07.30 07:19:52.978,0.85365,0.85375,4.80,3.20
2009.07.30 07:19:53.208,0.8537,0.8538,3.20,36.80
2009.07.30 07:19:53.438,0.8537,0.8538,3.20,43.20
2009.07.30 07:19:53.768,0.8537,0.8538,3.20,54.40
2009.07.30 07:19:54.558,0.8537,0.8538,3.20,56.00
2009.07.30 07:19:55.027,0.8537,0.8538,3.20,63.20
2009.07.30 07:19:55.477,0.8537,0.8538,3.20,37.20
2009.07.30 07:19:55.777,0.8537,0.85375,3.20,10.40
2009.07.30 07:19:56.067,0.85365,0.85375,8.00,3.20
2009.07.30 07:19:56.588,0.8537,0.8538,3.20,37.00
2009.07.30 07:19:57.597,0.8537,0.8538,3.20,29.60
2009.07.30 07:19:58.067,0.8537,0.8538,3.20,37.00
2009.07.30 07:20:00.836,0.8537,0.8538,8.00,37.00
2009.07.30 07:20:00.946,0.8537,0.8538,3.20,29.60
2009.07.30 07:20:01.126,0.8537,0.8538,3.20,39.60
2009.07.30 07:20:01.406,0.8537,0.8538,3.20,46.00
2009.07.30 07:20:01.466,0.8537,0.8538,3.20,29.60
2009.07.30 07:20:01.976,0.85365,0.8538,16.40,29.60
2009.07.30 07:20:02.326,0.85365,0.8537,13.20,3.20
2009.07.30 07:20:02.616,0.85365,0.85375,3.20,13.60
2009.07.30 07:20:03.445,0.8537,0.8538,3.20,53.20
2009.07.30 07:20:03.835,0.8537,0.8538,3.20,29.60
2009.07.30 07:20:04.366,0.8537,0.8538,3.20,50.80
2009.07.30 07:20:04.755,0.8537,0.8538,3.20,29.60
2009.07.30 07:20:05.105,0.8537,0.8538,3.20,46.40
2009.07.30 07:20:05.515,0.8537,0.8538,3.20,29.80
2009.07.30 07:20:05.985,0.85365,0.8538,16.40,29.60
2009.07.30 07:20:06.224,0.85365,0.85375,8.00,13.60
2009.07.30 07:20:06.514,0.85365,0.85375,3.20,13.60
2009.07.30 07:20:07.075,0.85365,0.85375,14.40,3.20
2009.07.30 07:20:07.484,0.85365,0.85375,16.40,3.20
2009.07.30 07:20:10.104,0.85365,0.85375,8.00,13.60
2009.07.30 07:20:10.434,0.85365,0.85375,17.20,13.60
2009.07.30 07:20:10.924,0.85375,0.8538,1.00,17.20
2009.07.30 07:20:11.334,0.85365,0.8538,17.20,26.40
2009.07.30 07:20:11.754,0.85365,0.8538,16.40,33.80
2009.07.30 07:20:13.093,0.85365,0.8538,16.40,34.00
2009.07.30 07:20:13.773,0.85365,0.8538,17.60,33.80
2009.07.30 07:20:14.003,0.85365,0.8538,17.60,26.40
2009.07.30 07:20:14.353,0.8537,0.8538,3.20,19.20
2009.07.30 07:20:14.523,0.8537,0.8538,16.40,19.20
2009.07.30 07:20:15.043,0.8537,0.8538,11.60,19.20
2009.07.30 07:20:15.392,0.8537,0.8538,3.20,19.20
2009.07.30 07:20:16.182,0.8537,0.8538,5.20,19.20
2009.07.30 07:20:16.692,0.8537,0.8538,10.00,3.20
2009.07.30 07:20:17.322,0.8537,0.8538,9.20,13.60
2009.07.30 07:20:17.672,0.8537,0.8538,8.00,11.20
2009.07.30 07:20:18.022,0.85365,0.8538,26.80,19.20
2009.07.30 07:20:19.731,0.8537,0.8538,8.40,19.20
2009.07.30 07:20:19.971,0.8537,0.8538,13.20,11.20
2009.07.30 07:20:20.082,0.8537,0.8538,16.40,3.20
2009.07.30 07:20:20.431,0.8537,0.8538,16.40,19.20
2009.07.30 07:20:21.231,0.8537,0.8538,14.80,19.20
2009.07.30 07:20:21.971,0.8537,0.8538,15.20,3.20
2009.07.30 07:20:22.441,0.8537,0.8538,17.60,3.20
2009.07.30 07:20:23.971,0.8537,0.8538,10.40,21.60
2009.07.30 07:20:24.510,0.8537,0.8538,10.00,13.60
2009.07.30 07:20:25.080,0.8538,0.85385,3.20,9.60
2009.07.30 07:20:25.480,0.85375,0.85385,16.40,3.20
2009.07.30 07:20:25.650,0.85375,0.8539,16.40,13.60
2009.07.30 07:20:25.930,0.85375,0.85385,16.40,3.20
2009.07.30 07:20:26.340,0.85375,0.85385,3.20,3.20
2009.07.30 07:20:26.620,0.8538,0.85385,3.20,10.40
2009.07.30 07:20:28.150,0.8538,0.8539,3.20,21.00
2009.07.30 07:20:28.489,0.8538,0.8539,3.20,13.60
2009.07.30 07:20:29.899,0.85375,0.8539,8.00,29.20
2009.07.30 07:20:29.949,0.85375,0.8539,8.00,37.20
2009.07.30 07:20:30.389,0.85375,0.85385,8.00,13.60
2009.07.30 07:20:31.669,0.85375,0.85385,8.20,13.60
2009.07.30 07:20:31.829,0.8538,0.8539,3.20,21.00
2009.07.30 07:20:32.189,0.8538,0.8539,3.20,13.60
2009.07.30 07:20:33.978,0.8538,0.8539,3.20,37.00
2009.07.30 07:20:34.448,0.85375,0.8539,8.20,37.00
2009.07.30 07:20:34.988,0.8538,0.8539,3.20,45.00
2009.07.30 07:20:36.028,0.8538,0.8539,3.20,37.00
2009.07.30 07:20:36.418,0.85375,0.8538,4.80,3.20
2009.07.30 07:20:36.537,0.85375,0.8538,4.80,10.40
2009.07.30 07:20:36.887,0.85375,0.8538,3.20,10.40
2009.07.30 07:20:38.617,0.8537,0.8538,3.20,10.40
2009.07.30 07:20:38.967,0.8537,0.8538,8.00,10.40
2009.07.30 07:20:39.327,0.85375,0.8538,3.20,10.40
2009.07.30 07:20:40.247,0.8537,0.8538,13.20,10.40
2009.07.30 07:20:40.776,0.8537,0.85385,4.80,34.60
2009.07.30 07:20:41.376,0.8537,0.85385,4.80,41.20
2009.07.30 07:20:41.606,0.8537,0.8538,8.00,10.40
2009.07.30 07:20:47.694,0.85375,0.85385,3.20,29.60
2009.07.30 07:20:48.215,0.8537,0.85385,8.00,37.00
2009.07.30 07:20:48.785,0.85375,0.85385,3.20,45.80
2009.07.30 07:20:49.304,0.85375,0.8538,3.20,4.80
2009.07.30 07:20:52.214,0.85375,0.85385,3.20,10.80
2009.07.30 07:20:52.713,0.85375,0.85385,3.20,9.80
2009.07.30 07:20:52.773,0.85375,0.85385,3.20,3.40
2009.07.30 07:20:53.213,0.85375,0.85385,3.20,4.40
2009.07.30 07:20:53.503,0.85375,0.85385,3.20,10.80
2009.07.30 07:20:56.912,0.85375,0.85385,3.20,32.20
2009.07.30 07:20:57.073,0.85375,0.85385,3.20,35.40
2009.07.30 07:20:58.932,0.85375,0.85385,3.20,13.80
2009.07.30 07:20:58.982,0.85375,0.85385,8.00,3.20
2009.07.30 07:20:59.442,0.8538,0.8539,3.20,21.60
2009.07.30 07:20:59.672,0.8538,0.8539,3.20,29.60
2009.07.30 07:20:59.952,0.8538,0.8539,3.20,49.00
2009.07.30 07:21:00.361,0.8538,0.85385,3.20,16.00
2009.07.30 07:21:00.892,0.8538,0.85385,3.20,9.00
2009.07.30 07:21:01.382,0.8538,0.85385,3.20,11.60
2009.07.30 07:21:01.951,0.85375,0.85385,3.20,5.00
2009.07.30 07:21:02.351,0.8538,0.8539,3.20,54.00
2009.07.30 07:21:02.871,0.8538,0.85385,3.20,8.20
2009.07.30 07:21:03.261,0.8538,0.8539,3.20,45.80
2009.07.30 07:21:03.551,0.8538,0.8539,3.20,49.20
2009.07.30 07:21:03.891,0.8538,0.8539,3.20,54.00
2009.07.30 07:21:04.451,0.8538,0.85385,3.20,1.60
2009.07.30 07:21:04.511,0.85375,0.85385,3.20,21.00
2009.07.30 07:21:05.090,0.85375,0.85385,3.20,25.00
2009.07.30 07:21:07.650,0.85375,0.85385,3.20,25.20
2009.07.30 07:21:07.890,0.85375,0.85385,3.20,28.40
2009.07.30 07:21:08.070,0.8537,0.85385,8.00,28.40
2009.07.30 07:21:08.300,0.8537,0.8538,8.00,3.20
2009.07.30 07:21:14.368,0.8537,0.8538,8.00,3.20
2009.07.30 07:21:24.946,0.8537,0.8538,18.40,3.20
2009.07.30 07:21:25.455,0.85375,0.85385,3.20,38.80
2009.07.30 07:21:26.305,0.8536,0.8537,27.60,3.20
2009.07.30 07:21:26.645,0.85375,0.8538,3.20,16.00
2009.07.30 07:21:27.125,0.85375,0.8538,3.20,8.00
2009.07.30 07:21:27.355,0.85375,0.8538,3.20,4.80
2009.07.30 07:21:29.924,0.85375,0.8538,3.20,10.40
2009.07.30 07:21:31.174,0.85365,0.85385,41.60,31.40
2009.07.30 07:21:31.456,0.8537,0.85385,4.80,23.40
2009.07.30 07:21:31.984,0.8537,0.85385,4.80,18.60
2009.07.30 07:21:32.224,0.8537,0.85385,6.80,17.80
2009.07.30 07:21:32.864,0.8537,0.85385,4.80,18.60
2009.07.30 07:21:37.193,0.85375,0.85385,3.20,9.00
2009.07.30 07:21:37.373,0.85365,0.8537,8.40,10.40
2009.07.30 07:21:37.723,0.85365,0.8537,8.40,13.60
2009.07.30 07:21:37.943,0.85365,0.85375,10.40,3.20
2009.07.30 07:21:38.173,0.85365,0.85375,18.80,3.20
2009.07.30 07:21:38.753,0.8537,0.85385,3.20,44.20
2009.07.30 07:21:39.092,0.8537,0.85385,2.00,33.80
2009.07.30 07:21:39.432,0.8537,0.85385,2.00,17.80
2009.07.30 07:21:39.772,0.8537,0.8538,5.20,10.40
2009.07.30 07:21:40.082,0.85365,0.85385,41.20,41.00
2009.07.30 07:21:40.593,0.8537,0.8538,3.20,13.60
2009.07.30 07:21:40.882,0.8537,0.8538,3.20,21.00
2009.07.30 07:21:42.172,0.85365,0.8538,18.00,21.00
2009.07.30 07:21:42.691,0.8537,0.8538,3.20,21.00
2009.07.30 07:21:47.420,0.8537,0.8538,3.20,13.60
2009.07.30 07:21:47.860,0.8537,0.8538,3.20,3.20
2009.07.30 07:21:54.658,0.85365,0.8538,28.40,3.20
2009.07.30 07:21:55.308,0.85365,0.85375,28.40,3.20
2009.07.30 07:21:55.368,0.85365,0.85375,9.60,13.60
2009.07.30 07:21:55.638,0.85365,0.8537,1.60,3.20
2009.07.30 07:21:55.748,0.8536,0.8537,20.00,3.20
2009.07.30 07:21:56.218,0.8536,0.8537,30.40,3.20
2009.07.30 07:21:56.489,0.8537,0.85375,3.20,6.40
2009.07.30 07:21:56.598,0.8537,0.8538,3.20,29.60
2009.07.30 07:21:56.768,0.8537,0.8538,3.20,13.60
2009.07.30 07:21:57.928,0.8537,0.8538,3.20,3.20
2009.07.30 07:21:58.468,0.8537,0.8538,3.20,13.60
2009.07.30 07:21:58.808,0.8537,0.8538,5.20,13.60
2009.07.30 07:21:59.338,0.8537,0.8538,16.40,13.60
2009.07.30 07:21:59.617,0.8537,0.8538,8.00,3.20
2009.07.30 07:22:00.037,0.8537,0.8538,3.20,13.60
2009.07.30 07:22:01.717,0.8537,0.8538,4.80,13.60
2009.07.30 07:22:02.586,0.8537,0.8538,11.60,3.20
2009.07.30 07:22:04.526,0.8537,0.8538,18.00,3.20
2009.07.30 07:22:04.876,0.8537,0.8538,11.60,3.20
2009.07.30 07:22:05.996,0.8537,0.8538,9.60,3.20
2009.07.30 07:22:06.586,0.8537,0.8538,11.60,3.20
2009.07.30 07:22:12.054,0.85375,0.85385,4.80,37.00
2009.07.30 07:22:12.454,0.85375,0.85385,8.00,25.80
2009.07.30 07:22:12.794,0.85375,0.85385,8.00,10.40
2009.07.30 07:22:13.204,0.85375,0.85385,4.80,29.60
2009.07.30 07:22:13.584,0.85375,0.85385,4.80,13.60
2009.07.30 07:22:16.463,0.85375,0.85385,4.80,10.40
2009.07.30 07:22:16.703,0.8538,0.85385,4.80,10.40
2009.07.30 07:22:17.223,0.8538,0.85385,6.80,10.40
2009.07.30 07:22:17.463,0.85385,0.85395,8.00,3.20
2009.07.30 07:22:18.283,0.85385,0.854,16.40,37.00
2009.07.30 07:22:20.273,0.8539,0.854,3.20,37.00
2009.07.30 07:22:20.892,0.8539,0.854,3.20,48.20
2009.07.30 07:22:21.132,0.8539,0.854,3.20,56.20
2009.07.30 07:22:22.262,0.8539,0.854,8.00,37.00
2009.07.30 07:22:22.552,0.8539,0.854,8.00,21.00
2009.07.30 07:22:22.912,0.8539,0.854,8.00,14.60
2009.07.30 07:22:23.252,0.8539,0.854,8.00,13.60
2009.07.30 07:22:23.642,0.8539,0.85395,8.00,10.40
2009.07.30 07:22:26.031,0.85395,0.854,4.80,29.80
2009.07.30 07:22:26.281,0.85395,0.854,4.80,42.80
2009.07.30 07:22:26.563,0.8539,0.854,8.00,42.80
2009.07.30 07:22:26.791,0.8539,0.854,8.00,49.20
2009.07.30 07:22:28.280,0.8539,0.85395,8.00,10.40
2009.07.30 07:22:28.570,0.8539,0.85395,8.00,10.60
2009.07.30 07:22:29.100,0.85385,0.8539,6.40,10.40
2009.07.30 07:22:29.560,0.85385,0.8539,4.80,10.40
2009.07.30 07:22:32.340,0.85385,0.8539,3.20,6.60
2009.07.30 07:22:32.559,0.85385,0.8539,3.20,5.60
2009.07.30 07:22:32.789,0.8538,0.8539,3.20,4.20
2009.07.30 07:22:33.019,0.8538,0.8539,3.20,10.60
2009.07.30 07:22:38.098,0.85385,0.8539,6.40,4.80
2009.07.30 07:22:39.358,0.85385,0.85395,28.00,5.60
2009.07.30 07:22:39.648,0.8539,0.854,3.20,33.20
2009.07.30 07:22:39.998,0.85395,0.854,4.80,27.40
2009.07.30 07:22:40.348,0.85395,0.854,4.80,16.40
2009.07.30 07:22:40.697,0.85395,0.854,4.80,24.20
2009.07.30 07:22:40.987,0.85395,0.854,4.80,16.20
2009.07.30 07:22:41.507,0.85395,0.854,4.80,17.00
2009.07.30 07:22:42.187,0.85395,0.854,8.00,4.80
2009.07.30 07:22:42.427,0.85395,0.854,8.00,3.20
2009.07.30 07:22:42.538,0.85395,0.854,4.80,3.20
2009.07.30 07:22:43.117,0.85395,0.854,4.80,15.70
2009.07.30 07:22:43.397,0.8539,0.85395,4.80,13.60
2009.07.30 07:22:43.617,0.8539,0.85395,4.80,21.00
2009.07.30 07:22:44.436,0.8539,0.85395,4.80,21.80
2009.07.30 07:22:44.716,0.85385,0.8539,4.80,3.20
2009.07.30 07:22:54.604,0.8539,0.85395,4.80,8.40
2009.07.30 07:22:55.184,0.85385,0.8539,4.80,3.20
2009.07.30 07:22:59.923,0.8539,0.854,4.80,20.20
2009.07.30 07:23:15.249,0.8539,0.85395,4.80,13.60
2009.07.30 07:23:15.479,0.85395,0.854,4.80,15.00
2009.07.30 07:23:18.648,0.85395,0.854,4.80,10.80
2009.07.30 07:23:19.588,0.8539,0.854,4.80,10.80
2009.07.30 07:23:24.417,0.8539,0.854,8.00,19.40
2009.07.30 07:23:24.827,0.8539,0.854,4.80,16.20
2009.07.30 07:23:25.187,0.8539,0.854,8.00,16.20
2009.07.30 07:23:26.916,0.8539,0.854,8.00,16.40
2009.07.30 07:23:27.246,0.8539,0.854,8.00,19.60
2009.07.30 07:23:28.066,0.85395,0.854,4.80,20.20
2009.07.30 07:23:28.466,0.85395,0.854,4.80,15.40
2009.07.30 07:23:28.816,0.8539,0.854,8.00,16.20
2009.07.30 07:23:29.736,0.8539,0.854,8.00,19.40
2009.07.30 07:23:29.966,0.8539,0.854,8.00,21.00
2009.07.30 07:23:30.446,0.8539,0.854,4.80,25.00
2009.07.30 07:23:30.857,0.8539,0.854,4.80,41.00
2009.07.30 07:23:31.435,0.85385,0.85395,8.00,10.60
2009.07.30 07:23:31.965,0.85385,0.85395,8.00,11.40
2009.07.30 07:23:34.444,0.8538,0.85385,14.00,10.40
2009.07.30 07:23:34.725,0.8538,0.85385,16.80,13.60
2009.07.30 07:23:35.194,0.8538,0.85385,12.80,13.60
2009.07.30 07:23:35.424,0.85375,0.85385,24.00,13.60
2009.07.30 07:23:35.834,0.85375,0.85385,8.00,13.60
2009.07.30 07:23:39.333,0.85375,0.85385,9.60,10.40
2009.07.30 07:23:39.833,0.8537,0.8538,10.80,3.20
2009.07.30 07:23:40.413,0.85375,0.8538,4.80,3.20
2009.07.30 07:23:40.743,0.8538,0.85385,4.80,3.20
2009.07.30 07:23:41.023,0.85375,0.85385,8.00,3.20
2009.07.30 07:23:43.694,0.8538,0.85385,4.80,3.20
2009.07.30 07:23:52.810,0.8538,0.85385,4.80,3.20
2009.07.30 07:24:12.056,0.8538,0.8539,4.80,37.00
2009.07.30 07:24:12.116,0.8538,0.85385,4.80,3.20
2009.07.30 07:24:15.555,0.8538,0.8539,4.80,43.40
2009.07.30 07:24:15.795,0.8538,0.8539,4.80,10.60
2009.07.30 07:24:18.874,0.8538,0.8539,8.00,10.60
2009.07.30 07:24:20.024,0.8538,0.8539,4.80,10.60
2009.07.30 07:24:20.503,0.8538,0.8539,8.00,10.60
2009.07.30 07:24:21.483,0.8538,0.8539,4.80,10.60
2009.07.30 07:24:21.953,0.8538,0.8539,4.80,9.60
2009.07.30 07:24:22.403,0.8538,0.8539,8.00,3.20
2009.07.30 07:24:23.503,0.85385,0.8539,4.80,3.20
2009.07.30 07:24:23.803,0.8538,0.8539,8.00,3.20
2009.07.30 07:24:24.093,0.8538,0.8539,4.80,13.60
2009.07.30 07:24:24.612,0.85385,0.8539,3.20,10.40
2009.07.30 07:24:25.223,0.8539,0.85395,8.00,1.20
2009.07.30 07:24:25.332,0.8539,0.854,8.00,58.80
2009.07.30 07:24:25.932,0.8539,0.854,8.00,58.60
2009.07.30 07:24:26.282,0.8539,0.85395,3.20,1.60
2009.07.30 07:24:26.452,0.8539,0.85395,8.00,3.20
2009.07.30 07:24:26.622,0.8539,0.85395,4.80,3.20
2009.07.30 07:24:26.962,0.8539,0.85395,4.80,9.60
2009.07.30 07:24:27.142,0.8539,0.85395,4.80,10.60
2009.07.30 07:24:28.611,0.8539,0.85395,8.00,7.40
2009.07.30 07:24:29.421,0.85385,0.85395,8.00,10.60
2009.07.30 07:24:29.651,0.85385,0.85395,8.00,13.60
2009.07.30 07:24:30.451,0.8539,0.85395,3.20,10.40
2009.07.30 07:24:30.871,0.85385,0.85395,8.00,13.60
2009.07.30 07:24:32.190,0.8539,0.854,8.00,57.00
2009.07.30 07:24:32.360,0.8539,0.85395,4.80,13.60
2009.07.30 07:24:32.591,0.85385,0.85395,8.00,13.60
2009.07.30 07:24:33.331,0.85385,0.854,16.40,37.00
2009.07.30 07:24:33.860,0.8539,0.854,4.80,37.00
2009.07.30 07:24:34.650,0.8539,0.854,8.00,49.00
2009.07.30 07:24:35.640,0.8539,0.854,4.80,37.00
2009.07.30 07:24:40.029,0.8539,0.854,8.00,29.60
2009.07.30 07:24:40.488,0.8539,0.854,3.20,29.60
2009.07.30 07:24:41.508,0.8539,0.854,3.20,30.80
2009.07.30 07:24:41.969,0.8539,0.854,3.20,38.80
2009.07.30 07:24:42.258,0.8539,0.854,3.20,37.00
2009.07.30 07:24:42.768,0.8539,0.854,3.20,13.60
2009.07.30 07:24:43.858,0.8539,0.854,8.00,13.60
2009.07.30 07:24:46.107,0.8539,0.854,3.20,29.80
2009.07.30 07:24:46.287,0.8539,0.854,3.20,29.60
2009.07.30 07:24:46.697,0.8539,0.854,3.20,29.80
2009.07.30 07:24:47.497,0.8539,0.854,3.20,49.20
2009.07.30 07:24:48.067,0.8539,0.854,3.20,25.80
2009.07.30 07:24:48.457,0.8539,0.854,3.20,21.20
2009.07.30 07:24:49.306,0.8539,0.854,3.20,37.20
2009.07.30 07:24:50.756,0.8539,0.854,3.20,29.20
2009.07.30 07:24:51.056,0.8539,0.854,3.20,21.20
2009.07.30 07:24:51.166,0.8539,0.854,3.20,29.80
2009.07.30 07:24:52.226,0.8539,0.854,3.20,29.60
2009.07.30 07:24:52.516,0.8539,0.854,3.20,37.20
2009.07.30 07:24:52.926,0.8539,0.854,3.20,21.00
2009.07.30 07:24:55.295,0.85385,0.854,16.80,21.00
2009.07.30 07:24:55.755,0.85385,0.854,16.40,21.20
2009.07.30 07:24:55.865,0.8539,0.854,3.20,37.00
2009.07.30 07:24:56.145,0.8539,0.854,3.20,29.00
2009.07.30 07:24:56.435,0.85385,0.854,16.40,21.00
2009.07.30 07:24:56.555,0.85385,0.854,20.80,21.00
2009.07.30 07:24:57.024,0.8539,0.854,3.20,21.00
2009.07.30 07:24:57.765,0.85385,0.854,20.80,21.00
2009.07.30 07:24:58.284,0.8539,0.854,3.20,21.00
2009.07.30 07:24:58.574,0.8539,0.854,3.20,20.00
2009.07.30 07:24:58.864,0.8539,0.854,3.20,3.20
2009.07.30 07:25:02.113,0.8539,0.854,10.00,3.20
2009.07.30 07:25:05.292,0.854,0.85405,3.20,33.80
2009.07.30 07:25:05.403,0.854,0.85405,3.20,17.80
2009.07.30 07:25:05.463,0.854,0.85405,3.20,16.80
2009.07.30 07:25:05.732,0.854,0.85405,3.20,10.40
2009.07.30 07:25:05.792,0.854,0.8541,3.20,28.40
2009.07.30 07:25:06.022,0.854,0.8541,3.20,29.80
2009.07.30 07:25:06.192,0.854,0.8541,3.20,27.40
2009.07.30 07:25:07.682,0.854,0.8541,8.00,27.00
2009.07.30 07:25:07.922,0.854,0.8541,8.00,10.60
2009.07.30 07:25:08.152,0.85395,0.85405,31.20,3.20
2009.07.30 07:25:08.422,0.85395,0.85405,26.80,3.20
2009.07.30 07:25:08.892,0.85395,0.85405,3.20,13.60
2009.07.30 07:25:09.182,0.8539,0.85405,13.20,10.40
2009.07.30 07:25:09.472,0.85395,0.85405,3.20,3.20
2009.07.30 07:25:09.762,0.85395,0.85405,3.20,21.80
2009.07.30 07:25:10.361,0.85395,0.85405,3.20,37.80
2009.07.30 07:25:10.481,0.85395,0.85405,3.20,41.00
2009.07.30 07:25:11.671,0.85395,0.85405,3.20,36.00
2009.07.30 07:25:11.831,0.85395,0.85405,3.20,29.60
2009.07.30 07:25:12.131,0.85395,0.85405,3.20,21.60
2009.07.30 07:25:12.191,0.85395,0.85405,3.20,13.60
2009.07.30 07:25:13.860,0.85395,0.85405,3.20,37.00
2009.07.30 07:25:14.210,0.85395,0.85405,3.20,37.20
2009.07.30 07:25:14.660,0.85395,0.85405,3.20,21.00
2009.07.30 07:25:15.930,0.85395,0.85405,3.20,13.60
2009.07.30 07:25:16.940,0.854,0.8541,3.20,43.40
2009.07.30 07:25:17.350,0.854,0.8541,3.20,36.20
2009.07.30 07:25:17.520,0.854,0.8541,3.20,50.60
2009.07.30 07:25:17.869,0.854,0.8541,3.20,53.80
2009.07.30 07:25:18.679,0.854,0.8541,3.20,37.80
2009.07.30 07:25:19.019,0.854,0.8541,3.20,34.20
2009.07.30 07:25:19.369,0.854,0.8541,3.20,31.00
2009.07.30 07:25:19.989,0.854,0.8541,3.20,13.60
2009.07.30 07:25:20.779,0.854,0.85405,3.20,1.80
2009.07.30 07:25:21.109,0.854,0.85405,3.20,10.40
2009.07.30 07:25:24.168,0.854,0.85415,8.00,21.60
2009.07.30 07:25:24.508,0.85405,0.85415,3.20,11.20
2009.07.30 07:25:25.258,0.85405,0.85415,3.20,21.60
2009.07.30 07:25:25.658,0.85405,0.8541,3.20,1.00
2009.07.30 07:25:26.298,0.854,0.85415,8.00,21.20
2009.07.30 07:25:26.698,0.85405,0.85415,3.20,21.60
2009.07.30 07:25:27.168,0.85405,0.8541,3.20,1.00
2009.07.30 07:25:27.567,0.85405,0.85415,3.20,21.80
2009.07.30 07:25:27.947,0.85405,0.8541,3.20,6.00
2009.07.30 07:25:29.057,0.854,0.8541,10.40,6.00
2009.07.30 07:25:29.337,0.854,0.8541,3.20,15.00
2009.07.30 07:25:29.797,0.854,0.8541,8.00,3.20
2009.07.30 07:25:30.027,0.854,0.8541,8.00,6.00
2009.07.30 07:25:30.497,0.854,0.8541,4.80,3.20
2009.07.30 07:25:30.726,0.854,0.8541,4.80,10.60
2009.07.30 07:25:32.206,0.854,0.8541,3.20,21.00
2009.07.30 07:25:32.546,0.85395,0.8541,35.60,21.00
2009.07.30 07:25:32.846,0.854,0.8541,3.20,13.60
2009.07.30 07:25:33.876,0.85395,0.8541,35.60,21.00
2009.07.30 07:25:36.865,0.85395,0.8541,27.20,21.00
2009.07.30 07:25:38.565,0.85395,0.8541,11.60,21.20
2009.07.30 07:25:39.026,0.85405,0.8541,3.20,28.20
2009.07.30 07:25:39.595,0.85405,0.8541,3.20,26.80
2009.07.30 07:25:40.164,0.85395,0.8541,11.60,21.00
2009.07.30 07:25:40.556,0.85395,0.8541,11.60,21.20
2009.07.30 07:25:40.724,0.85395,0.85405,11.60,3.20
2009.07.30 07:25:41.294,0.85395,0.85405,13.20,3.20
2009.07.30 07:25:42.554,0.85395,0.85405,14.40,3.20
2009.07.30 07:25:44.173,0.85395,0.85405,11.20,3.20
2009.07.30 07:25:45.193,0.854,0.8541,3.20,50.80
2009.07.30 07:25:46.353,0.854,0.8541,3.20,21.00
2009.07.30 07:25:47.943,0.854,0.8541,4.80,3.20
2009.07.30 07:25:48.702,0.854,0.85415,8.00,21.00
2009.07.30 07:25:49.002,0.854,0.8541,16.00,3.20
2009.07.30 07:25:49.302,0.854,0.8541,10.00,3.20
2009.07.30 07:25:49.582,0.85405,0.85415,3.20,21.00
2009.07.30 07:25:51.932,0.85405,0.85415,3.20,21.20
2009.07.30 07:25:52.162,0.85405,0.85415,3.20,37.20
2009.07.30 07:25:52.391,0.85405,0.85415,3.20,28.40
2009.07.30 07:25:52.801,0.85405,0.85415,3.20,25.00
2009.07.30 07:25:53.151,0.85405,0.85415,3.20,22.00
2009.07.30 07:25:53.321,0.85405,0.85415,3.20,25.20
2009.07.30 07:25:54.631,0.854,0.85415,12.40,21.20
2009.07.30 07:25:55.341,0.854,0.85415,8.00,21.20
2009.07.30 07:25:58.030,0.85405,0.85415,3.20,25.00
2009.07.30 07:25:58.390,0.85405,0.85415,3.20,21.80
2009.07.30 07:25:58.910,0.85405,0.85415,3.20,21.00
2009.07.30 07:25:59.610,0.85405,0.85415,8.00,21.00
2009.07.30 07:26:00.139,0.85405,0.85415,3.20,21.00
2009.07.30 07:26:00.319,0.85405,0.85415,3.20,21.80
2009.07.30 07:26:01.489,0.85405,0.85415,3.20,22.00
2009.07.30 07:26:01.719,0.85405,0.85415,3.20,25.20
2009.07.30 07:26:02.229,0.85405,0.8541,3.20,4.80
2009.07.30 07:26:08.347,0.85405,0.8542,20.00,22.60
2009.07.30 07:26:15.856,0.85405,0.85415,3.20,13.60
2009.07.30 07:26:15.916,0.85405,0.85415,3.20,14.60
2009.07.30 07:26:16.036,0.85405,0.85415,3.20,21.00
2009.07.30 07:26:18.295,0.8541,0.85415,1.00,21.00
2009.07.30 07:26:30.652,0.854,0.85415,21.20,14.80
2009.07.30 07:26:31.122,0.85405,0.85415,3.20,14.80
2009.07.30 07:26:31.292,0.85405,0.85415,3.20,13.80
2009.07.30 07:26:31.742,0.854,0.85415,21.20,14.80
2009.07.30 07:26:32.153,0.854,0.85415,21.20,10.60
2009.07.30 07:26:32.332,0.854,0.85415,21.20,11.60
2009.07.30 07:26:32.682,0.85405,0.85415,4.80,10.80
2009.07.30 07:26:32.852,0.8541,0.85415,3.60,7.40
2009.07.30 07:26:33.201,0.8541,0.8542,3.60,49.20
2009.07.30 07:26:36.181,0.8541,0.8542,3.20,49.20
2009.07.30 07:26:37.761,0.85405,0.85415,8.00,3.20
2009.07.30 07:26:37.820,0.85405,0.85415,3.20,3.20
2009.07.30 07:26:37.880,0.85405,0.85415,3.20,10.60
2009.07.30 07:26:38.800,0.85405,0.85415,3.20,21.00
2009.07.30 07:26:43.999,0.8541,0.85415,1.00,21.00
2009.07.30 07:26:44.119,0.8541,0.85415,1.00,13.60
2009.07.30 07:26:44.349,0.8541,0.85415,1.00,14.60
2009.07.30 07:26:44.529,0.8541,0.85415,1.00,17.80
2009.07.30 07:26:47.008,0.8541,0.85415,1.00,37.00
2009.07.30 07:26:47.398,0.85405,0.8541,3.20,10.40
2009.07.30 07:26:48.468,0.85405,0.85415,20.00,3.20
2009.07.30 07:26:49.688,0.85405,0.85415,4.80,13.60
2009.07.30 07:26:50.038,0.85405,0.85415,3.20,21.00
2009.07.30 07:26:50.567,0.85405,0.85415,3.20,25.00
2009.07.30 07:26:54.956,0.85405,0.85415,3.20,21.00
2009.07.30 07:26:55.016,0.854,0.85415,10.00,21.00
2009.07.30 07:26:55.327,0.854,0.85415,8.00,21.00
2009.07.30 07:26:55.896,0.85405,0.85415,3.20,23.40
2009.07.30 07:26:56.126,0.85405,0.85415,3.20,21.80
2009.07.30 07:26:57.436,0.85405,0.85415,3.20,21.00
2009.07.30 07:26:57.956,0.854,0.8541,8.00,3.20
2009.07.30 07:26:58.536,0.854,0.8541,16.00,3.20
2009.07.30 07:27:01.025,0.8541,0.85415,3.20,46.60
2009.07.30 07:27:01.145,0.8541,0.85415,3.20,43.40
2009.07.30 07:27:01.485,0.8541,0.85415,3.20,16.00
2009.07.30 07:27:01.954,0.85405,0.85415,3.20,10.60
2009.07.30 07:27:04.184,0.85405,0.85415,3.20,13.20
2009.07.30 07:27:04.684,0.85405,0.85415,3.20,25.20
2009.07.30 07:27:04.974,0.85405,0.85415,3.20,25.00
2009.07.30 07:27:05.254,0.85405,0.85415,3.20,21.80
2009.07.30 07:27:05.784,0.85405,0.85415,3.20,21.00
2009.07.30 07:27:06.913,0.85405,0.85415,3.20,22.00
2009.07.30 07:27:07.253,0.85405,0.85415,11.20,25.20
2009.07.30 07:27:07.543,0.85405,0.85415,3.20,25.20
2009.07.30 07:27:07.903,0.85405,0.85415,3.20,26.60
2009.07.30 07:27:08.723,0.85405,0.8541,3.20,4.80
2009.07.30 07:27:09.763,0.85405,0.85415,3.20,25.80
2009.07.30 07:27:10.333,0.85405,0.85415,3.20,26.60
2009.07.30 07:27:10.672,0.85405,0.85415,3.20,21.20
2009.07.30 07:27:11.023,0.85405,0.85415,3.20,26.80
2009.07.30 07:27:11.303,0.85405,0.85415,3.20,25.20
2009.07.30 07:27:12.552,0.85405,0.85415,3.20,25.00
2009.07.30 07:27:13.202,0.85405,0.8541,3.20,12.20
2009.07.30 07:27:20.990,0.85405,0.8541,3.20,12.40
2009.07.30 07:27:21.230,0.854,0.8541,8.00,16.40
2009.07.30 07:27:21.330,0.854,0.8541,3.20,16.40
2009.07.30 07:27:21.680,0.854,0.8541,3.20,18.00
2009.07.30 07:27:24.199,0.85405,0.8541,3.20,13.00
2009.07.30 07:27:24.999,0.85405,0.8541,3.20,12.20
2009.07.30 07:27:25.809,0.85405,0.8541,3.20,4.80
2009.07.30 07:27:25.979,0.85405,0.85415,3.20,37.20
2009.07.30 07:27:26.319,0.85405,0.85415,3.20,22.80
2009.07.30 07:27:26.839,0.85405,0.85415,3.20,18.00
2009.07.30 07:27:27.179,0.85405,0.85415,3.20,19.60
2009.07.30 07:27:27.439,0.85405,0.85415,3.20,18.00
2009.07.30 07:27:31.967,0.85405,0.85415,3.20,18.80
2009.07.30 07:27:32.078,0.85405,0.85415,3.20,10.60
2009.07.30 07:27:32.467,0.85405,0.85415,3.20,11.40
2009.07.30 07:27:33.028,0.85405,0.8541,3.20,1.00
2009.07.30 07:27:33.377,0.85395,0.8541,37.60,13.20
2009.07.30 07:27:33.777,0.85395,0.85405,9.60,1.00
2009.07.30 07:27:34.707,0.8539,0.854,11.20,10.60
2009.07.30 07:27:35.047,0.85385,0.854,6.40,23.40
2009.07.30 07:27:35.667,0.85385,0.854,20.00,26.60
2009.07.30 07:27:36.527,0.8539,0.85395,10.40,3.20
2009.07.30 07:27:36.807,0.8539,0.85395,15.20,1.00
2009.07.30 07:27:37.156,0.8539,0.854,8.00,3.20
2009.07.30 07:27:38.086,0.85395,0.854,3.20,5.60
2009.07.30 07:27:39.176,0.85395,0.854,3.20,4.80
2009.07.30 07:27:39.526,0.85395,0.85405,3.20,14.80
2009.07.30 07:27:40.615,0.854,0.85405,3.20,1.60
2009.07.30 07:27:40.855,0.854,0.8541,3.20,41.80
2009.07.30 07:27:41.525,0.85405,0.8541,3.20,8.00
2009.07.30 07:27:41.935,0.85405,0.8541,3.20,4.80
2009.07.30 07:27:44.136,0.85405,0.8541,3.20,12.20
2009.07.30 07:27:46.414,0.85405,0.8541,3.20,4.80
2009.07.30 07:27:46.714,0.85405,0.85415,3.20,14.80
2009.07.30 07:27:47.054,0.85405,0.8541,3.20,6.40
2009.07.30 07:27:47.354,0.85405,0.8541,3.20,4.80
2009.07.30 07:27:48.683,0.85405,0.8541,8.00,4.80
2009.07.30 07:27:49.194,0.85405,0.8541,18.40,4.80
2009.07.30 07:27:49.553,0.8541,0.8542,3.20,40.40
2009.07.30 07:27:49.993,0.85405,0.85415,8.00,3.20
2009.07.30 07:27:50.333,0.8541,0.8542,3.20,26.60
2009.07.30 07:27:50.673,0.8541,0.8542,3.20,16.20
2009.07.30 07:27:51.123,0.85405,0.8542,18.40,26.60
2009.07.30 07:27:52.093,0.85405,0.85415,3.20,18.60
2009.07.30 07:27:52.623,0.85405,0.85415,3.20,34.60
2009.07.30 07:27:53.203,0.85405,0.85415,3.20,37.80
2009.07.30 07:27:53.552,0.854,0.85415,9.60,41.20
2009.07.30 07:27:53.972,0.85395,0.85405,8.00,3.20
2009.07.30 07:27:54.273,0.854,0.8541,3.20,17.80
2009.07.30 07:27:54.622,0.854,0.8541,3.20,23.40
2009.07.30 07:27:55.212,0.85405,0.8541,3.20,24.30
2009.07.30 07:27:55.592,0.85395,0.85405,8.00,10.60
2009.07.30 07:27:56.032,0.85395,0.85405,8.00,8.20
2009.07.30 07:27:56.372,0.8539,0.85395,10.00,3.20
2009.07.30 07:27:56.703,0.85395,0.854,8.00,8.20
2009.07.30 07:27:57.041,0.8539,0.854,15.20,13.00
2009.07.30 07:27:57.752,0.85385,0.85395,21.60,7.40
2009.07.30 07:27:58.023,0.8538,0.85395,15.20,9.00
2009.07.30 07:27:58.373,0.8538,0.85395,15.20,23.40
2009.07.30 07:27:58.721,0.8538,0.85395,21.60,20.20
2009.07.30 07:27:59.241,0.8538,0.85385,5.80,10.40
2009.07.30 07:27:59.772,0.85375,0.85385,4.00,13.60
2009.07.30 07:28:00.241,0.85375,0.85385,3.20,21.00
2009.07.30 07:28:00.581,0.85375,0.8538,3.20,4.80
2009.07.30 07:28:00.932,0.85375,0.85385,3.20,21.00
2009.07.30 07:28:01.900,0.85375,0.85385,3.20,25.00
2009.07.30 07:28:02.680,0.85375,0.85385,3.20,24.20
2009.07.30 07:28:03.190,0.85375,0.85385,3.20,21.00
2009.07.30 07:28:03.570,0.85375,0.85385,3.20,13.60
2009.07.30 07:28:03.960,0.85375,0.85385,8.00,13.60
2009.07.30 07:28:04.530,0.85375,0.85385,8.00,10.40
2009.07.30 07:28:04.920,0.85375,0.85385,9.60,10.40
2009.07.30 07:28:05.489,0.85375,0.85385,8.00,13.60
2009.07.30 07:28:06.460,0.8538,0.85385,1.00,13.60
2009.07.30 07:28:06.849,0.85375,0.8538,4.80,3.20
2009.07.30 07:28:07.599,0.8538,0.85385,8.00,8.00
2009.07.30 07:28:07.809,0.8538,0.8539,16.00,21.80
2009.07.30 07:28:08.099,0.8538,0.8539,8.00,21.80
2009.07.30 07:28:08.489,0.8538,0.85385,15.20,11.70
2009.07.30 07:28:08.899,0.85385,0.8539,8.00,20.50
2009.07.30 07:28:09.299,0.85385,0.8539,8.00,5.60
2009.07.30 07:28:09.879,0.85375,0.8538,27.40,3.20
2009.07.30 07:28:10.218,0.8538,0.8539,4.80,12.20
2009.07.30 07:28:11.278,0.8538,0.8539,8.00,7.60
2009.07.30 07:28:11.668,0.85385,0.8539,10.40,4.80
2009.07.30 07:28:12.308,0.85395,0.854,3.20,29.00
2009.07.30 07:28:12.668,0.85385,0.854,4.80,42.60
2009.07.30 07:28:12.958,0.85385,0.8539,15.20,28.20
