2011.06.30 08:00:00.857,0.90131,0.90142,1.50,3.75
2011.06.30 08:00:01.081,0.90126,0.90139,4.50,1.50
2011.06.30 08:00:01.423,0.90125,0.90137,1.50,3.00
2011.06.30 08:00:01.541,0.90123,0.90136,2.25,1.50
2011.06.30 08:00:01.770,0.90126,0.90137,1.13,4.50
2011.06.30 08:00:01.989,0.90123,0.90136,3.38,1.50
2011.06.30 08:00:02.210,0.90124,0.90135,1.50,1.13
2011.06.30 08:00:02.428,0.90123,0.90136,1.50,1.50
2011.06.30 08:00:02.539,0.90123,0.90135,1.50,2.25
2011.06.30 08:00:03.227,0.90123,0.90135,1.50,3.00
2011.06.30 08:00:05.819,0.9012,0.90134,4.50,3.00
2011.06.30 08:00:06.043,0.90121,0.90134,1.50,3.00
2011.06.30 08:00:06.269,0.90122,0.90134,1.50,2.25
2011.06.30 08:00:06.817,0.90122,0.90136,1.50,4.13
2011.06.30 08:00:07.367,0.90122,0.90136,1.50,2.25
2011.06.30 08:00:09.168,0.90122,0.90136,1.50,2.25
2011.06.30 08:00:12.271,0.90126,0.90136,1.50,2.25
2011.06.30 08:00:12.709,0.90126,0.90136,1.50,2.25
2011.06.30 08:00:12.821,0.90128,0.90136,1.50,2.25
2011.06.30 08:00:12.939,0.90128,0.90138,1.50,2.25
2011.06.30 08:00:13.488,0.90128,0.90139,1.50,1.88
2011.06.30 08:00:14.048,0.90128,0.9014,1.50,4.13
2011.06.30 08:00:15.790,0.90129,0.9014,1.50,2.25
2011.06.30 08:00:17.188,0.90132,0.9014,1.13,2.25
2011.06.30 08:00:17.519,0.90132,0.9014,1.50,2.25
2011.06.30 08:00:18.069,0.90128,0.9014,1.50,2.25
2011.06.30 08:00:18.291,0.90126,0.90138,1.50,2.25
2011.06.30 08:00:18.622,0.90124,0.90136,2.25,2.25
2011.06.30 08:00:19.179,0.90124,0.90137,2.25,2.45
2011.06.30 08:00:21.139,0.90123,0.90137,3.00,2.25
2011.06.30 08:00:21.690,0.90123,0.90137,3.75,2.25
2011.06.30 08:00:22.349,0.90124,0.90137,1.50,2.45
2011.06.30 08:00:24.579,0.90125,0.90137,1.50,2.25
2011.06.30 08:00:25.295,0.90126,0.90137,1.50,2.25
2011.06.30 08:00:28.019,0.90125,0.90137,1.50,3.75
2011.06.30 08:00:32.398,0.90125,0.90137,2.25,2.25
2011.06.30 08:00:35.819,0.90126,0.90137,1.50,3.00
2011.06.30 08:00:36.480,0.90128,0.90137,1.50,3.00
2011.06.30 08:00:37.139,0.90129,0.90139,1.50,2.25
2011.06.30 08:00:37.799,0.90129,0.90139,1.50,2.25
2011.06.30 08:00:39.019,0.90126,0.90139,2.25,2.25
2011.06.30 08:00:39.567,0.90127,0.90139,1.50,2.25
2011.06.30 08:00:41.131,0.90127,0.90139,1.88,2.25
2011.06.30 08:00:41.568,0.90128,0.90142,1.50,5.82
2011.06.30 08:00:42.760,0.90127,0.90141,1.50,1.13
2011.06.30 08:00:43.308,0.90125,0.9014,2.25,3.20
2011.06.30 08:00:43.858,0.90126,0.9014,1.50,4.70
2011.06.30 08:00:44.476,0.90124,0.90138,2.25,4.50
2011.06.30 08:00:45.460,0.90125,0.90138,3.75,3.38
2011.06.30 08:00:46.009,0.90125,0.90138,1.50,3.75
2011.06.30 08:00:46.559,0.90125,0.90138,1.50,6.38
2011.06.30 08:00:47.111,0.90125,0.90138,1.50,5.63
2011.06.30 08:00:47.918,0.90126,0.90138,1.13,5.63
2011.06.30 08:00:48.579,0.90126,0.90138,1.88,1.88
2011.06.30 08:00:49.019,0.90127,0.90138,1.50,3.00
2011.06.30 08:00:50.188,0.90128,0.90138,1.13,5.63
2011.06.30 08:00:50.629,0.90128,0.90139,1.13,2.45
2011.06.30 08:00:51.177,0.90128,0.90139,1.13,2.45
2011.06.30 08:00:55.630,0.90126,0.90139,1.50,2.25
2011.06.30 08:00:55.848,0.90125,0.90139,3.00,3.20
2011.06.30 08:00:55.958,0.90123,0.90137,4.50,2.45
2011.06.30 08:00:56.838,0.90124,0.90139,3.75,2.82
2011.06.30 08:00:57.388,0.90124,0.90139,3.75,1.70
2011.06.30 08:00:58.081,0.90124,0.9014,3.75,4.70
2011.06.30 08:00:59.052,0.90123,0.90138,3.75,2.45
2011.06.30 08:00:59.987,0.90127,0.90138,1.13,2.45
2011.06.30 08:01:00.538,0.90127,0.90139,1.13,2.45
2011.06.30 08:01:01.308,0.90127,0.90141,1.88,3.57
2011.06.30 08:01:02.148,0.90128,0.90141,1.13,5.07
2011.06.30 08:01:03.529,0.90127,0.90139,1.50,2.45
2011.06.30 08:01:04.078,0.90126,0.90139,1.50,2.45
2011.06.30 08:01:04.302,0.90129,0.90139,1.88,2.25
2011.06.30 08:01:04.419,0.90129,0.90141,1.88,4.13
2011.06.30 08:01:04.638,0.90132,0.90142,1.88,2.25
2011.06.30 08:01:07.279,0.90133,0.90142,1.13,2.25
2011.06.30 08:01:08.710,0.90138,0.90145,1.13,5.63
2011.06.30 08:01:08.931,0.90135,0.90142,1.13,2.25
2011.06.30 08:01:09.506,0.90135,0.90147,1.88,3.00
2011.06.30 08:01:10.060,0.90135,0.90148,1.88,5.25
2011.06.30 08:01:10.278,0.90137,0.90149,1.50,4.13
2011.06.30 08:01:11.052,0.90137,0.90149,1.50,5.63
2011.06.30 08:01:11.279,0.90137,0.90148,1.50,1.50
2011.06.30 08:01:11.938,0.90137,0.90148,1.50,4.13
2011.06.30 08:01:12.708,0.90137,0.90146,1.50,2.25
2011.06.30 08:01:13.258,0.90134,0.90147,1.88,3.20
2011.06.30 08:01:16.429,0.90134,0.90146,1.13,3.20
2011.06.30 08:01:16.758,0.90134,0.90147,2.25,2.25
2011.06.30 08:01:17.308,0.90133,0.90146,1.88,2.25
2011.06.30 08:01:18.299,0.90137,0.90149,1.50,3.80
2011.06.30 08:01:18.520,0.90137,0.90149,1.50,2.85
2011.06.30 08:01:19.068,0.90137,0.90149,1.50,5.48
2011.06.30 08:01:19.617,0.90138,0.90149,2.25,4.13
2011.06.30 08:01:19.838,0.90139,0.90149,1.13,2.25
2011.06.30 08:01:19.949,0.90137,0.90149,1.88,2.25
2011.06.30 08:01:20.059,0.90139,0.9015,1.13,2.45
2011.06.30 08:01:20.168,0.90137,0.9015,1.88,2.45
2011.06.30 08:01:20.614,0.90136,0.9015,3.75,2.45
2011.06.30 08:01:20.734,0.90136,0.90148,1.50,2.45
2011.06.30 08:01:21.290,0.90135,0.90148,1.50,3.20
2011.06.30 08:01:21.837,0.90134,0.90148,2.25,3.95
2011.06.30 08:01:22.278,0.90134,0.90148,1.50,3.95
2011.06.30 08:01:22.390,0.90135,0.90148,1.88,3.95
2011.06.30 08:01:22.948,0.90135,0.90148,2.63,3.20
2011.06.30 08:01:24.219,0.90136,0.90149,1.50,2.63
2011.06.30 08:01:24.450,0.90138,0.9015,1.50,3.57
2011.06.30 08:01:24.888,0.90138,0.9015,1.50,2.45
2011.06.30 08:01:25.547,0.90137,0.9015,1.88,2.45
2011.06.30 08:01:27.322,0.90137,0.9015,1.88,3.20
2011.06.30 08:01:27.877,0.90138,0.9015,1.13,3.20
2011.06.30 08:01:28.429,0.90138,0.9015,1.50,3.20
2011.06.30 08:01:29.104,0.90137,0.9015,2.25,3.20
2011.06.30 08:01:29.659,0.90139,0.9015,1.50,3.00
2011.06.30 08:01:30.977,0.90139,0.90151,1.50,1.70
2011.06.30 08:01:31.528,0.90137,0.9015,1.88,3.20
2011.06.30 08:01:32.299,0.90136,0.9015,4.50,3.00
2011.06.30 08:01:34.728,0.90137,0.9015,2.25,2.45
2011.06.30 08:01:34.948,0.90137,0.9015,2.25,3.20
2011.06.30 08:01:35.719,0.90136,0.90148,3.00,2.10
2011.06.30 08:01:36.049,0.90135,0.90147,1.50,1.50
2011.06.30 08:01:36.270,0.90135,0.90148,1.50,3.00
2011.06.30 08:01:36.489,0.90135,0.9015,1.50,4.55
2011.06.30 08:01:37.079,0.90135,0.9015,1.50,3.80
2011.06.30 08:01:37.297,0.90135,0.9015,1.50,3.80
2011.06.30 08:01:39.374,0.90136,0.90148,1.50,2.25
2011.06.30 08:01:39.928,0.90135,0.90148,2.25,2.45
2011.06.30 08:01:40.919,0.90135,0.90148,1.50,2.45
2011.06.30 08:01:41.248,0.90135,0.90146,1.50,1.70
2011.06.30 08:01:41.798,0.90134,0.90147,3.00,3.95
2011.06.30 08:01:42.129,0.90134,0.90145,3.00,1.70
2011.06.30 08:01:42.461,0.90134,0.90144,2.25,1.13
2011.06.30 08:01:42.800,0.9013,0.90139,3.00,1.13
2011.06.30 08:01:42.913,0.90131,0.90141,3.00,1.32
2011.06.30 08:01:43.140,0.9013,0.90144,5.10,4.70
2011.06.30 08:01:43.593,0.90134,0.90144,2.25,2.25
2011.06.30 08:01:43.931,0.90138,0.90146,1.50,2.48
2011.06.30 08:01:44.380,0.90138,0.90149,3.00,4.13
2011.06.30 08:01:44.929,0.9014,0.90149,1.50,2.25
2011.06.30 08:01:45.258,0.90139,0.90149,1.50,4.13
2011.06.30 08:01:45.808,0.90139,0.90149,2.25,2.25
2011.06.30 08:01:46.358,0.90139,0.90149,1.50,2.25
2011.06.30 08:01:47.552,0.90141,0.90149,1.50,2.25
2011.06.30 08:01:47.999,0.90141,0.9015,2.63,1.88
2011.06.30 08:01:48.550,0.90141,0.90152,2.25,2.63
2011.06.30 08:01:48.660,0.90141,0.90152,2.25,2.63
2011.06.30 08:01:50.439,0.90139,0.90152,2.25,3.20
2011.06.30 08:01:50.988,0.90139,0.90151,1.50,2.25
2011.06.30 08:01:51.213,0.90142,0.90151,1.50,2.25
2011.06.30 08:01:51.762,0.90138,0.90151,1.50,2.25
2011.06.30 08:01:51.881,0.90138,0.90151,1.50,3.20
2011.06.30 08:01:52.000,0.90138,0.90151,1.50,3.20
2011.06.30 08:01:52.548,0.90136,0.90151,2.25,3.95
2011.06.30 08:01:52.881,0.90136,0.90147,1.50,1.32
2011.06.30 08:01:53.219,0.90133,0.90147,1.50,2.45
2011.06.30 08:01:53.768,0.90133,0.90147,1.50,3.05
2011.06.30 08:01:54.210,0.90134,0.90147,1.88,3.05
2011.06.30 08:01:55.690,0.90135,0.90147,1.13,2.30
2011.06.30 08:01:55.805,0.90134,0.90147,1.50,2.10
2011.06.30 08:01:56.362,0.90132,0.90145,3.75,1.13
2011.06.30 08:01:56.698,0.90132,0.90146,3.75,3.80
2011.06.30 08:01:57.799,0.90132,0.90146,1.50,2.30
2011.06.30 08:01:58.679,0.90131,0.90146,3.75,2.67
2011.06.30 08:01:59.229,0.90131,0.90146,3.75,3.42
2011.06.30 08:02:00.351,0.90131,0.90144,3.75,1.32
2011.06.30 08:02:00.789,0.90131,0.90145,3.75,1.32
2011.06.30 08:02:01.011,0.90133,0.90147,1.50,3.05
2011.06.30 08:02:01.230,0.90135,0.90147,1.50,2.30
2011.06.30 08:02:01.779,0.90133,0.90147,1.50,2.30
2011.06.30 08:02:02.330,0.90132,0.90146,3.00,2.30
2011.06.30 08:02:02.989,0.90132,0.90146,3.75,5.30
2011.06.30 08:02:03.664,0.90132,0.90146,1.50,1.55
2011.06.30 08:02:03.888,0.90131,0.90145,3.75,1.32
2011.06.30 08:02:03.999,0.90131,0.90147,4.50,6.05
2011.06.30 08:02:04.547,0.90131,0.90147,4.50,6.05
2011.06.30 08:02:05.097,0.90133,0.90147,3.00,6.05
2011.06.30 08:02:05.430,0.90133,0.90144,3.00,3.05
2011.06.30 08:02:05.539,0.90131,0.90144,1.50,3.05
2011.06.30 08:02:05.761,0.90131,0.90143,1.88,3.05
2011.06.30 08:02:05.870,0.90131,0.90143,1.50,3.05
2011.06.30 08:02:06.417,0.90127,0.90142,2.10,3.20
2011.06.30 08:02:06.529,0.90127,0.90142,2.10,3.20
2011.06.30 08:02:06.640,0.90127,0.90142,2.10,3.20
2011.06.30 08:02:07.994,0.90127,0.90141,2.10,3.95
2011.06.30 08:02:09.598,0.90127,0.90139,1.35,1.13
2011.06.30 08:02:09.713,0.90126,0.90141,1.88,4.70
2011.06.30 08:02:10.268,0.90128,0.90141,1.50,2.45
2011.06.30 08:02:10.818,0.90128,0.90141,1.50,2.45
2011.06.30 08:02:12.269,0.90126,0.90138,1.34,1.50
2011.06.30 08:02:13.203,0.90127,0.90141,1.50,5.82
2011.06.30 08:02:13.758,0.90125,0.9014,3.00,1.70
2011.06.30 08:02:14.860,0.90125,0.9014,3.00,1.70
2011.06.30 08:02:15.299,0.90125,0.9014,3.00,1.70
2011.06.30 08:02:15.519,0.90125,0.9014,3.00,1.70
2011.06.30 08:02:17.147,0.90125,0.9014,3.00,1.70
2011.06.30 08:02:17.479,0.9013,0.9014,1.50,1.70
2011.06.30 08:02:18.701,0.90122,0.90136,2.63,3.68
2011.06.30 08:02:18.811,0.90122,0.90134,2.63,3.00
2011.06.30 08:02:19.369,0.90122,0.90134,1.13,4.13
2011.06.30 08:02:19.918,0.90121,0.90134,3.38,4.13
2011.06.30 08:02:23.390,0.90121,0.90134,1.88,4.32
2011.06.30 08:02:24.220,0.90121,0.90132,1.13,2.25
2011.06.30 08:02:24.791,0.90122,0.90132,2.25,2.25
2011.06.30 08:02:25.342,0.90122,0.90132,1.50,2.25
2011.06.30 08:02:28.620,0.90123,0.90132,1.13,2.25
2011.06.30 08:02:28.840,0.90122,0.90132,1.50,2.25
2011.06.30 08:02:29.169,0.90127,0.90132,1.35,2.25
2011.06.30 08:02:29.510,0.90127,0.90137,1.35,2.45
2011.06.30 08:02:29.627,0.90134,0.90143,1.50,1.88
2011.06.30 08:02:30.399,0.90135,0.90146,1.50,1.88
2011.06.30 08:02:30.949,0.90135,0.90144,1.50,1.88
2011.06.30 08:02:31.500,0.90135,0.90144,1.50,1.88
2011.06.30 08:02:32.048,0.90133,0.90144,4.88,1.88
2011.06.30 08:02:32.818,0.90133,0.90144,4.50,1.88
2011.06.30 08:02:33.478,0.90133,0.90144,4.50,1.88
2011.06.30 08:02:35.018,0.90135,0.90144,2.25,1.88
2011.06.30 08:02:35.239,0.90135,0.90147,2.25,2.63
2011.06.30 08:02:36.009,0.90136,0.90147,2.25,2.25
2011.06.30 08:02:36.668,0.90138,0.90148,1.50,5.63
2011.06.30 08:02:37.218,0.90138,0.90148,1.50,4.88
2011.06.30 08:02:37.790,0.9014,0.90148,1.13,4.88
2011.06.30 08:02:37.901,0.90139,0.90148,1.50,4.88
2011.06.30 08:02:38.129,0.90138,0.90148,1.50,4.88
2011.06.30 08:02:39.665,0.90136,0.90148,1.50,5.63
2011.06.30 08:02:40.114,0.90135,0.90147,1.50,1.32
2011.06.30 08:02:40.448,0.90131,0.90146,5.10,1.70
2011.06.30 08:02:41.001,0.90133,0.90147,1.50,4.92
2011.06.30 08:02:41.338,0.90134,0.90147,2.25,2.85
2011.06.30 08:02:41.671,0.90137,0.90147,1.13,2.48
2011.06.30 08:02:42.231,0.90136,0.90148,3.00,2.25
2011.06.30 08:02:42.569,0.90136,0.90148,1.50,3.38
2011.06.30 08:02:43.025,0.90137,0.90148,1.50,2.85
2011.06.30 08:02:43.360,0.90139,0.90148,1.88,2.85
2011.06.30 08:02:44.570,0.90141,0.90151,1.50,1.88
2011.06.30 08:02:44.789,0.90141,0.90154,2.25,2.07
2011.06.30 08:02:45.119,0.90142,0.90156,3.75,1.32
2011.06.30 08:02:46.221,0.90143,0.90153,1.50,1.13
2011.06.30 08:02:46.771,0.90144,0.90156,1.34,1.32
2011.06.30 08:02:47.336,0.90143,0.90156,1.34,1.70
2011.06.30 08:02:47.890,0.90145,0.90158,3.75,2.82
2011.06.30 08:02:48.220,0.90146,0.90158,1.50,1.32
2011.06.30 08:02:48.549,0.90146,0.90159,1.50,5.07
2011.06.30 08:02:49.099,0.90147,0.90159,2.25,1.88
2011.06.30 08:02:49.431,0.90147,0.90161,4.35,3.20
2011.06.30 08:02:49.649,0.90148,0.90161,1.50,3.20
2011.06.30 08:02:49.759,0.90148,0.90161,1.50,3.20
2011.06.30 08:02:50.309,0.9015,0.90161,1.50,2.25
2011.06.30 08:02:51.095,0.9015,0.90163,2.10,3.95
2011.06.30 08:02:51.662,0.90149,0.90162,3.00,2.45
2011.06.30 08:02:52.221,0.90149,0.90162,3.00,2.45
2011.06.30 08:02:54.757,0.90149,0.90162,3.00,1.70
2011.06.30 08:02:55.497,0.90149,0.90163,3.00,3.20
2011.06.30 08:02:55.842,0.90147,0.90156,1.50,1.32
2011.06.30 08:02:56.073,0.90147,0.90157,1.50,3.20
2011.06.30 08:02:56.621,0.90147,0.90157,1.50,2.45
2011.06.30 08:02:56.737,0.90147,0.90159,1.50,2.07
2011.06.30 08:02:57.931,0.90147,0.90159,1.50,1.70
2011.06.30 08:02:59.338,0.90147,0.90159,1.50,1.70
2011.06.30 08:02:59.835,0.90147,0.9016,2.25,2.25
2011.06.30 08:03:00.391,0.90148,0.90161,1.50,4.73
2011.06.30 08:03:00.948,0.90149,0.90161,1.50,4.92
2011.06.30 08:03:03.707,0.9015,0.90161,1.50,2.85
2011.06.30 08:03:05.639,0.9015,0.90161,2.25,2.85
2011.06.30 08:03:05.750,0.90154,0.90165,2.25,5.63
2011.06.30 08:03:05.972,0.90154,0.90167,1.50,3.00
2011.06.30 08:03:06.200,0.90155,0.90167,1.50,2.25
2011.06.30 08:03:06.750,0.90158,0.90166,1.50,2.25
2011.06.30 08:03:06.973,0.90154,0.90166,1.50,2.45
2011.06.30 08:03:07.621,0.90154,0.90166,1.50,2.45
2011.06.30 08:03:08.949,0.90154,0.90166,1.50,2.45
2011.06.30 08:03:09.498,0.90154,0.90166,1.50,2.25
2011.06.30 08:03:10.162,0.90154,0.90164,1.50,2.25
2011.06.30 08:03:11.236,0.90156,0.90167,2.63,2.25
2011.06.30 08:03:11.685,0.90156,0.90168,1.50,3.95
2011.06.30 08:03:12.250,0.90156,0.90167,1.50,2.45
2011.06.30 08:03:13.129,0.90156,0.90167,1.50,2.45
2011.06.30 08:03:13.349,0.90155,0.90169,3.00,2.82
2011.06.30 08:03:13.900,0.90157,0.90171,3.75,5.07
2011.06.30 08:03:14.230,0.90157,0.90171,4.13,3.95
2011.06.30 08:03:14.670,0.90166,0.90172,1.13,1.50
2011.06.30 08:03:15.126,0.90164,0.90178,3.00,4.70
2011.06.30 08:03:15.251,0.90165,0.90178,3.00,1.70
2011.06.30 08:03:15.471,0.90164,0.90179,3.43,4.70
2011.06.30 08:03:15.594,0.90166,0.90179,1.13,5.07
2011.06.30 08:03:16.589,0.90168,0.9018,3.00,2.82
2011.06.30 08:03:17.252,0.90168,0.90181,3.00,2.82
2011.06.30 08:03:17.370,0.90172,0.90181,1.13,2.07
2011.06.30 08:03:17.482,0.90169,0.90182,1.50,2.45
2011.06.30 08:03:17.710,0.90169,0.90182,1.50,3.20
2011.06.30 08:03:18.161,0.90168,0.90179,3.00,1.13
2011.06.30 08:03:18.837,0.90165,0.90177,1.35,1.70
2011.06.30 08:03:19.172,0.90165,0.90177,1.35,2.25
2011.06.30 08:03:19.728,0.90167,0.90176,1.13,3.57
2011.06.30 08:03:19.950,0.90165,0.90176,1.13,2.25
2011.06.30 08:03:20.282,0.90165,0.90178,1.13,3.00
2011.06.30 08:03:20.512,0.90164,0.90177,4.50,1.13
2011.06.30 08:03:20.852,0.9016,0.90171,3.60,1.13
2011.06.30 08:03:21.369,0.90159,0.90171,3.60,1.13
2011.06.30 08:03:21.485,0.90159,0.90174,2.85,3.20
2011.06.30 08:03:21.711,0.90163,0.90174,1.88,2.45
2011.06.30 08:03:21.830,0.90163,0.90177,1.88,1.70
2011.06.30 08:03:22.379,0.90163,0.90177,1.88,1.32
2011.06.30 08:03:23.039,0.90169,0.90178,1.13,2.25
2011.06.30 08:03:24.028,0.90167,0.9018,1.13,2.45
2011.06.30 08:03:25.472,0.90169,0.9018,1.13,3.20
2011.06.30 08:03:26.253,0.9017,0.90182,1.13,3.95
2011.06.30 08:03:26.373,0.9017,0.90182,1.13,3.95
2011.06.30 08:03:26.488,0.90169,0.90182,1.88,3.20
2011.06.30 08:03:26.599,0.90169,0.9018,1.88,2.25
2011.06.30 08:03:26.929,0.90169,0.90182,2.63,3.00
2011.06.30 08:03:27.148,0.90168,0.90182,1.50,3.75
2011.06.30 08:03:27.260,0.90167,0.90181,1.50,3.20
2011.06.30 08:03:27.808,0.90166,0.90179,1.50,3.00
2011.06.30 08:03:27.920,0.90164,0.90178,1.50,4.55
2011.06.30 08:03:28.029,0.90164,0.90178,1.50,6.05
2011.06.30 08:03:28.469,0.90162,0.90176,4.50,1.50
2011.06.30 08:03:29.020,0.90162,0.90175,2.25,7.35
2011.06.30 08:03:29.519,0.90161,0.90175,3.75,3.00
2011.06.30 08:03:30.399,0.90162,0.90175,1.88,3.00
2011.06.30 08:03:30.840,0.90164,0.90176,1.50,2.85
2011.06.30 08:03:31.391,0.90165,0.90176,1.13,2.25
2011.06.30 08:03:31.509,0.90164,0.90176,2.10,2.25
2011.06.30 08:03:31.620,0.90164,0.90174,1.50,1.13
2011.06.30 08:03:31.729,0.90163,0.90174,3.00,1.13
2011.06.30 08:03:32.060,0.90162,0.90175,1.50,4.13
2011.06.30 08:03:32.389,0.90164,0.90177,1.88,2.45
2011.06.30 08:03:32.942,0.90165,0.90177,2.25,2.25
2011.06.30 08:03:33.067,0.90163,0.90178,3.00,2.45
2011.06.30 08:03:33.290,0.90163,0.90175,2.25,2.25
2011.06.30 08:03:33.839,0.90163,0.90175,2.25,2.25
2011.06.30 08:03:34.388,0.90164,0.90176,2.25,2.25
2011.06.30 08:03:34.939,0.90163,0.90176,1.50,3.00
2011.06.30 08:03:35.707,0.90162,0.90176,4.50,3.00
2011.06.30 08:03:36.258,0.90162,0.90176,4.50,4.88
2011.06.30 08:03:36.808,0.90163,0.90176,1.50,4.88
2011.06.30 08:03:37.472,0.90167,0.90176,1.13,2.25
2011.06.30 08:03:37.590,0.90167,0.90178,1.13,1.50
2011.06.30 08:03:38.119,0.90171,0.90182,2.25,4.13
2011.06.30 08:03:38.560,0.90173,0.90181,1.50,1.35
2011.06.30 08:03:39.222,0.90173,0.90181,1.50,1.35
2011.06.30 08:03:39.672,0.90169,0.90182,1.50,3.00
2011.06.30 08:03:40.233,0.9017,0.90183,1.50,4.13
2011.06.30 08:03:41.026,0.9017,0.90183,1.50,4.88
2011.06.30 08:03:41.579,0.9017,0.90181,1.50,2.85
2011.06.30 08:03:42.460,0.90169,0.90181,1.50,2.85
2011.06.30 08:03:43.229,0.90169,0.90182,1.50,5.10
2011.06.30 08:03:43.558,0.90173,0.90182,1.50,4.35
2011.06.30 08:03:44.108,0.90171,0.90182,1.50,3.60
2011.06.30 08:03:44.658,0.90172,0.90182,1.50,3.60
2011.06.30 08:03:46.090,0.90173,0.90182,1.50,1.35
2011.06.30 08:03:46.641,0.90175,0.90183,1.50,3.23
2011.06.30 08:03:47.189,0.90176,0.90184,1.50,3.98
2011.06.30 08:03:47.739,0.90176,0.90183,1.50,1.88
2011.06.30 08:03:48.838,0.90176,0.90185,1.50,3.98
2011.06.30 08:03:49.499,0.90173,0.90185,3.00,3.98
2011.06.30 08:03:49.939,0.90174,0.90183,1.50,2.10
2011.06.30 08:03:50.898,0.90171,0.90183,1.50,3.75
2011.06.30 08:03:51.451,0.9017,0.90183,1.50,3.00
2011.06.30 08:03:51.561,0.9017,0.90182,1.50,1.13
2011.06.30 08:03:51.901,0.90168,0.90181,3.75,1.55
2011.06.30 08:03:52.349,0.9017,0.90181,2.25,1.50
2011.06.30 08:03:52.683,0.90168,0.90179,3.75,2.10
2011.06.30 08:03:53.058,0.90167,0.90176,3.00,1.13
2011.06.30 08:03:53.291,0.90166,0.90177,1.50,2.07
2011.06.30 08:03:53.846,0.90168,0.90177,1.50,1.88
2011.06.30 08:03:54.400,0.90168,0.90177,1.50,1.88
2011.06.30 08:03:54.736,0.90169,0.9018,1.50,2.30
2011.06.30 08:03:54.960,0.9017,0.90182,1.50,4.50
2011.06.30 08:03:55.180,0.90169,0.90182,2.25,5.07
2011.06.30 08:03:56.609,0.90172,0.90182,1.50,2.63
2011.06.30 08:03:56.832,0.90174,0.90186,1.50,5.10
2011.06.30 08:03:57.601,0.90172,0.90186,1.50,4.55
2011.06.30 08:03:58.149,0.90171,0.90184,2.25,2.45
2011.06.30 08:03:58.480,0.90173,0.90185,3.75,2.48
2011.06.30 08:03:59.358,0.90175,0.90186,1.50,2.10
2011.06.30 08:03:59.909,0.90175,0.90186,1.50,2.10
2011.06.30 08:04:00.568,0.90174,0.90186,3.38,2.10
2011.06.30 08:04:01.234,0.90175,0.90186,1.50,2.10
2011.06.30 08:04:02.780,0.90178,0.90186,1.13,2.48
2011.06.30 08:04:03.111,0.90178,0.90188,1.50,3.38
2011.06.30 08:04:03.232,0.90178,0.90186,1.50,2.10
2011.06.30 08:04:03.348,0.90178,0.90188,1.50,3.23
2011.06.30 08:04:04.450,0.9018,0.90188,1.50,3.23
2011.06.30 08:04:05.344,0.90177,0.90188,1.13,3.23
2011.06.30 08:04:05.468,0.90174,0.90187,2.25,3.05
2011.06.30 08:04:06.019,0.90174,0.90187,2.25,3.05
2011.06.30 08:04:10.291,0.90174,0.90188,3.00,6.42
2011.06.30 08:04:10.509,0.90174,0.90188,2.25,6.42
2011.06.30 08:04:11.060,0.90174,0.90188,3.00,6.42
2011.06.30 08:04:11.393,0.90172,0.90185,3.75,1.13
2011.06.30 08:04:11.513,0.90171,0.90185,2.25,1.32
2011.06.30 08:04:11.853,0.90174,0.90185,1.50,1.88
2011.06.30 08:04:12.192,0.90179,0.90187,2.25,2.10
2011.06.30 08:04:12.531,0.90181,0.90189,1.13,3.98
2011.06.30 08:04:13.066,0.90183,0.90192,1.13,2.63
2011.06.30 08:04:13.187,0.9019,0.90197,1.50,2.10
2011.06.30 08:04:13.523,0.90192,0.90198,1.50,3.38
2011.06.30 08:04:13.861,0.90197,0.90203,1.50,4.50
2011.06.30 08:04:13.971,0.90197,0.90203,1.50,2.25
2011.06.30 08:04:14.203,0.90197,0.90203,1.50,1.35
2011.06.30 08:04:14.429,0.90198,0.90204,1.50,2.25
2011.06.30 08:04:14.979,0.902,0.90206,1.50,5.63
2011.06.30 08:04:15.202,0.90198,0.90203,1.50,1.35
2011.06.30 08:04:15.429,0.90196,0.90203,2.25,1.35
2011.06.30 08:04:16.070,0.902,0.9021,1.50,1.50
2011.06.30 08:04:16.193,0.90201,0.90208,1.13,1.50
2011.06.30 08:04:16.312,0.90199,0.9021,1.88,1.50
2011.06.30 08:04:16.869,0.90197,0.90208,1.88,3.98
2011.06.30 08:04:17.419,0.90197,0.90207,1.50,2.25
2011.06.30 08:04:17.531,0.90196,0.90207,1.50,2.25
2011.06.30 08:04:18.420,0.90201,0.90207,2.10,3.00
2011.06.30 08:04:18.750,0.90198,0.90213,1.88,2.63
2011.06.30 08:04:19.229,0.90197,0.90209,2.25,2.25
2011.06.30 08:04:19.451,0.90198,0.90209,1.13,2.25
2011.06.30 08:04:20.112,0.90199,0.90209,2.63,2.25
2011.06.30 08:04:20.450,0.90204,0.90215,1.50,3.23
2011.06.30 08:04:20.782,0.90204,0.90213,1.50,2.25
2011.06.30 08:04:21.449,0.90204,0.90213,3.38,3.00
2011.06.30 08:04:22.110,0.90204,0.90213,3.00,4.88
2011.06.30 08:04:22.443,0.902,0.90213,2.25,5.48
2011.06.30 08:04:22.889,0.90201,0.90213,1.50,5.48
2011.06.30 08:04:23.221,0.90205,0.90213,2.25,2.63
2011.06.30 08:04:23.332,0.90205,0.90215,1.50,2.85
2011.06.30 08:04:23.888,0.90204,0.90216,1.50,9.23
2011.06.30 08:04:24.000,0.90203,0.90212,1.50,2.10
2011.06.30 08:04:24.221,0.90201,0.90212,1.50,3.60
2011.06.30 08:04:24.443,0.90204,0.90211,1.13,2.85
2011.06.30 08:04:24.779,0.90205,0.90213,1.50,1.35
2011.06.30 08:04:27.080,0.90204,0.90213,1.50,1.73
2011.06.30 08:04:27.630,0.90201,0.90212,1.50,2.48
2011.06.30 08:04:27.851,0.90202,0.90212,1.50,2.48
2011.06.30 08:04:28.619,0.90201,0.90212,2.25,4.35
2011.06.30 08:04:29.133,0.902,0.90212,2.25,4.35
2011.06.30 08:04:29.699,0.90199,0.90212,1.50,4.35
2011.06.30 08:04:30.032,0.90199,0.90212,3.75,2.10
2011.06.30 08:04:30.258,0.902,0.90212,1.50,2.30
2011.06.30 08:04:32.398,0.902,0.90212,1.50,2.25
2011.06.30 08:04:32.948,0.90201,0.90213,1.88,2.82
2011.06.30 08:04:33.938,0.90203,0.90215,2.25,2.25
2011.06.30 08:04:34.490,0.90204,0.90215,1.50,2.25
2011.06.30 08:04:35.898,0.90203,0.90216,3.75,1.32
2011.06.30 08:04:36.121,0.90205,0.9022,1.88,2.07
2011.06.30 08:04:36.244,0.90204,0.90218,3.00,2.67
2011.06.30 08:04:36.361,0.90206,0.90218,1.13,2.67
2011.06.30 08:04:36.472,0.90204,0.90218,5.25,2.48
2011.06.30 08:04:36.590,0.90205,0.90218,1.50,5.67
2011.06.30 08:04:36.919,0.90204,0.90217,1.50,2.45
2011.06.30 08:04:37.030,0.90203,0.90217,4.50,1.70
2011.06.30 08:04:37.470,0.90205,0.90218,1.50,6.42
2011.06.30 08:04:37.909,0.90205,0.90218,1.13,4.17
2011.06.30 08:04:38.783,0.90203,0.90211,3.75,2.25
2011.06.30 08:04:39.014,0.90203,0.90214,2.63,1.50
2011.06.30 08:04:39.131,0.90206,0.90216,1.13,3.60
2011.06.30 08:04:39.244,0.90208,0.90217,2.25,2.10
2011.06.30 08:04:39.362,0.90208,0.90219,2.25,2.85
2011.06.30 08:04:39.592,0.9021,0.90219,1.13,2.85
2011.06.30 08:04:39.930,0.90209,0.90219,1.50,2.85
2011.06.30 08:04:40.262,0.90214,0.90223,1.13,3.75
2011.06.30 08:04:41.040,0.9021,0.90219,1.13,2.85
2011.06.30 08:04:41.260,0.90208,0.90219,1.88,2.85
2011.06.30 08:04:41.480,0.90207,0.90218,1.13,1.88
2011.06.30 08:04:41.702,0.90205,0.90217,3.00,2.48
2011.06.30 08:04:41.820,0.90207,0.90217,1.13,2.48
2011.06.30 08:04:42.375,0.90208,0.90217,1.13,2.48
2011.06.30 08:04:42.490,0.90205,0.90217,3.00,2.48
2011.06.30 08:04:43.043,0.90205,0.90217,2.25,2.48
2011.06.30 08:04:43.598,0.90205,0.90217,2.25,2.48
2011.06.30 08:04:44.149,0.9021,0.90217,1.13,2.48
2011.06.30 08:04:44.700,0.90213,0.90219,1.13,3.00
2011.06.30 08:04:44.808,0.90213,0.90219,1.13,1.35
2011.06.30 08:04:44.919,0.9021,0.90219,1.13,1.35
2011.06.30 08:04:45.029,0.90208,0.90218,1.13,3.60
2011.06.30 08:04:45.579,0.90208,0.90218,1.13,4.73
2011.06.30 08:04:46.460,0.90205,0.90218,1.50,7.92
2011.06.30 08:04:46.679,0.90205,0.90216,1.50,2.10
2011.06.30 08:04:47.549,0.90208,0.90218,1.13,3.57
2011.06.30 08:04:47.677,0.90208,0.90217,1.13,2.85
2011.06.30 08:04:48.232,0.9021,0.90217,1.13,2.10
2011.06.30 08:04:48.570,0.90213,0.90219,1.13,2.25
2011.06.30 08:04:49.118,0.90215,0.90221,1.13,2.25
2011.06.30 08:04:49.232,0.90215,0.90221,1.13,2.25
2011.06.30 08:04:49.350,0.90215,0.90222,1.13,3.60
2011.06.30 08:04:49.570,0.90215,0.90225,1.13,4.32
2011.06.30 08:04:50.012,0.90213,0.90225,1.13,4.13
2011.06.30 08:04:50.678,0.90213,0.90225,2.25,4.13
2011.06.30 08:04:51.009,0.90213,0.90225,2.25,4.13
2011.06.30 08:04:51.229,0.90213,0.90225,1.50,4.13
2011.06.30 08:04:51.779,0.90213,0.90224,2.25,2.25
2011.06.30 08:04:51.890,0.90213,0.90224,3.00,2.25
2011.06.30 08:04:52.002,0.90213,0.90222,3.00,2.85
2011.06.30 08:04:52.330,0.90211,0.90222,3.01,4.73
2011.06.30 08:04:52.873,0.90218,0.90224,1.13,3.00
2011.06.30 08:04:53.980,0.90216,0.90221,1.13,2.25
2011.06.30 08:04:54.530,0.90218,0.90224,1.13,1.13
2011.06.30 08:04:54.750,0.90215,0.90223,1.88,4.35
2011.06.30 08:04:55.081,0.90212,0.90223,1.13,3.75
2011.06.30 08:04:56.441,0.9021,0.90223,1.13,4.35
2011.06.30 08:04:57.003,0.90213,0.90223,1.13,4.50
2011.06.30 08:04:57.121,0.90212,0.90222,1.13,1.35
2011.06.30 08:04:57.353,0.90212,0.90221,1.13,2.10
2011.06.30 08:04:57.866,0.90208,0.90221,2.25,2.10
2011.06.30 08:04:58.091,0.90211,0.90222,1.13,6.98
2011.06.30 08:04:58.419,0.90211,0.9022,1.13,4.35
2011.06.30 08:04:58.641,0.9021,0.90219,1.50,4.35
2011.06.30 08:04:58.970,0.90207,0.90218,1.88,1.13
2011.06.30 08:04:59.519,0.90207,0.90217,1.50,1.88
2011.06.30 08:04:59.960,0.90211,0.90217,1.13,1.88
2011.06.30 08:05:00.290,0.90206,0.90219,1.88,6.05
2011.06.30 08:05:00.510,0.90204,0.90218,2.25,1.50
2011.06.30 08:05:00.620,0.90204,0.90216,1.50,2.25
2011.06.30 08:05:01.168,0.90205,0.90217,1.50,2.25
2011.06.30 08:05:02.385,0.90203,0.90216,3.00,1.50
2011.06.30 08:05:02.721,0.902,0.90213,3.75,2.10
2011.06.30 08:05:03.050,0.90201,0.90211,1.13,2.25
2011.06.30 08:05:03.381,0.90199,0.90211,1.50,2.25
2011.06.30 08:05:03.928,0.90199,0.90211,1.50,6.23
2011.06.30 08:05:04.480,0.90199,0.90211,1.50,4.35
2011.06.30 08:05:05.029,0.90199,0.90211,1.50,4.13
2011.06.30 08:05:07.289,0.90198,0.90211,2.25,6.98
2011.06.30 08:05:09.399,0.90199,0.90211,2.25,5.48
2011.06.30 08:05:09.729,0.90199,0.90211,1.50,5.67
2011.06.30 08:05:10.060,0.90199,0.90211,1.88,5.67
2011.06.30 08:05:10.390,0.90201,0.90211,1.88,3.80
2011.06.30 08:05:11.488,0.90201,0.90211,1.13,3.80
2011.06.30 08:05:12.253,0.90201,0.90212,1.13,3.98
2011.06.30 08:05:12.809,0.90201,0.90211,1.13,1.55
2011.06.30 08:05:13.142,0.90204,0.90212,1.13,4.55
2011.06.30 08:05:13.590,0.90204,0.90214,1.13,3.80
2011.06.30 08:05:14.029,0.90202,0.90214,1.13,2.45
2011.06.30 08:05:14.360,0.90202,0.90211,1.13,2.25
2011.06.30 08:05:15.460,0.90198,0.90211,3.00,3.20
2011.06.30 08:05:15.681,0.90197,0.90206,3.75,2.10
2011.06.30 08:05:16.377,0.90197,0.90206,2.25,2.85
2011.06.30 08:05:16.941,0.90198,0.90206,1.13,2.10
2011.06.30 08:05:17.282,0.90196,0.90206,1.13,2.10
2011.06.30 08:05:17.512,0.90197,0.90209,2.25,2.63
2011.06.30 08:05:18.069,0.90197,0.90207,1.50,1.35
2011.06.30 08:05:18.619,0.90197,0.90208,1.88,2.10
2011.06.30 08:05:19.061,0.90201,0.90208,1.13,2.10
2011.06.30 08:05:19.283,0.902,0.9021,1.50,2.45
2011.06.30 08:05:19.403,0.902,0.90214,2.25,1.73
2011.06.30 08:05:19.631,0.90201,0.90214,3.00,1.17
2011.06.30 08:05:19.749,0.902,0.90214,2.25,4.92
2011.06.30 08:05:20.411,0.902,0.90213,1.50,3.00
2011.06.30 08:05:20.850,0.90199,0.90211,2.25,2.25
2011.06.30 08:05:20.961,0.90199,0.90211,1.50,2.25
2011.06.30 08:05:21.952,0.902,0.90211,1.13,2.25
2011.06.30 08:05:23.060,0.902,0.90207,1.88,2.10
2011.06.30 08:05:23.504,0.90198,0.90208,1.13,2.25
2011.06.30 08:05:23.621,0.902,0.9021,1.13,3.38
2011.06.30 08:05:23.951,0.90202,0.90213,1.13,2.10
2011.06.30 08:05:24.172,0.90201,0.90213,2.25,2.10
2011.06.30 08:05:24.765,0.90203,0.90212,1.13,2.85
2011.06.30 08:05:26.200,0.90202,0.90213,1.13,4.35
2011.06.30 08:05:26.529,0.90205,0.90213,1.13,4.35
2011.06.30 08:05:27.410,0.90203,0.90213,1.13,4.35
2011.06.30 08:05:27.520,0.90206,0.90213,1.13,2.25
2011.06.30 08:05:27.741,0.90206,0.90215,1.13,3.00
2011.06.30 08:05:27.850,0.90207,0.90218,1.50,5.10
2011.06.30 08:05:28.401,0.90208,0.90219,1.13,3.60
2011.06.30 08:05:28.979,0.90208,0.9022,1.88,4.35
2011.06.30 08:05:29.311,0.9021,0.90215,1.50,2.25
2011.06.30 08:05:29.640,0.90209,0.90219,1.50,3.60
2011.06.30 08:05:29.860,0.9021,0.90218,1.13,3.00
2011.06.30 08:05:31.399,0.90209,0.90216,1.13,2.10
2011.06.30 08:05:33.699,0.90212,0.90218,1.13,2.85
2011.06.30 08:05:34.140,0.90212,0.90219,1.13,2.25
2011.06.30 08:05:34.471,0.90214,0.90222,1.13,2.85
2011.06.30 08:05:34.690,0.90213,0.9022,1.13,2.10
2011.06.30 08:05:34.911,0.90212,0.9022,1.88,2.10
2011.06.30 08:05:35.141,0.9021,0.9022,1.50,2.10
2011.06.30 08:05:36.579,0.9021,0.9022,1.13,2.85
2011.06.30 08:05:38.189,0.90215,0.90222,1.13,2.85
2011.06.30 08:05:38.521,0.90215,0.90223,1.13,2.10
2011.06.30 08:05:41.981,0.90215,0.90226,1.13,5.25
2011.06.30 08:05:42.093,0.90212,0.90225,1.13,3.00
2011.06.30 08:05:42.211,0.90211,0.90225,4.13,2.45
2011.06.30 08:05:42.759,0.90212,0.90224,3.01,3.00
2011.06.30 08:05:42.979,0.90212,0.90224,1.13,3.00
2011.06.30 08:05:43.090,0.90212,0.90224,2.25,3.20
2011.06.30 08:05:43.202,0.90212,0.90223,2.25,2.85
2011.06.30 08:05:43.759,0.90211,0.90223,1.50,3.42
2011.06.30 08:05:44.530,0.90209,0.90221,1.50,2.10
2011.06.30 08:05:44.992,0.90206,0.90218,3.38,1.70
2011.06.30 08:05:45.118,0.90204,0.90218,1.50,1.70
2011.06.30 08:05:45.669,0.90204,0.90217,2.25,2.30
2011.06.30 08:05:45.999,0.90204,0.90213,1.50,1.13
2011.06.30 08:05:46.331,0.90202,0.90211,2.25,3.20
2011.06.30 08:05:46.444,0.90199,0.9021,3.00,1.70
2011.06.30 08:05:46.672,0.90201,0.90211,2.25,1.70
2011.06.30 08:05:47.229,0.90199,0.90212,1.50,2.45
2011.06.30 08:05:47.342,0.90198,0.90212,1.50,3.00
2011.06.30 08:05:47.460,0.90201,0.90213,2.25,1.70
2011.06.30 08:05:47.977,0.90199,0.90214,2.25,4.32
2011.06.30 08:05:48.534,0.90198,0.90213,3.75,1.70
2011.06.30 08:05:48.871,0.90199,0.90211,3.38,1.70
2011.06.30 08:05:49.199,0.902,0.90214,3.00,4.70
2011.06.30 08:05:49.639,0.902,0.90213,1.88,1.32
2011.06.30 08:05:49.749,0.902,0.90213,1.50,1.32
2011.06.30 08:05:50.189,0.90201,0.90213,1.50,1.32
2011.06.30 08:05:50.524,0.90206,0.90216,1.13,4.88
2011.06.30 08:05:50.643,0.90207,0.90218,1.13,3.38
2011.06.30 08:05:51.195,0.90207,0.9022,1.88,2.63
2011.06.30 08:05:51.750,0.90207,0.9022,3.00,2.82
2011.06.30 08:05:52.188,0.90211,0.90221,2.25,2.82
2011.06.30 08:05:52.450,0.90209,0.90221,3.00,2.82
2011.06.30 08:05:53.442,0.90206,0.90221,3.75,2.82
2011.06.30 08:05:54.000,0.90205,0.90217,1.13,1.70
2011.06.30 08:05:54.440,0.90203,0.90216,3.75,1.70
2011.06.30 08:05:55.016,0.90201,0.90216,3.00,2.45
2011.06.30 08:05:55.568,0.90201,0.90217,5.25,6.57
2011.06.30 08:05:55.900,0.90204,0.90216,1.35,1.70
2011.06.30 08:05:56.230,0.90206,0.9022,3.00,3.80
2011.06.30 08:05:58.699,0.90206,0.9022,3.75,2.45
2011.06.30 08:05:59.469,0.90206,0.9022,2.25,3.20
2011.06.30 08:06:00.019,0.90206,0.9022,3.38,3.20
2011.06.30 08:06:01.269,0.90206,0.9022,4.13,3.20
2011.06.30 08:06:01.930,0.90207,0.9022,1.13,2.45
2011.06.30 08:06:02.149,0.90208,0.90222,1.50,1.70
2011.06.30 08:06:02.698,0.90209,0.90223,1.50,3.80
2011.06.30 08:06:03.249,0.90208,0.90223,3.00,3.80
2011.06.30 08:06:04.131,0.90212,0.90223,1.50,2.85
2011.06.30 08:06:04.459,0.90213,0.90223,1.50,2.25
2011.06.30 08:06:05.009,0.90214,0.90223,1.50,2.25
2011.06.30 08:06:05.779,0.90214,0.90223,1.50,2.25
2011.06.30 08:06:06.996,0.90215,0.90223,1.13,2.25
2011.06.30 08:06:07.332,0.90215,0.90223,1.50,3.75
2011.06.30 08:06:07.888,0.90215,0.90223,2.25,3.75
2011.06.30 08:06:08.692,0.90215,0.90223,1.50,3.00
2011.06.30 08:06:08.816,0.90215,0.90225,1.50,3.00
2011.06.30 08:06:08.931,0.90213,0.90223,2.25,1.35
2011.06.30 08:06:09.371,0.90215,0.90225,1.13,1.88
2011.06.30 08:06:09.929,0.90215,0.90225,2.25,1.50
2011.06.30 08:06:10.040,0.90215,0.90225,2.25,1.70
2011.06.30 08:06:10.588,0.90215,0.90225,1.50,1.50
2011.06.30 08:06:10.700,0.90215,0.90225,1.50,1.50
2011.06.30 08:06:12.019,0.90217,0.90225,1.50,1.50
2011.06.30 08:06:12.679,0.90217,0.90226,2.25,1.50
2011.06.30 08:06:12.793,0.90215,0.90228,1.88,3.98
2011.06.30 08:06:13.613,0.90215,0.90228,1.50,3.38
2011.06.30 08:06:13.730,0.90215,0.90228,1.50,3.38
2011.06.30 08:06:14.498,0.90217,0.90228,1.50,1.88
2011.06.30 08:06:15.051,0.90219,0.90229,1.13,3.00
2011.06.30 08:06:16.043,0.9022,0.90231,3.00,3.38
2011.06.30 08:06:16.385,0.90223,0.90235,1.50,1.88
2011.06.30 08:06:16.501,0.90223,0.90235,1.50,1.88
2011.06.30 08:06:17.060,0.90228,0.90235,1.50,1.88
2011.06.30 08:06:17.448,0.90226,0.90235,1.50,1.88
2011.06.30 08:06:17.574,0.90226,0.90237,1.50,1.88
2011.06.30 08:06:17.913,0.90226,0.90237,3.00,1.88
2011.06.30 08:06:18.140,0.90226,0.9024,3.38,2.25
2011.06.30 08:06:18.689,0.90228,0.90241,1.88,4.73
2011.06.30 08:06:20.340,0.90228,0.90241,2.63,5.48
2011.06.30 08:06:20.889,0.90227,0.90241,4.50,4.92
2011.06.30 08:06:22.318,0.90227,0.9024,3.75,1.88
2011.06.30 08:06:23.481,0.90227,0.9024,3.00,2.63
2011.06.30 08:06:23.701,0.90227,0.90239,3.00,2.10
2011.06.30 08:06:24.142,0.90224,0.90237,1.50,2.82
2011.06.30 08:06:24.480,0.90224,0.90237,1.50,1.70
2011.06.30 08:06:24.702,0.90224,0.90239,1.35,5.07
2011.06.30 08:06:25.039,0.90225,0.90238,1.13,1.55
2011.06.30 08:06:25.480,0.90225,0.90238,1.13,2.85
2011.06.30 08:06:26.031,0.90223,0.90236,2.25,1.55
2011.06.30 08:06:26.588,0.90221,0.90234,3.00,2.25
2011.06.30 08:06:29.961,0.90223,0.90234,1.50,3.38
2011.06.30 08:06:30.071,0.9022,0.90233,3.75,1.50
2011.06.30 08:06:30.191,0.9022,0.90232,2.25,2.45
2011.06.30 08:06:30.738,0.90219,0.90233,1.50,2.45
2011.06.30 08:06:31.759,0.90219,0.90233,1.88,2.45
2011.06.30 08:06:32.279,0.9022,0.90235,3.00,4.92
2011.06.30 08:06:32.395,0.9022,0.90236,3.38,5.67
2011.06.30 08:06:35.590,0.90226,0.90236,1.50,2.48
2011.06.30 08:06:36.138,0.90226,0.90237,1.50,2.63
2011.06.30 08:06:36.578,0.90225,0.90238,2.63,4.88
2011.06.30 08:06:37.801,0.90227,0.90239,1.88,2.25
2011.06.30 08:06:38.020,0.90227,0.90239,1.50,2.63
2011.06.30 08:06:38.678,0.90227,0.90238,1.50,3.00
2011.06.30 08:06:39.011,0.90227,0.90236,1.13,2.10
2011.06.30 08:06:39.120,0.90227,0.90237,1.13,1.88
2011.06.30 08:06:40.550,0.90225,0.90237,1.50,1.88
2011.06.30 08:06:40.661,0.90225,0.90237,1.50,4.32
2011.06.30 08:06:40.881,0.90222,0.90237,3.00,3.95
2011.06.30 08:06:41.875,0.90221,0.90237,4.50,5.82
2011.06.30 08:06:42.430,0.90221,0.90233,1.88,2.25
2011.06.30 08:06:42.765,0.90219,0.90233,3.00,3.95
2011.06.30 08:06:42.993,0.90218,0.90232,1.50,3.20
2011.06.30 08:06:43.550,0.90217,0.90231,1.73,2.45
2011.06.30 08:06:43.881,0.90219,0.90232,1.50,2.25
2011.06.30 08:06:44.754,0.90219,0.90233,2.25,2.45
2011.06.30 08:06:44.982,0.90219,0.90233,2.25,2.45
2011.06.30 08:06:45.429,0.90219,0.90231,2.63,2.25
2011.06.30 08:06:45.980,0.90221,0.90233,1.88,2.45
2011.06.30 08:06:46.310,0.9022,0.90234,3.75,3.38
2011.06.30 08:06:46.641,0.90221,0.90229,2.25,1.13
2011.06.30 08:06:46.768,0.90221,0.9023,2.25,3.00
2011.06.30 08:06:46.883,0.90218,0.90227,3.00,1.70
2011.06.30 08:06:47.226,0.90215,0.90224,1.50,2.25
2011.06.30 08:06:47.343,0.90215,0.90224,1.50,2.25
2011.06.30 08:06:47.776,0.90212,0.90226,3.75,2.25
2011.06.30 08:06:47.895,0.90212,0.90226,2.25,2.25
2011.06.30 08:06:48.448,0.90212,0.90226,3.00,2.25
2011.06.30 08:06:48.889,0.90213,0.90226,1.13,2.25
2011.06.30 08:06:49.222,0.90217,0.90229,2.25,2.07
2011.06.30 08:06:49.452,0.90217,0.90232,2.25,4.70
2011.06.30 08:06:50.092,0.90219,0.90233,3.00,2.82
2011.06.30 08:06:50.760,0.9022,0.90234,1.50,2.82
2011.06.30 08:06:51.312,0.9022,0.90234,4.50,2.82
2011.06.30 08:06:51.650,0.90226,0.90236,1.50,3.38
2011.06.30 08:06:52.136,0.90229,0.90238,1.88,1.50
2011.06.30 08:06:52.364,0.90229,0.90239,1.88,3.60
2011.06.30 08:06:53.491,0.90228,0.90239,2.25,3.60
2011.06.30 08:06:53.599,0.90228,0.90238,1.50,2.10
2011.06.30 08:06:54.150,0.9023,0.90238,1.50,3.98
2011.06.30 08:06:54.810,0.90228,0.90238,1.13,2.48
2011.06.30 08:06:56.569,0.90227,0.90238,1.50,2.10
2011.06.30 08:06:58.076,0.90227,0.90238,1.88,2.10
2011.06.30 08:06:59.399,0.90228,0.90238,1.50,2.10
2011.06.30 08:06:59.948,0.90226,0.90238,1.50,2.10
2011.06.30 08:07:00.498,0.90226,0.90238,2.25,2.10
2011.06.30 08:07:01.489,0.90225,0.90235,2.25,1.35
2011.06.30 08:07:02.038,0.90225,0.90233,1.50,3.00
2011.06.30 08:07:02.960,0.90225,0.90233,1.50,3.00
2011.06.30 08:07:03.070,0.90225,0.90239,1.50,2.85
2011.06.30 08:07:03.400,0.90228,0.9024,1.53,3.20
2011.06.30 08:07:03.840,0.90228,0.90243,2.28,3.95
2011.06.30 08:07:04.059,0.90229,0.90245,3.63,4.92
2011.06.30 08:07:05.043,0.90231,0.90245,1.50,4.73
2011.06.30 08:07:05.269,0.90231,0.90245,1.50,4.73
2011.06.30 08:07:05.490,0.90231,0.90245,3.60,1.32
2011.06.30 08:07:06.038,0.90231,0.90245,1.35,1.32
2011.06.30 08:07:06.482,0.90231,0.90243,1.35,1.13
2011.06.30 08:07:06.821,0.90229,0.90241,1.50,1.50
2011.06.30 08:07:06.928,0.90228,0.90236,1.53,2.10
2011.06.30 08:07:07.479,0.90226,0.9024,2.86,3.57
2011.06.30 08:07:07.591,0.90226,0.9024,2.86,1.70
2011.06.30 08:07:07.814,0.9023,0.90242,4.35,3.57
2011.06.30 08:07:08.151,0.90227,0.90241,3.76,3.00
2011.06.30 08:07:08.699,0.90227,0.90241,3.01,3.95
2011.06.30 08:07:09.034,0.90227,0.90241,3.75,2.25
2011.06.30 08:07:09.371,0.90234,0.90245,1.50,3.00
2011.06.30 08:07:10.261,0.90232,0.90246,4.50,4.50
2011.06.30 08:07:10.482,0.90233,0.90246,1.88,3.75
2011.06.30 08:07:10.820,0.90233,0.90244,1.50,2.85
2011.06.30 08:07:11.154,0.90232,0.90238,1.88,1.50
2011.06.30 08:07:11.273,0.9023,0.90239,2.10,2.25
2011.06.30 08:07:11.392,0.90231,0.90243,3.38,1.13
2011.06.30 08:07:11.514,0.90231,0.90244,3.00,3.38
2011.06.30 08:07:12.069,0.90232,0.90244,3.75,1.88
2011.06.30 08:07:12.179,0.90232,0.90245,3.00,1.13
2011.06.30 08:07:12.868,0.90232,0.90246,1.50,3.60
2011.06.30 08:07:12.979,0.90232,0.90246,1.50,3.60
2011.06.30 08:07:13.639,0.90233,0.90246,1.50,3.23
2011.06.30 08:07:14.301,0.90234,0.90246,2.63,3.23
2011.06.30 08:07:14.629,0.90234,0.90246,2.63,3.23
2011.06.30 08:07:15.618,0.90235,0.90246,1.50,2.85
2011.06.30 08:07:16.542,0.90234,0.90246,1.50,2.85
2011.06.30 08:07:17.101,0.90233,0.90239,1.50,2.10
2011.06.30 08:07:17.321,0.90232,0.90237,1.50,2.25
2011.06.30 08:07:17.431,0.90232,0.9024,1.50,3.00
2011.06.30 08:07:17.652,0.90231,0.90246,1.88,4.13
2011.06.30 08:07:18.209,0.90233,0.90246,1.50,4.73
2011.06.30 08:07:18.656,0.90238,0.9025,1.13,2.25
2011.06.30 08:07:18.991,0.90238,0.90246,1.13,2.10
2011.06.30 08:07:19.104,0.90237,0.90248,1.50,4.35
2011.06.30 08:07:19.331,0.90236,0.90247,1.50,1.55
2011.06.30 08:07:19.661,0.90232,0.90244,3.75,2.10
2011.06.30 08:07:20.211,0.90231,0.90242,1.50,2.25
2011.06.30 08:07:20.690,0.9023,0.90244,3.00,1.13
2011.06.30 08:07:20.802,0.9023,0.90244,3.00,1.13
2011.06.30 08:07:21.139,0.9023,0.90244,3.75,2.25
2011.06.30 08:07:21.688,0.9023,0.90244,3.00,3.00
2011.06.30 08:07:22.241,0.90232,0.90243,1.13,2.25
2011.06.30 08:07:22.569,0.90233,0.90244,1.50,3.60
2011.06.30 08:07:22.901,0.90233,0.90244,1.50,3.60
2011.06.30 08:07:23.121,0.90231,0.90244,2.25,3.60
2011.06.30 08:07:23.453,0.90228,0.90241,4.36,2.25
2011.06.30 08:07:23.571,0.90228,0.9024,1.36,2.45
2011.06.30 08:07:24.298,0.90228,0.90241,3.01,3.80
2011.06.30 08:07:24.850,0.90226,0.90239,1.51,2.45
2011.06.30 08:07:25.294,0.9023,0.90242,2.25,2.07
2011.06.30 08:07:25.853,0.90229,0.90242,3.01,1.13
2011.06.30 08:07:26.190,0.90229,0.90242,3.75,1.32
2011.06.30 08:07:26.631,0.90231,0.9024,3.75,1.13
2011.06.30 08:07:27.188,0.90231,0.9024,4.50,1.13
2011.06.30 08:07:27.409,0.90231,0.9024,3.75,1.13
2011.06.30 08:07:28.207,0.90228,0.90238,1.51,3.00
2011.06.30 08:07:28.764,0.90224,0.90237,2.26,2.25
2011.06.30 08:07:28.992,0.90224,0.90237,1.51,3.57
2011.06.30 08:07:29.663,0.9022,0.90235,2.26,3.95
2011.06.30 08:07:30.111,0.9022,0.90235,1.50,3.75
2011.06.30 08:07:30.335,0.90223,0.9023,1.13,2.25
2011.06.30 08:07:30.454,0.9022,0.9023,1.13,2.25
2011.06.30 08:07:30.791,0.90219,0.9023,1.50,2.25
2011.06.30 08:07:31.119,0.90219,0.90235,3.75,4.70
2011.06.30 08:07:31.652,0.90219,0.90233,3.75,2.45
2011.06.30 08:07:32.210,0.90219,0.90233,3.75,2.45
2011.06.30 08:07:32.759,0.90219,0.90233,6.75,2.45
2011.06.30 08:07:33.639,0.90219,0.90233,6.00,2.45
2011.06.30 08:07:34.193,0.90219,0.90233,3.75,3.20
2011.06.30 08:07:34.535,0.90217,0.90231,2.25,5.07
2011.06.30 08:07:34.870,0.90217,0.90229,3.00,1.70
2011.06.30 08:07:35.556,0.90217,0.90231,3.75,1.70
2011.06.30 08:07:35.678,0.90217,0.9023,3.00,1.70
2011.06.30 08:07:36.339,0.90217,0.9023,3.00,1.70
2011.06.30 08:07:36.561,0.90214,0.90229,3.60,4.70
2011.06.30 08:07:36.889,0.90214,0.90229,1.50,3.95
2011.06.30 08:07:37.438,0.90214,0.90229,1.50,4.70
2011.06.30 08:07:37.988,0.90214,0.90228,1.50,1.70
2011.06.30 08:07:38.539,0.90215,0.90226,1.13,3.20
2011.06.30 08:07:38.653,0.90214,0.90226,1.50,3.00
2011.06.30 08:07:39.208,0.90213,0.90228,2.25,4.55
2011.06.30 08:07:39.760,0.90212,0.90226,1.50,3.95
2011.06.30 08:07:40.543,0.90211,0.90227,1.73,4.70
2011.06.30 08:07:41.099,0.90212,0.90226,2.63,1.70
2011.06.30 08:07:41.430,0.90213,0.90227,2.25,3.20
2011.06.30 08:07:42.198,0.90214,0.90227,1.50,3.20
2011.06.30 08:07:42.749,0.90213,0.90227,3.75,3.20
2011.06.30 08:07:43.958,0.90214,0.90228,3.00,4.70
2011.06.30 08:07:44.288,0.90215,0.90228,1.13,3.95
2011.06.30 08:07:44.400,0.90215,0.90228,1.13,3.20
2011.06.30 08:07:45.059,0.90214,0.90228,4.35,3.20
2011.06.30 08:07:45.608,0.90214,0.90228,4.35,3.95
2011.06.30 08:07:45.940,0.90214,0.90228,3.60,3.20
2011.06.30 08:07:46.502,0.90215,0.9023,3.75,1.55
2011.06.30 08:07:46.625,0.90217,0.90231,1.50,4.55
2011.06.30 08:07:48.829,0.9022,0.9023,1.13,1.55
2011.06.30 08:07:49.158,0.90217,0.9023,3.75,1.55
2011.06.30 08:07:49.491,0.90215,0.90229,3.75,3.95
2011.06.30 08:07:49.599,0.90215,0.90229,3.75,4.32
2011.06.30 08:07:49.930,0.90215,0.90228,3.00,2.45
2011.06.30 08:07:50.369,0.90213,0.90225,1.88,2.45
2011.06.30 08:07:50.481,0.90221,0.90227,1.35,1.50
2011.06.30 08:07:50.592,0.90221,0.9023,1.35,2.45
2011.06.30 08:07:50.820,0.90219,0.9023,2.25,2.85
2011.06.30 08:07:51.418,0.90218,0.9023,1.88,2.30
2011.06.30 08:07:51.535,0.90218,0.90231,1.88,1.55
2011.06.30 08:07:51.650,0.90218,0.90231,1.88,2.30
2011.06.30 08:07:51.981,0.90217,0.9023,1.50,3.05
2011.06.30 08:07:52.092,0.90217,0.90229,1.50,1.55
2011.06.30 08:07:52.211,0.90214,0.90228,3.75,2.82
2011.06.30 08:07:52.542,0.90214,0.90228,3.75,5.07
2011.06.30 08:07:53.099,0.90214,0.90228,3.75,5.07
2011.06.30 08:07:54.730,0.90214,0.90227,3.00,1.70
2011.06.30 08:07:55.599,0.90214,0.90228,3.00,4.32
2011.06.30 08:07:55.928,0.90214,0.90228,3.38,3.57
2011.06.30 08:07:56.680,0.90215,0.90226,1.50,2.30
2011.06.30 08:07:57.565,0.90215,0.90228,1.50,3.20
2011.06.30 08:07:57.868,0.90214,0.90228,2.85,4.32
2011.06.30 08:07:58.529,0.90214,0.90225,2.85,1.70
2011.06.30 08:07:59.189,0.90214,0.90225,2.25,1.70
2011.06.30 08:07:59.740,0.90214,0.90228,3.00,3.20
2011.06.30 08:08:01.100,0.90214,0.90227,3.00,1.70
2011.06.30 08:08:01.211,0.90214,0.90226,3.00,1.70
2011.06.30 08:08:01.784,0.90214,0.90226,3.00,1.70
2011.06.30 08:08:02.132,0.90218,0.90225,2.10,1.70
2011.06.30 08:08:02.362,0.90218,0.9023,1.50,3.20
2011.06.30 08:08:02.593,0.90218,0.90228,2.10,1.32
2011.06.30 08:08:02.823,0.90215,0.90229,5.10,3.20
2011.06.30 08:08:03.052,0.90214,0.90228,8.85,2.07
2011.06.30 08:08:03.170,0.90216,0.90228,2.25,2.07
2011.06.30 08:08:03.283,0.90216,0.90229,5.25,1.70
2011.06.30 08:08:03.840,0.90217,0.90228,3.75,2.07
2011.06.30 08:08:04.714,0.90217,0.9023,3.75,2.45
2011.06.30 08:08:04.831,0.90217,0.9023,3.75,1.50
2011.06.30 08:08:05.488,0.90217,0.90233,5.25,3.75
2011.06.30 08:08:05.712,0.90217,0.90231,4.50,1.88
2011.06.30 08:08:06.270,0.90218,0.90231,2.85,1.70
2011.06.30 08:08:06.600,0.90219,0.90234,1.35,3.95
2011.06.30 08:08:06.818,0.90219,0.90234,1.35,3.20
2011.06.30 08:08:07.710,0.90225,0.90235,1.13,3.80
2011.06.30 08:08:07.820,0.90225,0.90235,1.13,4.55
2011.06.30 08:08:08.352,0.90224,0.90238,1.13,3.95
2011.06.30 08:08:08.793,0.90221,0.90236,3.00,3.20
2011.06.30 08:08:08.914,0.90221,0.90234,1.50,3.20
2011.06.30 08:08:09.251,0.90219,0.90233,1.50,1.70
2011.06.30 08:08:09.689,0.90218,0.90234,3.75,4.32
2011.06.30 08:08:10.459,0.90221,0.90234,1.50,4.32
2011.06.30 08:08:11.009,0.90219,0.90233,1.50,1.70
2011.06.30 08:08:11.762,0.9022,0.90233,1.50,1.70
2011.06.30 08:08:12.101,0.90218,0.90233,4.13,1.70
2011.06.30 08:08:12.430,0.9022,0.90231,1.13,3.60
2011.06.30 08:08:12.651,0.90218,0.90231,1.50,3.60
2011.06.30 08:08:13.199,0.90217,0.90231,3.75,3.80
2011.06.30 08:08:13.638,0.90217,0.90231,3.75,3.80
2011.06.30 08:08:13.750,0.90217,0.90231,3.00,3.80
2011.06.30 08:08:14.190,0.90218,0.90231,1.50,3.60
2011.06.30 08:08:14.850,0.9022,0.90232,1.13,3.75
2011.06.30 08:08:15.181,0.90219,0.90232,1.88,2.25
2011.06.30 08:08:15.290,0.90219,0.90232,2.25,2.25
2011.06.30 08:08:15.399,0.90219,0.90232,2.25,2.25
2011.06.30 08:08:15.509,0.90219,0.90232,2.25,2.25
2011.06.30 08:08:16.180,0.90219,0.90231,1.13,1.55
2011.06.30 08:08:16.399,0.90216,0.9023,3.38,1.70
2011.06.30 08:08:16.731,0.90215,0.90226,1.50,3.00
2011.06.30 08:08:16.840,0.90212,0.90224,2.25,1.70
2011.06.30 08:08:17.169,0.90209,0.90224,3.60,1.70
2011.06.30 08:08:17.279,0.9021,0.90223,1.13,1.70
2011.06.30 08:08:17.940,0.90212,0.90224,1.13,3.20
2011.06.30 08:08:18.490,0.90211,0.90223,3.00,1.70
2011.06.30 08:08:18.929,0.90209,0.90225,4.35,4.55
2011.06.30 08:08:19.149,0.90219,0.90225,1.13,2.85
2011.06.30 08:08:19.595,0.90213,0.90226,1.13,3.20
2011.06.30 08:08:19.709,0.90213,0.90226,1.13,3.20
2011.06.30 08:08:19.930,0.90213,0.90226,1.88,3.20
2011.06.30 08:08:20.259,0.90214,0.90229,3.75,1.70
2011.06.30 08:08:20.589,0.90216,0.90229,2.25,1.70
2011.06.30 08:08:20.700,0.90216,0.90229,2.25,1.70
2011.06.30 08:08:20.810,0.90214,0.90228,5.25,1.32
2011.06.30 08:08:20.919,0.90214,0.90228,4.13,1.32
2011.06.30 08:08:21.580,0.90214,0.90229,1.13,1.70
2011.06.30 08:08:22.570,0.90214,0.90228,1.88,3.20
2011.06.30 08:08:22.790,0.90214,0.90226,1.88,3.95
2011.06.30 08:08:23.379,0.90213,0.90226,1.50,3.95
2011.06.30 08:08:24.039,0.90213,0.90226,1.50,3.20
2011.06.30 08:08:24.369,0.90211,0.90227,3.38,3.95
2011.06.30 08:08:24.701,0.9021,0.90221,3.00,1.13
2011.06.30 08:08:25.249,0.90209,0.9022,2.25,1.13
2011.06.30 08:08:25.359,0.90209,0.90221,2.25,1.70
2011.06.30 08:08:25.579,0.90209,0.90223,3.00,2.45
2011.06.30 08:08:25.689,0.90208,0.90214,2.25,1.13
2011.06.30 08:08:26.241,0.90208,0.90214,2.25,1.13
2011.06.30 08:08:26.650,0.90205,0.90214,2.25,1.13
2011.06.30 08:08:26.767,0.90205,0.90216,2.25,2.07
2011.06.30 08:08:28.199,0.90205,0.90217,2.25,2.45
2011.06.30 08:08:28.753,0.90205,0.90215,2.25,1.55
2011.06.30 08:08:28.982,0.90205,0.90213,2.25,1.13
2011.06.30 08:08:29.432,0.90201,0.90211,2.25,1.50
2011.06.30 08:08:29.979,0.902,0.90214,3.00,3.75
2011.06.30 08:08:30.842,0.90202,0.90215,1.88,1.35
2011.06.30 08:08:30.961,0.902,0.90215,5.25,1.35
2011.06.30 08:08:31.619,0.90202,0.90216,1.88,5.10
2011.06.30 08:08:31.729,0.90201,0.90215,1.50,1.35
2011.06.30 08:08:32.065,0.90205,0.90216,2.25,1.35
2011.06.30 08:08:32.840,0.90205,0.90216,3.00,1.35
2011.06.30 08:08:33.761,0.90203,0.90217,5.25,4.13
2011.06.30 08:08:34.090,0.90203,0.90217,1.50,4.13
2011.06.30 08:08:34.638,0.90201,0.90214,3.75,1.88
2011.06.30 08:08:35.081,0.90201,0.90212,1.50,1.88
2011.06.30 08:08:35.411,0.90196,0.90204,1.50,1.50
2011.06.30 08:08:35.522,0.90193,0.90203,3.75,1.50
2011.06.30 08:08:36.086,0.9019,0.90204,3.00,3.00
2011.06.30 08:08:36.200,0.90192,0.90204,1.50,3.00
2011.06.30 08:08:36.531,0.90191,0.90205,3.00,3.75
2011.06.30 08:08:37.199,0.90191,0.90205,4.13,3.00
2011.06.30 08:08:37.532,0.90191,0.90204,3.00,1.50
2011.06.30 08:08:38.749,0.90191,0.90205,2.25,4.70
2011.06.30 08:08:39.300,0.90192,0.90202,3.00,1.13
2011.06.30 08:08:39.410,0.90192,0.90205,3.00,1.32
2011.06.30 08:08:40.336,0.90192,0.90204,3.00,3.05
2011.06.30 08:08:40.457,0.90189,0.90204,1.50,5.30
2011.06.30 08:08:41.781,0.90189,0.90202,2.25,1.70
2011.06.30 08:08:42.112,0.90188,0.902,2.25,2.82
2011.06.30 08:08:42.454,0.90188,0.90195,2.25,1.13
2011.06.30 08:08:42.576,0.90188,0.90196,2.25,2.07
2011.06.30 08:08:42.694,0.90186,0.90194,2.25,5.10
2011.06.30 08:08:42.921,0.90179,0.90193,1.50,1.55
2011.06.30 08:08:43.525,0.90179,0.90191,1.50,2.85
2011.06.30 08:08:43.646,0.90181,0.90195,3.00,4.17
2011.06.30 08:08:44.200,0.90183,0.90196,2.25,1.70
2011.06.30 08:08:44.752,0.90184,0.90197,3.00,3.05
2011.06.30 08:08:44.981,0.90185,0.90197,1.13,4.55
2011.06.30 08:08:45.530,0.90186,0.902,1.50,1.50
2011.06.30 08:08:45.862,0.90186,0.902,3.75,3.75
2011.06.30 08:08:46.419,0.90186,0.902,3.00,3.95
2011.06.30 08:08:47.629,0.90186,0.902,3.38,3.20
2011.06.30 08:08:47.739,0.90186,0.902,3.00,3.95
2011.06.30 08:08:47.850,0.90187,0.90202,3.00,1.32
2011.06.30 08:08:48.179,0.90189,0.90203,1.13,3.95
2011.06.30 08:08:48.400,0.9019,0.90203,1.88,3.75
2011.06.30 08:08:48.621,0.90192,0.90206,1.50,3.75
2011.06.30 08:08:48.949,0.90193,0.90207,3.38,3.20
2011.06.30 08:08:49.389,0.90196,0.9021,1.13,4.32
2011.06.30 08:08:49.831,0.90194,0.90209,3.00,1.50
2011.06.30 08:08:50.819,0.90192,0.90207,1.88,3.20
2011.06.30 08:08:53.869,0.90192,0.90207,1.88,5.07
2011.06.30 08:08:55.929,0.90192,0.90204,1.13,2.25
2011.06.30 08:08:56.999,0.90192,0.90205,1.13,3.00
2011.06.30 08:08:57.690,0.90191,0.90205,3.00,3.38
2011.06.30 08:08:57.908,0.90192,0.90206,3.00,1.55
2011.06.30 08:08:58.451,0.90193,0.90207,2.25,2.07
2011.06.30 08:08:58.562,0.90193,0.90207,3.00,1.32
2011.06.30 08:08:58.798,0.90193,0.90207,2.25,1.32
2011.06.30 08:09:01.078,0.90193,0.90209,4.50,4.55
2011.06.30 08:09:01.299,0.90193,0.90209,5.85,3.95
2011.06.30 08:09:01.630,0.90196,0.90211,6.00,4.92
2011.06.30 08:09:02.179,0.90196,0.90211,7.13,1.35
2011.06.30 08:09:02.730,0.90196,0.90208,4.50,1.50
2011.06.30 08:09:03.172,0.90195,0.90203,3.00,4.35
2011.06.30 08:09:03.400,0.90193,0.90203,4.73,3.00
2011.06.30 08:09:03.509,0.90196,0.9021,3.00,5.10
2011.06.30 08:09:03.620,0.90196,0.9021,4.50,3.60
2011.06.30 08:09:04.006,0.90196,0.90207,3.75,2.10
2011.06.30 08:09:04.339,0.90195,0.90207,1.88,2.10
2011.06.30 08:09:04.670,0.90195,0.90207,1.50,3.60
2011.06.30 08:09:04.892,0.90193,0.90205,1.88,1.50
2011.06.30 08:09:05.230,0.90195,0.90205,1.50,1.50
2011.06.30 08:09:05.560,0.90197,0.90204,1.50,1.13
2011.06.30 08:09:05.671,0.90198,0.90207,1.50,3.60
2011.06.30 08:09:05.780,0.90198,0.90205,1.50,3.00
2011.06.30 08:09:06.002,0.90194,0.90205,1.50,3.00
2011.06.30 08:09:06.122,0.90194,0.90207,1.50,5.85
2011.06.30 08:09:06.460,0.90193,0.90207,3.75,5.10
2011.06.30 08:09:06.569,0.90193,0.90207,3.75,5.10
2011.06.30 08:09:07.536,0.90195,0.90207,1.50,5.10
2011.06.30 08:09:08.092,0.90194,0.90207,1.50,5.10
2011.06.30 08:09:08.650,0.90194,0.90207,1.88,5.10
2011.06.30 08:09:10.302,0.90193,0.90207,3.00,5.10
2011.06.30 08:09:10.420,0.90194,0.90207,1.88,5.10
2011.06.30 08:09:11.520,0.90196,0.90207,1.13,5.10
2011.06.30 08:09:11.851,0.90196,0.9021,3.00,3.75
2011.06.30 08:09:12.435,0.90196,0.90209,2.25,1.70
2011.06.30 08:09:12.990,0.90195,0.90209,1.50,1.70
2011.06.30 08:09:13.540,0.90196,0.90209,2.25,1.70
2011.06.30 08:09:13.869,0.90194,0.90209,6.00,2.45
2011.06.30 08:09:14.199,0.90196,0.90209,1.13,1.50
2011.06.30 08:09:14.750,0.90195,0.9021,3.75,1.70
2011.06.30 08:09:15.079,0.90195,0.90208,4.50,1.32
2011.06.30 08:09:16.162,0.90195,0.90209,4.50,3.57
2011.06.30 08:09:16.720,0.90195,0.90209,4.50,2.45
2011.06.30 08:09:18.119,0.90197,0.90211,1.13,3.20
2011.06.30 08:09:18.560,0.90196,0.90211,1.50,3.20
2011.06.30 08:09:19.649,0.90197,0.90211,1.13,3.20
2011.06.30 08:09:20.420,0.90198,0.90211,1.50,5.30
2011.06.30 08:09:20.970,0.90199,0.90211,1.13,2.85
2011.06.30 08:09:21.499,0.90199,0.90208,1.13,2.10
2011.06.30 08:09:21.616,0.90196,0.90207,2.25,1.35
2011.06.30 08:09:22.171,0.90195,0.90207,1.88,1.35
2011.06.30 08:09:23.760,0.90195,0.90207,1.50,3.60
2011.06.30 08:09:23.980,0.90193,0.90203,2.25,1.13
2011.06.30 08:09:24.199,0.90193,0.90204,2.25,2.45
2011.06.30 08:09:24.311,0.90193,0.90203,2.25,2.45
2011.06.30 08:09:24.641,0.90188,0.90199,2.25,1.50
2011.06.30 08:09:25.300,0.90189,0.90201,2.25,1.50
2011.06.30 08:09:25.409,0.90189,0.90203,3.75,3.20
2011.06.30 08:09:25.630,0.90189,0.90203,4.50,3.20
2011.06.30 08:09:26.741,0.9019,0.90203,1.50,3.20
2011.06.30 08:09:27.179,0.90189,0.90203,3.75,3.00
2011.06.30 08:09:27.949,0.90189,0.90203,5.85,3.00
2011.06.30 08:09:28.498,0.90189,0.90203,5.85,3.75
2011.06.30 08:09:29.162,0.90189,0.90203,5.10,3.95
2011.06.30 08:09:29.380,0.9019,0.90203,1.50,3.95
2011.06.30 08:09:29.600,0.90194,0.90207,3.75,1.32
2011.06.30 08:09:29.712,0.90194,0.90209,5.25,2.30
2011.06.30 08:09:29.939,0.90195,0.90209,3.75,1.55
2011.06.30 08:09:30.052,0.90197,0.90209,2.25,1.55
2011.06.30 08:09:30.517,0.90197,0.9021,2.25,1.55
2011.06.30 08:09:31.293,0.90197,0.90208,2.25,1.13
2011.06.30 08:09:31.630,0.90192,0.90205,7.50,3.05
2011.06.30 08:09:31.959,0.9019,0.90204,4.13,3.20
2011.06.30 08:09:32.399,0.9019,0.90201,3.00,1.13
2011.06.30 08:09:32.949,0.90189,0.90201,2.85,1.13
2011.06.30 08:09:33.279,0.90189,0.90199,4.35,1.13
2011.06.30 08:09:33.499,0.90189,0.90201,3.75,2.63
2011.06.30 08:09:36.448,0.90189,0.90199,2.25,1.50
2011.06.30 08:09:36.564,0.90188,0.90196,2.25,1.13
2011.06.30 08:09:36.681,0.90188,0.90198,2.25,2.07
2011.06.30 08:09:36.791,0.90188,0.90198,2.25,1.50
2011.06.30 08:09:37.011,0.90188,0.90202,3.00,4.50
2011.06.30 08:09:37.122,0.90189,0.90201,2.25,1.70
2011.06.30 08:09:37.781,0.90189,0.902,2.25,1.70
2011.06.30 08:09:39.379,0.90189,0.902,2.25,2.45
2011.06.30 08:09:39.490,0.90187,0.90199,3.00,1.32
2011.06.30 08:09:39.601,0.90189,0.90197,2.25,1.70
2011.06.30 08:09:40.183,0.90188,0.90197,2.25,1.70
2011.06.30 08:09:40.530,0.90186,0.90195,4.35,1.32
2011.06.30 08:09:40.860,0.90184,0.90191,3.00,2.07
2011.06.30 08:09:41.741,0.90181,0.90193,1.13,1.70
2011.06.30 08:09:41.851,0.90181,0.90194,1.88,1.70
2011.06.30 08:09:42.072,0.90182,0.90191,3.00,1.32
2011.06.30 08:09:42.302,0.90179,0.90191,4.35,2.07
2011.06.30 08:09:42.880,0.90178,0.90191,4.50,1.70
2011.06.30 08:09:43.319,0.90178,0.90189,2.25,1.70
2011.06.30 08:09:43.869,0.90179,0.90189,1.50,1.70
2011.06.30 08:09:44.311,0.90181,0.90193,1.13,3.20
2011.06.30 08:09:44.420,0.90181,0.90194,2.63,5.10
2011.06.30 08:09:44.640,0.90182,0.90195,3.75,1.35
2011.06.30 08:09:44.970,0.90185,0.90196,3.38,2.30
2011.06.30 08:09:45.382,0.90187,0.90196,1.13,2.10
2011.06.30 08:09:45.507,0.90184,0.90197,2.25,2.25
2011.06.30 08:09:45.622,0.90185,0.90197,1.13,2.25
2011.06.30 08:09:46.183,0.90187,0.90198,2.25,1.50
2011.06.30 08:09:46.520,0.90189,0.902,2.85,1.50
2011.06.30 08:09:47.069,0.90189,0.902,1.50,1.50
2011.06.30 08:09:48.747,0.90187,0.902,5.63,1.70
2011.06.30 08:09:49.304,0.90188,0.90199,2.25,1.50
2011.06.30 08:09:49.423,0.90186,0.90199,4.50,2.45
2011.06.30 08:09:49.653,0.90184,0.90198,2.25,1.70
2011.06.30 08:09:49.770,0.90184,0.90198,3.00,1.50
2011.06.30 08:09:50.320,0.90186,0.90199,1.50,1.50
2011.06.30 08:09:50.871,0.90186,0.902,2.25,1.70
2011.06.30 08:09:50.991,0.90187,0.902,1.50,2.45
2011.06.30 08:09:51.319,0.90189,0.902,1.50,2.45
2011.06.30 08:09:51.651,0.90188,0.90201,1.50,3.95
2011.06.30 08:09:52.166,0.90189,0.902,1.50,1.70
2011.06.30 08:09:52.720,0.90189,0.90199,1.50,1.70
2011.06.30 08:09:53.272,0.90189,0.90199,1.50,1.70
2011.06.30 08:09:53.732,0.90187,0.90193,3.00,1.13
2011.06.30 08:09:54.072,0.90183,0.90193,3.00,1.32
2011.06.30 08:09:54.521,0.90182,0.90192,3.00,1.70
2011.06.30 08:09:54.742,0.9018,0.90191,3.00,2.45
2011.06.30 08:09:55.289,0.90179,0.90191,3.75,2.45
2011.06.30 08:09:56.063,0.9018,0.9019,3.00,1.13
2011.06.30 08:09:56.731,0.90179,0.90187,3.00,1.32
2011.06.30 08:09:57.282,0.90178,0.90186,1.50,1.32
2011.06.30 08:09:57.618,0.90178,0.90186,1.50,1.32
2011.06.30 08:09:58.170,0.90178,0.90186,1.50,1.70
2011.06.30 08:09:58.719,0.90174,0.90188,5.25,1.70
2011.06.30 08:09:59.161,0.90179,0.9019,2.25,1.70
2011.06.30 08:09:59.790,0.90181,0.90191,2.25,2.82
2011.06.30 08:09:59.907,0.90179,0.9019,2.25,2.45
2011.06.30 08:10:00.354,0.90179,0.90187,1.50,1.70
2011.06.30 08:10:00.694,0.90177,0.90186,1.50,1.32
2011.06.30 08:10:02.280,0.90177,0.90188,1.50,2.45
2011.06.30 08:10:03.125,0.90177,0.90188,1.50,1.70
2011.06.30 08:10:03.680,0.90177,0.90192,2.63,3.95
2011.06.30 08:10:04.229,0.90178,0.90192,1.13,3.95
2011.06.30 08:10:04.452,0.90177,0.90188,1.50,1.13
2011.06.30 08:10:04.680,0.90179,0.90189,1.50,1.70
2011.06.30 08:10:04.900,0.90175,0.90189,1.13,1.70
2011.06.30 08:10:05.229,0.90175,0.90189,1.88,1.70
2011.06.30 08:10:05.670,0.90174,0.9019,6.00,5.07
2011.06.30 08:10:05.780,0.90175,0.90188,1.50,1.32
2011.06.30 08:10:06.111,0.90177,0.90184,1.50,1.32
2011.06.30 08:10:06.220,0.90177,0.90184,1.50,1.32
2011.06.30 08:10:06.555,0.90174,0.90186,4.35,1.70
2011.06.30 08:10:07.154,0.90177,0.90188,1.50,2.45
2011.06.30 08:10:10.031,0.90177,0.90185,1.50,1.32
2011.06.30 08:10:10.253,0.90177,0.90188,1.50,2.07
2011.06.30 08:10:10.812,0.90176,0.90186,1.50,2.45
2011.06.30 08:10:11.044,0.90174,0.90187,2.25,3.95
2011.06.30 08:10:11.599,0.90178,0.90186,1.50,1.32
2011.06.30 08:10:12.850,0.90177,0.90185,1.50,1.70
2011.06.30 08:10:13.181,0.90176,0.90186,1.35,1.70
2011.06.30 08:10:13.620,0.90179,0.90186,1.50,1.50
2011.06.30 08:10:14.172,0.90177,0.90187,2.85,2.07
2011.06.30 08:10:15.829,0.90177,0.90189,2.25,1.32
2011.06.30 08:10:17.009,0.90177,0.90189,2.25,2.82
2011.06.30 08:10:17.449,0.90177,0.9019,2.25,2.82
2011.06.30 08:10:17.562,0.90174,0.90188,5.10,3.95
2011.06.30 08:10:18.120,0.90174,0.90187,4.35,1.50
2011.06.30 08:10:18.341,0.90174,0.90187,4.35,2.07
2011.06.30 08:10:18.889,0.90174,0.90186,4.35,1.70
2011.06.30 08:10:19.438,0.90174,0.90187,5.10,1.32
2011.06.30 08:10:19.989,0.90174,0.90187,4.35,1.70
2011.06.30 08:10:21.551,0.90175,0.90188,1.73,3.95
2011.06.30 08:10:21.773,0.90177,0.9019,3.75,1.70
2011.06.30 08:10:22.438,0.90177,0.90191,3.75,3.05
2011.06.30 08:10:22.770,0.90179,0.90191,1.13,1.55
2011.06.30 08:10:23.102,0.90182,0.90191,1.88,1.55
2011.06.30 08:10:23.221,0.9018,0.90193,2.85,3.20
2011.06.30 08:10:23.445,0.90182,0.90194,2.25,2.82
2011.06.30 08:10:23.561,0.90183,0.90194,1.50,2.45
2011.06.30 08:10:23.892,0.90184,0.90196,1.50,5.82
2011.06.30 08:10:24.384,0.90184,0.90196,1.50,5.82
2011.06.30 08:10:24.950,0.90183,0.90196,1.50,3.38
2011.06.30 08:10:25.282,0.90185,0.90196,1.50,3.38
2011.06.30 08:10:25.951,0.90184,0.90195,2.25,2.25
2011.06.30 08:10:26.062,0.90184,0.90194,1.50,2.25
2011.06.30 08:10:26.180,0.90185,0.90194,1.13,3.00
2011.06.30 08:10:26.734,0.90189,0.90199,1.50,2.25
2011.06.30 08:10:27.180,0.90187,0.90199,1.50,2.25
2011.06.30 08:10:27.720,0.90187,0.902,1.50,3.00
2011.06.30 08:10:28.270,0.90187,0.90198,2.25,3.00
2011.06.30 08:10:28.599,0.90188,0.90198,1.50,2.25
2011.06.30 08:10:28.931,0.9019,0.902,2.25,1.50
2011.06.30 08:10:29.042,0.9019,0.90202,1.50,4.50
2011.06.30 08:10:29.262,0.90192,0.90202,1.50,2.25
2011.06.30 08:10:29.490,0.90191,0.90203,1.50,3.00
2011.06.30 08:10:30.040,0.9019,0.90202,1.50,3.00
2011.06.30 08:10:30.699,0.90191,0.90202,1.50,3.20
2011.06.30 08:10:31.580,0.90193,0.90205,1.50,2.67
2011.06.30 08:10:31.693,0.90194,0.90203,1.50,2.25
2011.06.30 08:10:32.281,0.90193,0.90204,1.50,5.45
2011.06.30 08:10:33.271,0.90193,0.90204,1.50,4.70
2011.06.30 08:10:33.712,0.90192,0.902,1.50,1.13
2011.06.30 08:10:33.941,0.9019,0.902,3.00,1.32
2011.06.30 08:10:34.161,0.90187,0.90199,3.00,3.00
2011.06.30 08:10:34.491,0.90187,0.90198,1.50,1.32
2011.06.30 08:10:34.711,0.90186,0.90199,1.50,2.45
2011.06.30 08:10:34.822,0.90185,0.90199,2.25,2.45
2011.06.30 08:10:34.941,0.90185,0.90199,2.25,2.45
2011.06.30 08:10:35.489,0.90187,0.90199,1.50,2.45
2011.06.30 08:10:36.145,0.90187,0.90199,1.50,3.57
2011.06.30 08:10:36.482,0.90187,0.90199,1.13,2.45
2011.06.30 08:10:36.711,0.90186,0.90201,1.50,3.95
2011.06.30 08:10:36.933,0.90187,0.90199,2.25,2.45
2011.06.30 08:10:37.599,0.90189,0.90202,2.25,1.70
2011.06.30 08:10:37.931,0.90188,0.90198,1.50,3.38
2011.06.30 08:10:38.149,0.90184,0.90197,3.00,1.70
2011.06.30 08:10:38.698,0.90183,0.90197,3.00,2.45
2011.06.30 08:10:39.249,0.90183,0.90197,3.00,3.20
2011.06.30 08:10:39.690,0.90183,0.90197,3.75,3.20
2011.06.30 08:10:39.910,0.90186,0.90199,2.25,1.70
2011.06.30 08:10:40.021,0.90185,0.90199,3.00,1.70
2011.06.30 08:10:40.459,0.90185,0.902,1.50,3.20
2011.06.30 08:10:41.005,0.90186,0.902,3.75,3.20
2011.06.30 08:10:41.452,0.90188,0.902,3.00,3.20
2011.06.30 08:10:41.789,0.90188,0.90201,1.50,1.70
2011.06.30 08:10:41.899,0.90188,0.90201,1.50,1.70
2011.06.30 08:10:43.219,0.90189,0.90202,1.50,1.55
2011.06.30 08:10:43.769,0.90189,0.90202,2.25,1.55
2011.06.30 08:10:43.879,0.90189,0.90203,2.63,5.30
2011.06.30 08:10:44.430,0.9019,0.90202,1.50,1.55
2011.06.30 08:10:44.979,0.9019,0.90202,1.50,1.55
2011.06.30 08:10:45.530,0.90191,0.90203,1.50,5.30
2011.06.30 08:10:46.410,0.90191,0.90203,1.50,3.80
2011.06.30 08:10:46.960,0.90189,0.90201,3.00,1.70
2011.06.30 08:10:47.183,0.90192,0.90203,2.25,2.85
2011.06.30 08:10:47.739,0.90193,0.90205,1.50,3.00
2011.06.30 08:10:48.950,0.90192,0.90203,2.25,1.13
2011.06.30 08:10:49.172,0.90192,0.90204,2.25,3.20
2011.06.30 08:10:50.160,0.90192,0.90204,2.25,3.57
2011.06.30 08:10:50.381,0.90192,0.90204,1.50,3.57
2011.06.30 08:10:51.010,0.9019,0.90204,3.00,3.20
2011.06.30 08:10:51.147,0.9019,0.90204,3.75,3.20
2011.06.30 08:10:51.481,0.90191,0.90203,3.00,1.70
2011.06.30 08:10:51.701,0.90191,0.90203,3.00,1.70
2011.06.30 08:10:53.242,0.9019,0.90203,3.00,1.70
2011.06.30 08:10:53.460,0.9019,0.90201,3.00,2.07
2011.06.30 08:10:53.791,0.90187,0.90199,2.25,1.70
2011.06.30 08:10:53.904,0.90189,0.90202,1.13,4.55
2011.06.30 08:10:54.444,0.90191,0.90203,3.75,1.55
2011.06.30 08:10:55.660,0.90191,0.90203,3.00,1.55
2011.06.30 08:10:56.211,0.90189,0.90203,9.00,3.20
2011.06.30 08:10:56.432,0.90192,0.90205,3.00,1.70
2011.06.30 08:10:56.648,0.90192,0.90205,3.00,1.70
2011.06.30 08:10:56.982,0.90195,0.90206,3.00,1.70
2011.06.30 08:10:57.092,0.90195,0.90206,3.00,1.70
2011.06.30 08:10:57.638,0.90197,0.90206,1.50,1.70
2011.06.30 08:10:58.190,0.90196,0.90209,3.75,1.70
2011.06.30 08:10:58.944,0.90196,0.90209,3.75,1.70
2011.06.30 08:10:59.061,0.90196,0.90209,3.75,1.70
2011.06.30 08:10:59.282,0.90196,0.9021,3.75,3.80
2011.06.30 08:10:59.839,0.90196,0.90209,3.75,1.70
2011.06.30 08:11:00.169,0.90196,0.90206,3.75,1.70
2011.06.30 08:11:00.612,0.90194,0.90204,4.50,1.70
2011.06.30 08:11:01.060,0.90194,0.90202,3.75,1.70
2011.06.30 08:11:01.286,0.90194,0.90208,4.50,2.82
2011.06.30 08:11:01.951,0.90194,0.90208,4.50,2.07
2011.06.30 08:11:04.710,0.90197,0.90208,2.25,1.70
2011.06.30 08:11:05.809,0.90197,0.90207,2.25,1.70
2011.06.30 08:11:06.139,0.90197,0.9021,2.25,3.80
2011.06.30 08:11:06.249,0.90197,0.9021,2.25,3.05
2011.06.30 08:11:07.350,0.90197,0.90207,2.25,1.70
2011.06.30 08:11:08.181,0.90197,0.90205,2.25,1.70
2011.06.30 08:11:08.731,0.90197,0.90204,2.25,1.70
2011.06.30 08:11:09.502,0.90197,0.90207,2.25,1.70
2011.06.30 08:11:09.942,0.90197,0.90211,2.25,3.95
2011.06.30 08:11:11.176,0.90197,0.90211,3.75,3.95
2011.06.30 08:11:11.841,0.90197,0.90211,3.00,4.70
2011.06.30 08:11:12.741,0.902,0.90211,1.13,3.20
2011.06.30 08:11:12.961,0.90197,0.9021,2.25,1.50
2011.06.30 08:11:13.181,0.90197,0.90211,3.38,3.20
2011.06.30 08:11:13.510,0.90203,0.90211,1.13,3.95
2011.06.30 08:11:13.620,0.90199,0.90211,2.25,3.00
2011.06.30 08:11:14.979,0.90198,0.90211,1.13,3.20
2011.06.30 08:11:15.975,0.90201,0.90211,1.13,3.00
2011.06.30 08:11:16.314,0.90201,0.90213,1.13,2.30
2011.06.30 08:11:16.433,0.90203,0.90213,1.13,2.10
2011.06.30 08:11:16.774,0.90208,0.90217,1.13,3.75
2011.06.30 08:11:17.001,0.90205,0.90219,3.75,3.20
2011.06.30 08:11:17.788,0.90205,0.90218,1.50,1.55
2011.06.30 08:11:18.669,0.90205,0.90218,1.50,1.55
2011.06.30 08:11:19.440,0.90204,0.90217,3.00,1.70
2011.06.30 08:11:19.990,0.90204,0.90217,3.00,1.70
2011.06.30 08:11:20.540,0.90204,0.90216,2.25,1.70
2011.06.30 08:11:21.092,0.90203,0.90218,4.13,2.30
2011.06.30 08:11:21.752,0.90206,0.90219,2.25,1.70
2011.06.30 08:11:22.199,0.90206,0.9022,2.25,3.80
2011.06.30 08:11:22.612,0.90206,0.9022,2.25,3.80
2011.06.30 08:11:22.732,0.90211,0.9022,1.13,3.60
2011.06.30 08:11:23.292,0.90209,0.9022,1.50,3.60
2011.06.30 08:11:23.520,0.90208,0.90219,1.13,1.35
2011.06.30 08:11:23.630,0.90206,0.90219,3.38,1.35
2011.06.30 08:11:24.180,0.90205,0.90219,1.13,1.35
2011.06.30 08:11:24.509,0.90204,0.90219,2.25,2.30
2011.06.30 08:11:24.732,0.90204,0.90217,2.25,1.50
2011.06.30 08:11:25.511,0.90203,0.90215,3.00,1.50
2011.06.30 08:11:26.109,0.90204,0.90216,2.25,1.50
2011.06.30 08:11:27.230,0.90204,0.90216,3.75,1.50
2011.06.30 08:11:27.778,0.90204,0.90215,2.25,1.50
2011.06.30 08:11:28.110,0.90204,0.90215,2.25,1.70
2011.06.30 08:11:28.466,0.90201,0.90215,3.75,3.95
2011.06.30 08:11:28.919,0.90201,0.90215,3.75,3.95
2011.06.30 08:11:29.032,0.90203,0.90217,3.38,3.60
2011.06.30 08:11:29.251,0.90204,0.90217,1.13,1.50
2011.06.30 08:11:29.472,0.90203,0.90219,4.50,3.95
2011.06.30 08:11:30.028,0.90203,0.90219,3.00,3.95
2011.06.30 08:11:30.799,0.90203,0.90219,3.75,3.95
2011.06.30 08:11:31.348,0.90203,0.90219,3.00,4.70
2011.06.30 08:11:31.789,0.90203,0.90217,3.00,3.60
2011.06.30 08:11:32.118,0.90202,0.90217,1.13,5.85
2011.06.30 08:11:32.228,0.90202,0.90217,1.13,5.85
2011.06.30 08:11:32.339,0.90205,0.90217,2.25,3.60
2011.06.30 08:11:32.674,0.90205,0.90213,2.25,1.13
2011.06.30 08:11:32.794,0.902,0.90211,3.00,1.50
2011.06.30 08:11:33.982,0.90198,0.90212,3.00,3.75
2011.06.30 08:11:34.211,0.90198,0.9021,3.00,1.13
2011.06.30 08:11:34.979,0.90196,0.9021,4.50,2.07
2011.06.30 08:11:35.420,0.90196,0.9021,4.50,1.70
2011.06.30 08:11:36.411,0.90196,0.90209,4.50,1.13
2011.06.30 08:11:36.959,0.90197,0.90208,1.50,1.13
2011.06.30 08:11:37.179,0.90196,0.9021,3.75,2.45
2011.06.30 08:11:38.479,0.90197,0.90212,2.25,4.55
2011.06.30 08:11:38.919,0.90198,0.90212,1.50,3.00
2011.06.30 08:11:39.357,0.90198,0.90212,1.50,3.00
2011.06.30 08:11:39.791,0.90199,0.90209,2.25,1.13
2011.06.30 08:11:39.900,0.90197,0.90209,3.75,1.13
2011.06.30 08:11:40.669,0.90197,0.9021,3.00,1.88
2011.06.30 08:11:40.889,0.90197,0.90211,4.50,5.30
2011.06.30 08:11:41.002,0.90197,0.9021,4.35,1.13
2011.06.30 08:11:41.452,0.90199,0.90211,2.25,1.50
2011.06.30 08:11:42.000,0.90199,0.9021,2.25,1.13
2011.06.30 08:11:42.111,0.90197,0.9021,3.75,1.32
2011.06.30 08:11:42.332,0.90198,0.90211,2.25,1.70
2011.06.30 08:11:42.441,0.90198,0.9021,2.25,1.88
2011.06.30 08:11:43.513,0.90197,0.90209,3.00,1.70
2011.06.30 08:11:45.499,0.90197,0.9021,1.50,2.07
2011.06.30 08:11:45.830,0.90197,0.9021,1.50,2.07
2011.06.30 08:11:46.160,0.90197,0.90209,1.50,1.32
2011.06.30 08:11:49.133,0.90195,0.90209,3.75,1.70
2011.06.30 08:11:49.693,0.90198,0.90212,1.13,1.55
2011.06.30 08:11:50.036,0.90199,0.90213,3.38,4.55
2011.06.30 08:11:50.152,0.90199,0.90213,2.25,3.80
2011.06.30 08:11:50.711,0.90197,0.90211,4.35,1.70
2011.06.30 08:11:51.261,0.90196,0.90207,3.75,1.70
2011.06.30 08:11:52.228,0.90197,0.9021,1.50,2.26
2011.06.30 08:11:53.112,0.90198,0.90212,2.85,4.70
2011.06.30 08:11:53.330,0.90199,0.90213,1.35,1.70
2011.06.30 08:11:53.442,0.90201,0.90214,1.13,3.95
2011.06.30 08:11:54.002,0.90203,0.90217,3.75,1.70
2011.06.30 08:11:54.450,0.90204,0.90218,1.50,3.20
2011.06.30 08:11:55.000,0.90203,0.90217,3.75,1.70
2011.06.30 08:11:55.221,0.90203,0.90216,3.00,2.45
2011.06.30 08:11:55.978,0.90201,0.90215,3.75,2.07
2011.06.30 08:11:57.081,0.90201,0.90213,3.00,3.95
2011.06.30 08:11:57.300,0.90197,0.90209,5.85,2.07
2011.06.30 08:11:57.851,0.90198,0.9021,3.00,1.70
2011.06.30 08:11:58.839,0.90198,0.90211,3.00,2.07
2011.06.30 08:11:59.388,0.90198,0.90211,3.00,2.07
2011.06.30 08:11:59.722,0.90198,0.90209,3.00,1.32
2011.06.30 08:11:59.841,0.90198,0.9021,2.25,1.70
2011.06.30 08:12:00.396,0.90198,0.90209,2.25,1.70
2011.06.30 08:12:00.953,0.90197,0.90211,6.00,1.70
2011.06.30 08:12:01.294,0.90199,0.90211,2.25,1.70
2011.06.30 08:12:01.963,0.90197,0.90208,3.00,1.32
2011.06.30 08:12:02.521,0.90198,0.9021,3.00,1.32
2011.06.30 08:12:02.632,0.90198,0.90208,3.00,1.32
2011.06.30 08:12:02.852,0.90197,0.90209,3.75,2.07
2011.06.30 08:12:03.301,0.90197,0.90206,3.00,1.70
2011.06.30 08:12:03.809,0.90197,0.90206,3.00,1.70
2011.06.30 08:12:04.930,0.90197,0.90206,3.00,1.32
2011.06.30 08:12:05.369,0.90197,0.90209,3.00,1.32
2011.06.30 08:12:05.480,0.90197,0.90209,3.75,1.32
2011.06.30 08:12:06.140,0.90195,0.90207,3.00,1.32
2011.06.30 08:12:06.580,0.90197,0.90207,3.00,1.13
2011.06.30 08:12:06.909,0.90197,0.9021,2.25,5.67
2011.06.30 08:12:07.899,0.90197,0.9021,3.00,4.17
2011.06.30 08:12:08.889,0.90197,0.90206,3.00,1.13
2011.06.30 08:12:09.439,0.90197,0.90206,3.00,1.13
2011.06.30 08:12:09.819,0.90197,0.9021,3.00,2.30
2011.06.30 08:12:10.260,0.902,0.90211,2.25,2.07
2011.06.30 08:12:10.700,0.90198,0.90206,2.25,1.13
2011.06.30 08:12:13.010,0.90197,0.90206,3.75,1.13
2011.06.30 08:12:13.342,0.90194,0.90206,3.75,1.13
2011.06.30 08:12:13.569,0.90194,0.90206,3.00,1.32
2011.06.30 08:12:16.522,0.90197,0.90205,3.00,1.32
2011.06.30 08:12:16.853,0.90188,0.90203,3.75,1.32
2011.06.30 08:12:16.971,0.90188,0.90202,5.25,1.70
2011.06.30 08:12:17.300,0.90191,0.90202,2.25,1.70
2011.06.30 08:12:17.630,0.90191,0.90203,3.00,2.07
2011.06.30 08:12:18.181,0.90191,0.90205,3.00,2.07
2011.06.30 08:12:19.790,0.90193,0.90205,3.00,1.32
2011.06.30 08:12:20.339,0.90193,0.90205,3.00,1.32
2011.06.30 08:12:20.889,0.90193,0.90205,2.25,1.32
2011.06.30 08:12:21.220,0.90193,0.90202,2.25,1.13
2011.06.30 08:12:21.771,0.90192,0.90202,3.00,1.13
2011.06.30 08:12:22.649,0.90192,0.90202,4.35,1.13
2011.06.30 08:12:22.981,0.90197,0.90204,2.25,1.13
2011.06.30 08:12:24.270,0.90197,0.90206,2.25,1.32
2011.06.30 08:12:25.041,0.90194,0.90206,3.75,1.73
2011.06.30 08:12:25.512,0.90194,0.90206,3.00,1.73
2011.06.30 08:12:25.730,0.90193,0.90207,3.75,6.80
2011.06.30 08:12:26.829,0.90193,0.90206,3.75,1.92
2011.06.30 08:12:27.271,0.9019,0.902,1.35,1.13
2011.06.30 08:12:29.139,0.90189,0.90201,3.00,2.07
2011.06.30 08:12:30.059,0.90189,0.90202,3.00,1.70
2011.06.30 08:12:30.390,0.90189,0.90195,2.25,1.13
2011.06.30 08:12:30.926,0.90189,0.90201,2.25,2.82
2011.06.30 08:12:32.150,0.90189,0.90203,3.00,4.32
2011.06.30 08:12:32.261,0.90189,0.902,3.00,1.13
2011.06.30 08:12:32.371,0.90189,0.90201,2.25,1.70
2011.06.30 08:12:32.701,0.90189,0.90202,3.00,1.32
2011.06.30 08:12:33.911,0.90189,0.90203,6.75,3.95
2011.06.30 08:12:34.133,0.90191,0.90203,1.50,2.25
2011.06.30 08:12:34.580,0.90193,0.90206,1.50,2.45
2011.06.30 08:12:35.515,0.90194,0.90206,2.25,2.45
2011.06.30 08:12:36.070,0.90194,0.90208,4.50,1.32
2011.06.30 08:12:36.952,0.90195,0.90207,3.75,1.32
2011.06.30 08:12:37.400,0.90194,0.90205,3.00,1.13
2011.06.30 08:12:37.952,0.90194,0.90205,3.00,1.13
2011.06.30 08:12:41.491,0.90194,0.90207,3.00,2.07
2011.06.30 08:12:42.821,0.90194,0.90204,3.00,1.13
2011.06.30 08:12:45.170,0.90193,0.90207,4.50,2.82
2011.06.30 08:12:45.610,0.90194,0.90209,1.50,3.80
2011.06.30 08:12:46.050,0.90194,0.90209,3.00,3.80
2011.06.30 08:12:46.601,0.90198,0.9021,3.00,1.13
2011.06.30 08:12:47.534,0.90198,0.90206,3.00,1.13
2011.06.30 08:12:47.873,0.90198,0.90208,3.00,1.13
2011.06.30 08:12:48.541,0.90196,0.90206,3.75,1.13
2011.06.30 08:12:49.569,0.90196,0.90209,3.75,2.07
2011.06.30 08:12:50.119,0.90197,0.90209,1.50,1.70
2011.06.30 08:12:50.339,0.90197,0.90208,1.50,1.32
2011.06.30 08:12:50.892,0.90197,0.90209,1.50,1.88
2011.06.30 08:12:51.230,0.90197,0.90206,1.50,1.13
2011.06.30 08:12:51.564,0.90197,0.90205,1.50,1.13
2011.06.30 08:12:52.066,0.90197,0.90207,1.50,1.13
2011.06.30 08:12:52.290,0.90197,0.90207,1.50,1.13
2011.06.30 08:12:54.802,0.90197,0.90207,1.50,1.13
2011.06.30 08:12:55.360,0.90197,0.90208,1.50,1.13
2011.06.30 08:12:55.908,0.90197,0.90208,1.50,1.13
2011.06.30 08:12:56.020,0.90197,0.90205,1.50,1.13
2011.06.30 08:12:57.019,0.90199,0.90208,1.50,3.05
2011.06.30 08:12:57.133,0.90197,0.90208,1.13,3.05
2011.06.30 08:12:57.363,0.90198,0.9021,1.35,4.70
2011.06.30 08:12:58.030,0.90199,0.9021,1.50,2.25
2011.06.30 08:12:58.443,0.902,0.90213,1.50,2.30
2011.06.30 08:12:59.002,0.90197,0.90211,1.50,2.25
2011.06.30 08:12:59.121,0.90196,0.90209,2.25,1.13
2011.06.30 08:12:59.233,0.90197,0.90211,1.13,2.45
2011.06.30 08:12:59.352,0.90197,0.90211,1.13,3.20
2011.06.30 08:12:59.792,0.90195,0.90209,1.50,3.20
2011.06.30 08:13:00.423,0.90193,0.902,2.25,1.32
2011.06.30 08:13:00.548,0.90193,0.90201,2.25,2.07
2011.06.30 08:13:00.772,0.90193,0.90201,2.25,1.50
2011.06.30 08:13:01.329,0.90193,0.90205,3.00,1.70
2011.06.30 08:13:01.663,0.90193,0.90207,3.00,4.32
2011.06.30 08:13:01.780,0.90193,0.90203,3.00,1.13
2011.06.30 08:13:02.770,0.90193,0.90205,3.00,1.32
2011.06.30 08:13:02.989,0.90193,0.90207,3.75,3.00
2011.06.30 08:13:03.322,0.90194,0.90207,3.00,1.32
2011.06.30 08:13:03.870,0.90196,0.90207,3.75,1.13
2011.06.30 08:13:04.199,0.90196,0.90204,3.75,1.13
2011.06.30 08:13:04.835,0.90196,0.9021,3.75,2.07
2011.06.30 08:13:05.720,0.90196,0.90208,3.75,1.32
2011.06.30 08:13:06.049,0.90196,0.90208,3.75,1.13
2011.06.30 08:13:06.381,0.90196,0.90211,3.75,4.55
2011.06.30 08:13:06.710,0.90196,0.90207,3.75,1.13
2011.06.30 08:13:07.149,0.90196,0.90211,3.75,3.80
2011.06.30 08:13:07.702,0.90196,0.90207,3.75,1.13
2011.06.30 08:13:09.036,0.90193,0.90205,3.00,1.32
2011.06.30 08:13:09.264,0.90193,0.90207,3.00,4.55
2011.06.30 08:13:10.040,0.90193,0.90208,3.00,2.30
2011.06.30 08:13:10.589,0.90193,0.90208,3.00,2.30
2011.06.30 08:13:11.579,0.90193,0.90207,3.00,1.70
2011.06.30 08:13:13.160,0.90193,0.90208,3.00,2.30
2011.06.30 08:13:14.262,0.90195,0.90208,2.25,1.55
2011.06.30 08:13:14.756,0.90196,0.9021,3.75,3.20
2011.06.30 08:13:15.310,0.90196,0.9021,4.50,2.45
2011.06.30 08:13:16.412,0.90196,0.90209,3.00,1.13
2011.06.30 08:13:16.960,0.90196,0.9021,3.00,3.95
2011.06.30 08:13:17.399,0.90194,0.90209,3.00,1.32
2011.06.30 08:13:17.620,0.90194,0.90209,3.00,2.45
2011.06.30 08:13:18.062,0.90193,0.90201,1.50,1.13
2011.06.30 08:13:18.533,0.90192,0.90201,1.50,1.13
2011.06.30 08:13:19.093,0.90191,0.90202,3.00,1.32
2011.06.30 08:13:20.529,0.9019,0.90202,3.00,1.92
2011.06.30 08:13:21.629,0.9019,0.90201,3.00,1.13
2011.06.30 08:13:23.110,0.9019,0.90197,3.00,1.13
2011.06.30 08:13:23.793,0.90187,0.90201,3.00,3.95
2011.06.30 08:13:24.350,0.90187,0.90199,3.00,1.32
2011.06.30 08:13:25.118,0.90187,0.90196,3.00,1.13
2011.06.30 08:13:27.323,0.90185,0.90191,4.50,1.13
2011.06.30 08:13:27.551,0.90187,0.90197,2.25,1.88
2011.06.30 08:13:28.224,0.90187,0.902,3.00,1.13
2011.06.30 08:13:28.452,0.90187,0.90196,3.00,1.13
2011.06.30 08:13:30.160,0.90186,0.90192,1.35,1.13
2011.06.30 08:13:30.380,0.90187,0.90196,2.25,1.50
2011.06.30 08:13:31.040,0.90187,0.90194,2.25,1.13
2011.06.30 08:13:31.480,0.90187,0.90196,2.25,1.32
2011.06.30 08:13:31.918,0.90187,0.90194,2.25,1.13
2011.06.30 08:13:32.256,0.90187,0.90197,2.25,1.88
2011.06.30 08:13:32.485,0.90187,0.90195,2.25,1.13
2011.06.30 08:13:33.042,0.90182,0.90195,3.75,1.55
2011.06.30 08:13:33.823,0.9018,0.90192,3.00,1.35
2011.06.30 08:13:34.161,0.90182,0.90196,3.75,3.20
2011.06.30 08:13:34.754,0.90184,0.90196,1.50,3.95
2011.06.30 08:13:34.873,0.90182,0.90193,5.25,1.13
2011.06.30 08:13:35.213,0.90182,0.90196,4.50,3.20
2011.06.30 08:13:35.443,0.90187,0.90195,2.25,1.32
2011.06.30 08:13:35.672,0.90185,0.90197,1.50,4.70
2011.06.30 08:13:36.003,0.90187,0.90197,2.25,2.45
2011.06.30 08:13:36.122,0.90187,0.90199,2.25,2.07
2011.06.30 08:13:37.451,0.90183,0.9019,1.50,1.13
2011.06.30 08:13:37.909,0.90182,0.90192,3.75,1.32
2011.06.30 08:13:38.025,0.90182,0.90192,3.00,1.32
2011.06.30 08:13:38.692,0.9018,0.90189,2.25,4.35
2011.06.30 08:13:38.812,0.90175,0.90185,1.50,1.13
2011.06.30 08:13:39.042,0.90176,0.90185,3.00,1.32
2011.06.30 08:13:39.165,0.90176,0.90187,3.75,1.32
2011.06.30 08:13:39.720,0.90176,0.90187,2.25,1.70
2011.06.30 08:13:40.269,0.90176,0.90189,3.00,2.07
2011.06.30 08:13:40.884,0.90176,0.90187,2.25,1.32
2011.06.30 08:13:41.441,0.90176,0.9019,3.00,2.07
2011.06.30 08:13:41.664,0.9018,0.90192,1.13,1.70
2011.06.30 08:13:41.783,0.9018,0.90194,1.88,3.20
2011.06.30 08:13:42.342,0.90182,0.90192,2.25,2.07
2011.06.30 08:13:42.462,0.90181,0.90192,2.25,2.07
2011.06.30 08:13:43.010,0.9018,0.90191,2.25,1.70
2011.06.30 08:13:43.562,0.9018,0.90192,3.00,1.70
2011.06.30 08:13:43.900,0.90184,0.90196,1.50,1.70
2011.06.30 08:13:44.231,0.90184,0.90197,1.50,3.95
2011.06.30 08:13:45.293,0.90183,0.90196,1.50,1.50
2011.06.30 08:13:45.634,0.90185,0.90198,2.25,3.00
2011.06.30 08:13:45.756,0.90186,0.90198,1.50,3.00
2011.06.30 08:13:45.872,0.90186,0.90198,1.50,3.00
2011.06.30 08:13:46.202,0.90191,0.90198,1.13,3.00
2011.06.30 08:13:46.424,0.90188,0.902,1.13,3.20
2011.06.30 08:13:46.542,0.9019,0.90203,1.50,3.95
2011.06.30 08:13:46.762,0.90192,0.90203,1.50,1.70
2011.06.30 08:13:46.991,0.90193,0.90205,2.25,2.45
2011.06.30 08:13:47.540,0.90193,0.90205,2.25,1.70
2011.06.30 08:13:48.090,0.90192,0.90206,3.00,2.45
2011.06.30 08:13:48.678,0.90194,0.90208,3.75,3.20
2011.06.30 08:13:49.341,0.90195,0.90208,1.50,3.95
2011.06.30 08:13:49.452,0.90197,0.90208,1.13,3.95
2011.06.30 08:13:49.571,0.90197,0.90208,1.88,3.75
2011.06.30 08:13:49.794,0.90196,0.90208,1.50,3.00
2011.06.30 08:13:50.022,0.90197,0.9021,1.13,3.80
2011.06.30 08:13:50.353,0.90195,0.90206,2.25,2.07
2011.06.30 08:13:50.911,0.90194,0.90205,3.75,1.70
2011.06.30 08:13:51.687,0.90195,0.90208,2.25,4.70
2011.06.30 08:13:52.242,0.90194,0.90207,3.75,1.70
2011.06.30 08:13:52.801,0.90194,0.90207,3.75,2.45
2011.06.30 08:13:54.670,0.90194,0.90206,3.00,2.45
2011.06.30 08:13:54.999,0.90194,0.90206,3.75,2.45
2011.06.30 08:13:55.331,0.90194,0.90202,1.50,1.50
2011.06.30 08:13:55.874,0.90198,0.90205,1.50,2.45
2011.06.30 08:13:56.210,0.90196,0.90204,1.50,2.45
2011.06.30 08:13:56.764,0.90197,0.90203,1.50,2.45
2011.06.30 08:13:57.100,0.90195,0.90202,1.50,1.13
2011.06.30 08:13:57.431,0.90193,0.90203,2.25,2.82
2011.06.30 08:13:57.872,0.9019,0.90199,1.50,2.07
2011.06.30 08:13:58.103,0.90186,0.90197,1.50,5.10
2011.06.30 08:13:59.319,0.90185,0.90196,1.50,1.70
2011.06.30 08:14:00.292,0.90185,0.90196,1.50,3.05
2011.06.30 08:14:01.180,0.90185,0.90195,1.50,1.35
2011.06.30 08:14:02.061,0.90185,0.90196,1.50,3.80
2011.06.30 08:14:03.439,0.90185,0.90195,1.50,1.55
2011.06.30 08:14:04.812,0.90185,0.90196,1.50,3.80
2011.06.30 08:14:05.252,0.90185,0.90192,1.50,1.13
2011.06.30 08:14:05.581,0.9018,0.90188,1.50,1.13
2011.06.30 08:14:05.692,0.9018,0.90189,1.50,1.70
2011.06.30 08:14:06.021,0.90177,0.9019,1.50,2.85
2011.06.30 08:14:06.132,0.90176,0.90189,1.50,1.73
2011.06.30 08:14:06.681,0.90176,0.90188,2.25,1.13
2011.06.30 08:14:07.359,0.90176,0.90187,1.50,1.13
2011.06.30 08:14:07.488,0.90177,0.90189,1.50,1.55
2011.06.30 08:14:07.711,0.90177,0.90189,5.25,1.35
2011.06.30 08:14:08.043,0.9018,0.9019,1.50,2.10
2011.06.30 08:14:08.601,0.9018,0.90192,1.50,2.10
2011.06.30 08:14:10.122,0.9018,0.9019,1.50,1.13
2011.06.30 08:14:10.461,0.90178,0.90191,1.50,1.50
2011.06.30 08:14:11.433,0.90181,0.90192,1.50,1.92
2011.06.30 08:14:11.552,0.90182,0.90192,1.50,1.92
2011.06.30 08:14:11.773,0.9018,0.90191,1.50,1.50
2011.06.30 08:14:11.890,0.90179,0.90191,1.50,1.50
2011.06.30 08:14:12.439,0.90179,0.90191,1.50,1.50
2011.06.30 08:14:13.323,0.9018,0.90193,4.50,2.30
2011.06.30 08:14:13.444,0.90181,0.90193,1.50,2.30
2011.06.30 08:14:13.892,0.90181,0.90193,1.50,3.05
2011.06.30 08:14:14.011,0.9018,0.90192,3.00,1.35
2011.06.30 08:14:14.715,0.9018,0.90192,3.00,2.30
2011.06.30 08:14:15.818,0.9018,0.90192,3.75,2.30
2011.06.30 08:14:16.922,0.90179,0.90192,1.50,1.55
2011.06.30 08:14:17.032,0.90177,0.90192,3.75,3.05
2011.06.30 08:14:17.362,0.90177,0.9019,2.25,2.45
2011.06.30 08:14:18.351,0.90177,0.9019,2.25,1.70
2011.06.30 08:14:18.935,0.90177,0.90188,2.25,1.13
2011.06.30 08:14:19.603,0.90177,0.9019,3.00,1.50
2011.06.30 08:14:20.052,0.90177,0.9019,3.00,1.70
2011.06.30 08:14:20.390,0.90177,0.9019,3.00,2.07
2011.06.30 08:14:20.499,0.90177,0.9019,2.25,2.07
2011.06.30 08:14:20.613,0.90177,0.90188,2.25,1.13
2011.06.30 08:14:22.582,0.90177,0.90186,2.25,1.32
2011.06.30 08:14:22.706,0.90177,0.90188,2.25,1.70
2011.06.30 08:14:23.264,0.90177,0.90191,2.25,2.45
2011.06.30 08:14:23.381,0.90177,0.90191,2.25,2.45
2011.06.30 08:14:23.928,0.90177,0.90191,2.25,2.45
2011.06.30 08:14:25.922,0.90177,0.90188,2.25,1.32
2011.06.30 08:14:26.252,0.90177,0.90186,2.25,1.13
2011.06.30 08:14:26.690,0.90177,0.90188,2.25,1.32
2011.06.30 08:14:27.417,0.90177,0.90183,2.25,1.13
2011.06.30 08:14:27.863,0.90172,0.90183,4.35,1.32
2011.06.30 08:14:28.420,0.90172,0.90183,4.35,1.88
2011.06.30 08:14:29.741,0.90172,0.90185,4.35,1.32
2011.06.30 08:14:29.961,0.90172,0.90186,6.60,1.70
2011.06.30 08:14:30.511,0.90174,0.90187,5.85,2.45
2011.06.30 08:14:31.136,0.90174,0.90188,5.85,3.95
2011.06.30 08:14:31.258,0.90175,0.90185,1.35,1.13
2011.06.30 08:14:33.899,0.90175,0.90187,2.48,1.70
2011.06.30 08:14:34.453,0.9018,0.90192,1.13,3.75
2011.06.30 08:14:34.572,0.9018,0.90191,1.13,1.50
2011.06.30 08:14:34.801,0.90179,0.90192,1.88,3.00
2011.06.30 08:14:35.512,0.90178,0.90186,6.23,1.13
2011.06.30 08:14:35.634,0.90179,0.90191,1.35,1.13
2011.06.30 08:14:35.751,0.90179,0.90191,1.35,1.13
2011.06.30 08:14:36.299,0.90179,0.90192,3.60,1.88
2011.06.30 08:14:37.329,0.90179,0.90193,1.35,1.70
2011.06.30 08:14:37.659,0.90179,0.90192,1.35,1.88
2011.06.30 08:14:37.989,0.90179,0.90194,2.10,3.20
2011.06.30 08:14:38.320,0.9018,0.90193,1.50,1.50
2011.06.30 08:14:38.540,0.90179,0.90193,1.35,1.70
2011.06.30 08:14:39.090,0.90179,0.90194,3.60,3.95
2011.06.30 08:14:39.593,0.9018,0.90195,3.75,3.05
2011.06.30 08:14:40.265,0.9018,0.90193,3.75,1.50
2011.06.30 08:14:40.386,0.9018,0.9019,3.00,1.13
2011.06.30 08:14:40.719,0.9018,0.90192,2.25,1.50
2011.06.30 08:14:41.271,0.9018,0.90193,2.25,1.70
2011.06.30 08:14:43.030,0.9018,0.90193,2.25,2.45
2011.06.30 08:14:43.580,0.9018,0.90192,2.25,2.07
2011.06.30 08:14:44.369,0.90178,0.90192,4.35,4.32
2011.06.30 08:14:44.701,0.90179,0.90192,3.00,1.70
2011.06.30 08:14:45.571,0.90179,0.90193,3.00,3.00
2011.06.30 08:14:46.120,0.90179,0.90192,1.50,2.25
2011.06.30 08:14:46.670,0.90179,0.90194,2.25,4.55
2011.06.30 08:14:47.660,0.90182,0.90194,1.50,3.75
2011.06.30 08:14:48.209,0.90182,0.90195,3.00,2.07
2011.06.30 08:14:51.179,0.90182,0.90195,3.75,1.88
2011.06.30 08:14:51.290,0.90182,0.90196,4.88,3.75
2011.06.30 08:14:51.840,0.90184,0.90196,1.35,3.75
2011.06.30 08:14:52.414,0.90184,0.90195,1.35,1.50
2011.06.30 08:14:52.970,0.90184,0.90196,1.35,4.13
2011.06.30 08:14:54.180,0.90184,0.90196,2.10,4.13
2011.06.30 08:14:54.290,0.90184,0.90196,2.48,3.00
2011.06.30 08:14:54.839,0.90185,0.90196,1.88,2.25
2011.06.30 08:14:57.029,0.90185,0.90196,1.50,2.25
2011.06.30 08:14:58.380,0.90184,0.90196,2.10,3.00
2011.06.30 08:14:58.602,0.90186,0.90198,1.50,2.25
2011.06.30 08:14:59.481,0.90186,0.90198,1.50,2.25
2011.06.30 08:15:00.580,0.90186,0.90198,2.63,2.25
2011.06.30 08:15:01.350,0.90187,0.90198,1.50,2.25
2011.06.30 08:15:01.570,0.90187,0.902,2.63,2.25
2011.06.30 08:15:01.790,0.90187,0.902,2.25,2.25
2011.06.30 08:15:02.683,0.9019,0.90202,2.63,4.35
2011.06.30 08:15:02.809,0.90191,0.90204,2.25,8.10
2011.06.30 08:15:03.363,0.90193,0.90204,1.50,3.75
2011.06.30 08:15:03.592,0.90193,0.90208,4.13,2.48
2011.06.30 08:15:04.139,0.90194,0.90207,2.10,1.13
2011.06.30 08:15:04.696,0.90194,0.90207,1.35,1.13
2011.06.30 08:15:05.143,0.90194,0.90205,1.35,1.13
2011.06.30 08:15:05.483,0.90193,0.90206,3.60,1.50
2011.06.30 08:15:06.041,0.90192,0.90205,2.25,3.00
2011.06.30 08:15:07.034,0.90192,0.90205,2.25,2.25
2011.06.30 08:15:07.372,0.90193,0.90208,2.25,3.00
2011.06.30 08:15:07.593,0.90197,0.90208,1.50,2.63
2011.06.30 08:15:07.933,0.90194,0.90206,2.25,2.25
2011.06.30 08:15:08.051,0.90197,0.90208,1.50,1.13
2011.06.30 08:15:08.929,0.90197,0.90211,1.50,3.95
2011.06.30 08:15:09.480,0.90197,0.90211,1.50,5.82
2011.06.30 08:15:10.322,0.90196,0.90207,3.75,1.05
2011.06.30 08:15:10.433,0.90196,0.9021,2.25,1.13
2011.06.30 08:15:10.992,0.90198,0.90211,1.50,4.32
2011.06.30 08:15:11.549,0.90198,0.90211,1.50,2.25
2011.06.30 08:15:12.100,0.90196,0.90211,1.50,3.00
2011.06.30 08:15:12.650,0.90196,0.90211,1.50,3.00
2011.06.30 08:15:13.199,0.90196,0.90211,1.50,3.75
2011.06.30 08:15:13.749,0.90197,0.90211,1.50,3.20
2011.06.30 08:15:14.193,0.90196,0.9021,1.50,1.13
2011.06.30 08:15:14.751,0.90197,0.90211,2.25,3.00
2011.06.30 08:15:14.972,0.90197,0.90211,2.25,4.13
2011.06.30 08:15:15.493,0.90198,0.90211,2.25,3.00
2011.06.30 08:15:15.617,0.902,0.90213,1.50,2.63
2011.06.30 08:15:15.731,0.902,0.90213,1.50,2.63
2011.06.30 08:15:16.279,0.90201,0.90213,1.50,2.25
2011.06.30 08:15:17.163,0.90202,0.90215,1.50,3.00
2011.06.30 08:15:17.505,0.90203,0.90215,1.50,3.38
2011.06.30 08:15:17.625,0.90204,0.90217,1.50,4.88
2011.06.30 08:15:17.742,0.90204,0.90216,4.50,1.13
2011.06.30 08:15:18.537,0.90202,0.90216,3.60,3.00
2011.06.30 08:15:18.658,0.90201,0.90213,1.35,3.00
2011.06.30 08:15:18.991,0.902,0.90211,5.85,1.13
2011.06.30 08:15:19.101,0.902,0.90213,5.10,1.50
2011.06.30 08:15:19.649,0.902,0.90211,4.35,1.13
2011.06.30 08:15:20.201,0.902,0.90211,4.35,1.13
2011.06.30 08:15:20.532,0.902,0.90208,3.60,1.13
2011.06.30 08:15:20.752,0.902,0.90211,2.25,1.13
2011.06.30 08:15:20.972,0.90196,0.9021,6.00,3.00
2011.06.30 08:15:21.189,0.90196,0.90209,3.00,1.13
2011.06.30 08:15:21.740,0.90196,0.90209,1.50,3.38
2011.06.30 08:15:22.299,0.90198,0.90209,1.50,2.25
2011.06.30 08:15:22.419,0.90199,0.90213,2.25,1.50
2011.06.30 08:15:22.972,0.902,0.90214,1.50,1.13
2011.06.30 08:15:23.529,0.90201,0.90214,3.00,1.13
2011.06.30 08:15:23.641,0.90201,0.90212,3.00,1.13
2011.06.30 08:15:24.081,0.90201,0.90215,3.75,3.00
2011.06.30 08:15:24.302,0.90201,0.90214,3.75,1.50
2011.06.30 08:15:24.630,0.90198,0.90205,1.50,2.25
2011.06.30 08:15:24.743,0.90197,0.90209,2.85,3.75
2011.06.30 08:15:24.863,0.90198,0.90211,1.50,2.25
2011.06.30 08:15:25.091,0.90199,0.90213,3.75,2.85
2011.06.30 08:15:25.627,0.902,0.90211,1.50,2.25
2011.06.30 08:15:26.181,0.90199,0.90213,3.75,1.73
2011.06.30 08:15:26.293,0.902,0.90214,1.50,4.35
2011.06.30 08:15:26.853,0.90199,0.90213,3.68,2.30
2011.06.30 08:15:26.975,0.90199,0.90213,3.34,2.45
2011.06.30 08:15:27.420,0.90199,0.90212,1.84,2.25
2011.06.30 08:15:27.530,0.902,0.90212,1.13,2.25
2011.06.30 08:15:28.081,0.90199,0.90212,2.59,3.00
2011.06.30 08:15:28.411,0.90199,0.90208,1.84,2.25
2011.06.30 08:15:28.521,0.90198,0.90211,1.43,1.50
2011.06.30 08:15:29.071,0.90199,0.90212,4.09,1.32
2011.06.30 08:15:29.649,0.90199,0.90212,3.34,1.32
2011.06.30 08:15:30.201,0.90199,0.90212,3.00,2.07
2011.06.30 08:15:30.751,0.90199,0.90213,3.34,3.20
2011.06.30 08:15:31.299,0.90199,0.90213,3.68,4.70
2011.06.30 08:15:32.631,0.90199,0.90213,2.93,3.95
2011.06.30 08:15:33.217,0.90199,0.90213,2.25,3.95
2011.06.30 08:15:33.879,0.90199,0.90213,3.34,4.70
2011.06.30 08:15:34.430,0.902,0.90213,2.25,2.45
2011.06.30 08:15:35.210,0.90199,0.90211,5.59,1.13
2011.06.30 08:15:35.541,0.90199,0.90212,1.84,3.75
2011.06.30 08:15:35.651,0.90199,0.90211,3.75,1.32
2011.06.30 08:15:36.092,0.90195,0.90208,1.43,1.70
2011.06.30 08:15:36.640,0.90194,0.90208,3.68,4.55
2011.06.30 08:15:37.200,0.90194,0.90207,2.93,1.92
2011.06.30 08:15:37.752,0.90192,0.90205,4.50,1.32
2011.06.30 08:15:38.190,0.90192,0.90203,1.50,1.70
2011.06.30 08:15:38.954,0.90192,0.90202,1.50,1.32
2011.06.30 08:15:39.401,0.90192,0.90202,2.25,1.70
2011.06.30 08:15:41.599,0.90192,0.90202,1.50,1.32
2011.06.30 08:15:42.703,0.90191,0.90202,1.50,1.32
2011.06.30 08:15:43.040,0.90192,0.90203,3.00,1.70
2011.06.30 08:15:43.153,0.90194,0.90203,1.50,1.70
2011.06.30 08:15:44.161,0.90193,0.902,1.50,1.13
2011.06.30 08:15:44.806,0.90194,0.90203,1.50,2.07
2011.06.30 08:15:46.584,0.90193,0.90199,1.13,1.13
2011.06.30 08:15:46.813,0.90193,0.90201,1.13,1.32
2011.06.30 08:15:47.045,0.90195,0.90204,2.25,3.80
2011.06.30 08:15:47.162,0.90192,0.90204,6.15,3.60
2011.06.30 08:15:47.274,0.90192,0.90203,4.50,1.73
2011.06.30 08:15:47.502,0.90192,0.90206,6.60,2.07
2011.06.30 08:15:48.050,0.90193,0.90208,1.50,6.05
2011.06.30 08:15:48.272,0.90197,0.90208,2.10,2.45
2011.06.30 08:15:48.905,0.90198,0.90209,1.35,1.13
2011.06.30 08:15:49.251,0.902,0.90212,2.25,5.07
2011.06.30 08:15:49.801,0.902,0.90212,2.25,1.32
2011.06.30 08:15:52.180,0.90201,0.90212,1.50,3.20
2011.06.30 08:15:52.729,0.90202,0.90209,1.50,1.13
2011.06.30 08:15:53.391,0.90201,0.90211,2.25,1.70
2011.06.30 08:15:54.044,0.90201,0.90211,1.50,3.00
2011.06.30 08:15:54.609,0.90202,0.90211,2.25,3.00
2011.06.30 08:15:55.379,0.902,0.90206,1.50,1.13
2011.06.30 08:15:55.602,0.90204,0.90211,1.50,2.25
2011.06.30 08:15:55.834,0.902,0.9021,1.50,3.00
2011.06.30 08:15:56.283,0.90205,0.90214,1.50,2.07
2011.06.30 08:15:56.403,0.90204,0.90211,1.50,1.13
2011.06.30 08:15:56.741,0.90204,0.90214,1.50,3.20
2011.06.30 08:15:57.290,0.90204,0.90215,1.50,2.45
2011.06.30 08:15:57.949,0.90205,0.90215,1.50,2.25
2011.06.30 08:15:58.180,0.90207,0.90215,1.50,2.25
2011.06.30 08:15:58.843,0.90207,0.90215,2.25,2.25
2011.06.30 08:15:59.293,0.90207,0.90218,2.25,2.25
2011.06.30 08:15:59.849,0.90208,0.90218,1.50,2.25
2011.06.30 08:16:00.399,0.90207,0.90218,2.25,2.25
2011.06.30 08:16:01.278,0.90207,0.90218,1.50,2.25
2011.06.30 08:16:02.049,0.90207,0.90218,1.50,2.25
2011.06.30 08:16:02.601,0.90208,0.90219,1.50,2.25
2011.06.30 08:16:02.711,0.90208,0.90219,2.85,2.25
2011.06.30 08:16:03.042,0.90212,0.9022,1.13,2.25
2011.06.30 08:16:03.162,0.90209,0.9022,2.85,3.00
2011.06.30 08:16:03.721,0.90211,0.90222,1.50,3.20
2011.06.30 08:16:03.831,0.90209,0.90221,1.50,2.45
2011.06.30 08:16:04.160,0.90208,0.90219,3.00,2.25
2011.06.30 08:16:04.711,0.90208,0.9022,2.25,3.95
2011.06.30 08:16:05.266,0.90207,0.90219,2.25,4.32
2011.06.30 08:16:06.040,0.90206,0.9022,3.75,3.20
2011.06.30 08:16:07.034,0.90206,0.9022,3.75,2.45
2011.06.30 08:16:07.591,0.90208,0.90222,3.75,2.82
2011.06.30 08:16:07.812,0.90209,0.90222,1.88,2.45
2011.06.30 08:16:08.794,0.90211,0.90226,1.13,5.82
2011.06.30 08:16:09.351,0.9021,0.90224,4.50,3.57
2011.06.30 08:16:09.463,0.9021,0.90224,3.00,3.57
2011.06.30 08:16:09.693,0.9021,0.90224,3.00,4.32
2011.06.30 08:16:10.030,0.90208,0.90222,1.50,3.95
2011.06.30 08:16:10.581,0.90207,0.90222,1.50,3.95
2011.06.30 08:16:11.242,0.90207,0.90222,2.25,3.20
2011.06.30 08:16:12.121,0.90207,0.90222,1.50,3.57
2011.06.30 08:16:12.452,0.90207,0.9022,3.75,1.13
2011.06.30 08:16:13.009,0.90203,0.90214,3.00,1.32
2011.06.30 08:16:13.344,0.90204,0.90219,2.63,2.45
2011.06.30 08:16:13.462,0.90204,0.90219,2.63,2.45
2011.06.30 08:16:14.121,0.9021,0.90219,2.10,2.45
2011.06.30 08:16:14.670,0.9021,0.90222,2.85,1.13
2011.06.30 08:16:16.431,0.90211,0.90223,2.10,2.45
2011.06.30 08:16:17.181,0.90213,0.90223,1.35,2.45
2011.06.30 08:16:17.738,0.90213,0.90225,1.35,1.13
2011.06.30 08:16:18.289,0.90213,0.90224,1.35,1.13
2011.06.30 08:16:18.952,0.90213,0.90226,1.35,3.87
2011.06.30 08:16:19.282,0.90213,0.90226,3.23,2.25
2011.06.30 08:16:19.830,0.90214,0.90229,3.75,2.07
2011.06.30 08:16:20.380,0.90216,0.90229,1.50,1.32
2011.06.30 08:16:21.236,0.90218,0.90231,1.88,3.20
2011.06.30 08:16:21.352,0.90218,0.90231,2.25,3.20
2011.06.30 08:16:21.904,0.90218,0.90231,2.25,2.45
2011.06.30 08:16:22.460,0.90218,0.90231,1.50,2.45
2011.06.30 08:16:23.010,0.90218,0.90231,1.50,3.95
2011.06.30 08:16:23.559,0.90218,0.90231,1.50,3.95
2011.06.30 08:16:24.451,0.90221,0.90231,1.50,5.25
2011.06.30 08:16:24.780,0.90221,0.90232,1.50,3.80
2011.06.30 08:16:25.111,0.90218,0.90226,1.50,2.25
2011.06.30 08:16:25.441,0.9022,0.90232,2.25,1.70
2011.06.30 08:16:25.972,0.9022,0.90233,2.25,3.80
2011.06.30 08:16:29.459,0.9022,0.90234,3.75,5.30
2011.06.30 08:16:30.010,0.9022,0.90233,3.00,1.55
2011.06.30 08:16:30.451,0.9022,0.90233,1.50,3.80
2011.06.30 08:16:31.941,0.9022,0.90233,1.88,3.80
2011.06.30 08:16:32.591,0.90219,0.90233,3.00,3.80
2011.06.30 08:16:34.111,0.90219,0.90232,1.50,2.07
2011.06.30 08:16:36.050,0.90218,0.90231,2.25,2.45
2011.06.30 08:16:36.383,0.90218,0.9023,2.25,2.10
2011.06.30 08:16:36.941,0.90218,0.9023,2.25,2.10
2011.06.30 08:16:38.880,0.90218,0.90229,2.25,3.00
2011.06.30 08:16:39.871,0.90218,0.90229,1.50,3.00
2011.06.30 08:16:40.200,0.90218,0.90231,1.50,2.45
2011.06.30 08:16:40.752,0.90218,0.90231,2.63,2.45
2011.06.30 08:16:47.132,0.90218,0.90232,1.50,1.55
2011.06.30 08:16:47.460,0.90217,0.90231,1.50,2.45
2011.06.30 08:16:48.010,0.90217,0.90229,1.50,2.45
2011.06.30 08:16:50.340,0.90217,0.9023,1.50,3.20
2011.06.30 08:16:51.220,0.90215,0.90231,3.38,3.20
2011.06.30 08:16:51.990,0.90216,0.9023,1.50,1.70
2011.06.30 08:16:52.540,0.90216,0.90229,1.50,2.45
2011.06.30 08:16:55.089,0.90215,0.90229,3.00,3.20
2011.06.30 08:16:56.239,0.90214,0.9023,3.60,4.32
2011.06.30 08:16:58.269,0.90216,0.9023,3.00,4.32
2011.06.30 08:16:58.871,0.90215,0.90228,3.00,1.70
2011.06.30 08:16:59.092,0.90215,0.90229,3.00,2.25
2011.06.30 08:16:59.200,0.90215,0.90229,3.00,3.38
2011.06.30 08:16:59.752,0.90215,0.90229,3.00,3.20
2011.06.30 08:17:00.086,0.90214,0.90225,3.75,1.32
2011.06.30 08:17:00.423,0.90214,0.9022,1.50,1.13
2011.06.30 08:17:00.762,0.90207,0.90217,3.00,1.32
2011.06.30 08:17:00.871,0.90207,0.90215,1.50,1.13
2011.06.30 08:17:01.203,0.90206,0.90212,3.60,1.13
2011.06.30 08:17:01.432,0.90206,0.90215,3.60,1.32
2011.06.30 08:17:01.938,0.90203,0.90215,3.00,1.32
2011.06.30 08:17:02.602,0.90203,0.90216,3.00,1.70
2011.06.30 08:17:02.711,0.90203,0.90214,3.00,1.13
2011.06.30 08:17:03.041,0.90201,0.90214,3.75,1.50
2011.06.30 08:17:03.926,0.90205,0.90216,1.50,1.50
2011.06.30 08:17:04.264,0.90208,0.90219,1.35,1.13
2011.06.30 08:17:04.820,0.90206,0.90219,1.35,1.13
2011.06.30 08:17:06.899,0.90206,0.90217,3.60,1.13
2011.06.30 08:17:07.340,0.90203,0.90217,1.50,1.13
2011.06.30 08:17:07.889,0.90205,0.90217,1.50,1.13
2011.06.30 08:17:08.000,0.90205,0.90217,3.75,1.13
2011.06.30 08:17:08.441,0.90205,0.90215,3.75,1.13
2011.06.30 08:17:09.431,0.90208,0.90216,1.35,1.13
2011.06.30 08:17:09.980,0.90208,0.90216,1.35,1.13
2011.06.30 08:17:10.529,0.90208,0.90216,2.10,1.13
2011.06.30 08:17:10.859,0.90208,0.90218,2.10,1.13
2011.06.30 08:17:11.535,0.90208,0.90222,2.10,1.70
2011.06.30 08:17:12.090,0.9021,0.90222,1.50,1.13
2011.06.30 08:17:13.740,0.90209,0.90222,2.25,1.32
2011.06.30 08:17:13.959,0.90209,0.90221,1.50,1.70
2011.06.30 08:17:14.180,0.90208,0.90221,1.50,1.70
2011.06.30 08:17:14.850,0.90208,0.90221,1.50,1.70
2011.06.30 08:17:15.621,0.90207,0.90218,3.75,1.70
2011.06.30 08:17:16.170,0.90207,0.90219,3.00,1.32
2011.06.30 08:17:16.281,0.90207,0.90219,3.00,1.32
2011.06.30 08:17:17.013,0.90207,0.90219,3.00,1.32
2011.06.30 08:17:17.244,0.90207,0.9022,3.75,1.70
2011.06.30 08:17:17.693,0.90209,0.90223,1.50,4.32
2011.06.30 08:17:18.140,0.9021,0.90223,1.88,4.32
2011.06.30 08:17:18.693,0.90212,0.90226,2.25,1.13
2011.06.30 08:17:18.801,0.90212,0.90227,3.00,4.32
2011.06.30 08:17:19.460,0.90214,0.90227,1.50,6.42
2011.06.30 08:17:19.680,0.90213,0.90228,3.38,3.60
2011.06.30 08:17:20.009,0.90216,0.90228,1.50,3.80
2011.06.30 08:17:20.560,0.90215,0.90228,2.25,3.80
2011.06.30 08:17:20.891,0.90218,0.9023,1.13,2.82
2011.06.30 08:17:21.114,0.9024,0.90255,1.13,1.47
2011.06.30 08:17:21.532,0.90246,0.90255,1.50,1.28
2011.06.30 08:17:21.647,0.90249,0.90263,1.35,3.95
2011.06.30 08:17:21.762,0.90248,0.90263,2.48,3.95
2011.06.30 08:17:21.872,0.90249,0.90264,3.60,3.20
2011.06.30 08:17:22.430,0.90252,0.90265,2.25,1.70
2011.06.30 08:17:22.982,0.90251,0.90266,3.00,2.45
2011.06.30 08:17:23.310,0.90251,0.90266,3.00,2.45
2011.06.30 08:17:23.644,0.90267,0.90281,1.35,3.20
2011.06.30 08:17:23.763,0.90269,0.90285,5.18,2.78
2011.06.30 08:17:23.884,0.90272,0.90288,3.75,5.07
2011.06.30 08:17:24.569,0.90281,0.903,1.50,1.70
2011.06.30 08:17:24.688,0.90285,0.90301,1.50,1.55
2011.06.30 08:17:25.134,0.90285,0.90301,1.50,1.55
2011.06.30 08:17:25.479,0.90283,0.903,2.85,5.07
2011.06.30 08:17:25.704,0.90282,0.90297,1.50,1.55
2011.06.30 08:17:26.042,0.90283,0.90298,1.50,3.05
2011.06.30 08:17:26.264,0.90281,0.90295,2.10,1.70
2011.06.30 08:17:27.425,0.90283,0.90297,2.85,1.32
2011.06.30 08:17:27.871,0.90283,0.90297,2.95,1.32
2011.06.30 08:17:28.092,0.90283,0.90298,2.85,1.32
2011.06.30 08:17:28.427,0.90284,0.903,2.20,2.20
2011.06.30 08:17:28.984,0.90284,0.90295,2.12,1.13
2011.06.30 08:17:29.322,0.90283,0.90294,2.85,1.70
2011.06.30 08:17:29.652,0.90283,0.90296,2.10,1.70
2011.06.30 08:17:29.870,0.90284,0.90298,2.20,2.07
2011.06.30 08:17:30.422,0.90283,0.90292,3.60,1.13
2011.06.30 08:17:31.064,0.90283,0.90296,2.10,2.07
2011.06.30 08:17:31.286,0.90285,0.903,1.13,2.30
2011.06.30 08:17:31.515,0.90287,0.90301,3.00,2.07
2011.06.30 08:17:31.631,0.90289,0.90301,2.25,2.07
2011.06.30 08:17:31.852,0.90287,0.90301,3.00,3.20
2011.06.30 08:17:31.960,0.90287,0.90293,2.25,1.13
2011.06.30 08:17:32.183,0.90287,0.90295,2.25,2.07
2011.06.30 08:17:32.412,0.90282,0.90293,3.00,1.32
2011.06.30 08:17:32.743,0.90283,0.90289,2.25,1.13
2011.06.30 08:17:33.302,0.90281,0.90288,3.75,1.13
2011.06.30 08:17:33.414,0.90281,0.90288,3.00,1.32
2011.06.30 08:17:33.643,0.90282,0.90294,1.50,2.07
2011.06.30 08:17:33.763,0.90293,0.90298,1.50,3.00
2011.06.30 08:17:33.881,0.90293,0.903,1.50,3.00
2011.06.30 08:17:34.302,0.90293,0.90301,1.50,2.25
2011.06.30 08:17:34.417,0.9029,0.90306,3.75,4.73
2011.06.30 08:17:34.863,0.90291,0.90305,3.00,2.85
2011.06.30 08:17:35.312,0.90291,0.90305,3.75,2.85
2011.06.30 08:17:35.860,0.9029,0.90304,4.50,2.25
2011.06.30 08:17:36.410,0.90291,0.90305,3.00,2.85
2011.06.30 08:17:36.633,0.90294,0.90305,1.13,2.85
2011.06.30 08:17:36.743,0.90291,0.90305,3.00,3.60
2011.06.30 08:17:36.975,0.90288,0.90302,1.50,3.00
2011.06.30 08:17:37.666,0.90296,0.90302,3.75,2.10
2011.06.30 08:17:37.794,0.90302,0.9031,1.50,2.25
2011.06.30 08:17:37.914,0.90304,0.90314,2.25,1.70
2011.06.30 08:17:38.038,0.90301,0.90313,3.00,3.00
2011.06.30 08:17:38.260,0.90303,0.90313,1.50,1.50
2011.06.30 08:17:38.372,0.90303,0.90316,1.50,1.50
2011.06.30 08:17:38.833,0.90301,0.90314,2.25,1.50
2011.06.30 08:17:38.952,0.90301,0.9031,2.25,1.13
2011.06.30 08:17:39.173,0.903,0.90313,1.50,1.13
2011.06.30 08:17:39.293,0.903,0.90314,1.60,3.00
2011.06.30 08:17:39.522,0.90303,0.9032,3.00,3.00
2011.06.30 08:17:40.067,0.90306,0.90319,1.35,4.88
2011.06.30 08:17:40.405,0.90306,0.90319,2.10,2.25
2011.06.30 08:17:40.764,0.90315,0.90326,1.50,2.25
2011.06.30 08:17:41.320,0.90315,0.90326,1.50,2.25
2011.06.30 08:17:41.871,0.90312,0.90326,1.50,2.43
2011.06.30 08:17:42.200,0.9031,0.90324,1.50,1.32
2011.06.30 08:17:42.751,0.90312,0.90324,1.50,2.25
2011.06.30 08:17:42.971,0.90314,0.90326,1.50,3.05
2011.06.30 08:17:43.523,0.90312,0.90324,1.50,1.70
2011.06.30 08:17:43.944,0.90308,0.9032,1.69,1.32
2011.06.30 08:17:44.059,0.90304,0.90316,3.75,1.32
2011.06.30 08:17:44.284,0.90302,0.90316,3.75,3.57
2011.06.30 08:17:44.513,0.90302,0.90313,3.75,1.13
2011.06.30 08:17:45.181,0.903,0.90313,1.50,2.25
2011.06.30 08:17:45.293,0.90299,0.90313,3.75,3.57
2011.06.30 08:17:45.523,0.90299,0.90311,3.00,1.13
2011.06.30 08:17:46.181,0.90299,0.90312,3.00,2.82
2011.06.30 08:17:46.621,0.90296,0.9031,3.75,1.70
2011.06.30 08:17:47.513,0.90296,0.90309,1.50,2.25
2011.06.30 08:17:47.629,0.90297,0.90311,3.75,3.20
2011.06.30 08:17:47.965,0.90297,0.90305,2.25,1.13
2011.06.30 08:17:48.192,0.90293,0.90302,3.60,1.13
2011.06.30 08:17:48.302,0.90293,0.90302,3.60,1.13
2011.06.30 08:17:48.413,0.90295,0.90305,1.50,1.13
2011.06.30 08:17:48.534,0.90296,0.90305,1.50,1.13
2011.06.30 08:17:49.092,0.90296,0.90305,1.50,1.13
2011.06.30 08:17:49.421,0.90296,0.90307,1.50,3.75
2011.06.30 08:17:49.751,0.90294,0.90303,1.50,1.13
