2011.12.13 04:00:03.130,0.84521,0.8453,1.13,2.25
2011.12.13 04:00:04.160,0.84521,0.8453,1.13,1.50
2011.12.13 04:00:05.103,0.84521,0.8453,1.13,2.25
2011.12.13 04:00:05.661,0.84521,0.8453,1.13,1.50
2011.12.13 04:00:07.289,0.84521,0.84532,1.13,2.25
2011.12.13 04:00:07.631,0.84523,0.84532,1.13,2.25
2011.12.13 04:00:07.902,0.84523,0.84534,1.13,3.00
2011.12.13 04:00:08.371,0.84526,0.84535,1.13,1.50
2011.12.13 04:00:08.888,0.84526,0.84535,1.13,1.50
2011.12.13 04:00:09.311,0.84524,0.84535,1.13,1.50
2011.12.13 04:00:09.806,0.84524,0.84538,3.38,2.25
2011.12.13 04:00:10.879,0.84524,0.84538,1.88,2.25
2011.12.13 04:00:15.412,0.84526,0.8454,2.25,3.38
2011.12.13 04:00:17.050,0.84526,0.8454,2.25,2.25
2011.12.13 04:00:18.128,0.84526,0.8454,2.25,2.25
2011.12.13 04:00:18.269,0.84529,0.8454,1.13,2.25
2011.12.13 04:00:18.942,0.84529,0.84541,1.88,1.50
2011.12.13 04:00:19.500,0.84529,0.84541,1.88,2.25
2011.12.13 04:00:20.939,0.84529,0.84541,1.13,2.25
2011.12.13 04:00:29.226,0.84529,0.84541,1.88,2.25
2011.12.13 04:00:29.804,0.84529,0.84541,1.88,1.50
2011.12.13 04:00:30.349,0.84529,0.84543,1.88,2.18
2011.12.13 04:00:30.492,0.84531,0.84544,1.88,2.55
2011.12.13 04:00:32.334,0.8453,0.84543,1.88,2.55
2011.12.13 04:00:33.635,0.84529,0.8454,1.88,2.25
2011.12.13 04:00:33.918,0.84527,0.84541,3.38,3.38
2011.12.13 04:00:43.404,0.84525,0.84539,3.38,1.13
2011.12.13 04:00:44.358,0.84525,0.84539,3.38,1.88
2011.12.13 04:00:44.999,0.84525,0.84539,3.38,1.13
2011.12.13 04:00:45.330,0.84527,0.84541,1.88,3.38
2011.12.13 04:00:45.624,0.84526,0.84539,2.25,1.13
2011.12.13 04:00:46.180,0.84526,0.84539,1.50,1.88
2011.12.13 04:00:46.735,0.84526,0.8454,3.38,3.38
2011.12.13 04:00:47.706,0.84528,0.84541,1.88,2.25
2011.12.13 04:00:48.563,0.84528,0.8454,1.13,2.25
2011.12.13 04:00:49.064,0.84528,0.84543,2.25,2.03
2011.12.13 04:00:49.612,0.84529,0.84543,1.88,1.05
2011.12.13 04:00:51.799,0.84529,0.84543,1.88,3.53
2011.12.13 04:00:52.378,0.84529,0.84543,1.88,3.68
2011.12.13 04:00:57.313,0.84528,0.84542,1.88,2.03
2011.12.13 04:01:20.973,0.8453,0.84543,1.13,2.55
2011.12.13 04:01:21.492,0.84528,0.84542,1.88,2.03
2011.12.13 04:01:25.684,0.84531,0.84544,2.25,1.05
2011.12.13 04:01:26.218,0.84532,0.84545,1.88,3.00
2011.12.13 04:01:26.350,0.84532,0.84545,1.88,3.00
2011.12.13 04:01:26.860,0.84532,0.84545,1.88,1.50
2011.12.13 04:01:27.382,0.84532,0.84545,1.88,2.25
2011.12.13 04:01:30.882,0.84532,0.84545,1.88,2.25
2011.12.13 04:01:31.210,0.84532,0.84543,1.88,1.50
2011.12.13 04:01:31.869,0.84532,0.84543,1.88,2.25
2011.12.13 04:01:33.190,0.8453,0.84543,1.88,1.50
2011.12.13 04:01:33.652,0.8453,0.84543,1.88,1.50
2011.12.13 04:01:34.410,0.8453,0.84543,1.88,2.25
2011.12.13 04:01:35.183,0.8453,0.84543,1.88,1.50
2011.12.13 04:01:35.730,0.8453,0.84543,1.88,1.50
2011.12.13 04:01:41.860,0.84531,0.84543,1.88,1.50
2011.12.13 04:01:42.142,0.84535,0.84543,1.13,1.50
2011.12.13 04:01:42.553,0.84535,0.84547,1.88,1.50
2011.12.13 04:01:43.090,0.84535,0.84546,1.88,2.25
2011.12.13 04:01:43.611,0.84533,0.84546,1.88,1.50
2011.12.13 04:01:45.920,0.84533,0.84546,1.88,2.25
2011.12.13 04:01:46.430,0.84533,0.84546,1.88,2.25
2011.12.13 04:01:48.704,0.84533,0.84546,1.88,1.50
2011.12.13 04:01:49.240,0.84533,0.84546,1.88,2.25
2011.12.13 04:01:53.521,0.84531,0.84545,3.38,1.50
2011.12.13 04:01:54.304,0.84531,0.84545,3.38,2.25
2011.12.13 04:01:55.349,0.84532,0.84546,2.25,2.25
2011.12.13 04:01:58.362,0.84532,0.84546,2.25,2.25
2011.12.13 04:01:58.642,0.84531,0.84546,1.88,2.25
2011.12.13 04:02:00.212,0.84533,0.84546,1.88,2.25
2011.12.13 04:02:00.770,0.84533,0.84547,3.38,2.25
2011.12.13 04:02:01.479,0.84533,0.84547,3.38,2.25
2011.12.13 04:02:01.799,0.84533,0.84547,3.38,2.25
2011.12.13 04:02:02.349,0.84533,0.84547,3.38,2.25
2011.12.13 04:02:03.550,0.84533,0.84547,3.38,2.25
2011.12.13 04:02:03.911,0.84533,0.84547,3.38,2.25
2011.12.13 04:02:04.459,0.84533,0.84547,3.38,2.25
2011.12.13 04:02:04.975,0.84533,0.84547,3.38,2.25
2011.12.13 04:02:05.538,0.84533,0.84547,3.38,2.25
2011.12.13 04:02:05.909,0.84534,0.84548,2.25,2.25
2011.12.13 04:02:05.981,0.84534,0.84548,2.25,2.25
2011.12.13 04:02:06.530,0.84533,0.84547,2.25,3.38
2011.12.13 04:02:06.992,0.84533,0.84547,2.25,3.38
2011.12.13 04:02:07.489,0.84533,0.84547,2.25,2.25
2011.12.13 04:02:08.030,0.84533,0.84547,2.25,2.25
2011.12.13 04:02:12.241,0.84533,0.84546,2.25,1.13
2011.12.13 04:02:12.697,0.84531,0.84544,1.88,1.50
2011.12.13 04:02:13.140,0.84532,0.84546,2.25,2.25
2011.12.13 04:02:14.300,0.84532,0.84546,2.25,2.25
2011.12.13 04:02:18.112,0.84531,0.84545,3.38,1.50
2011.12.13 04:02:18.254,0.84531,0.84545,3.38,1.50
2011.12.13 04:02:19.380,0.84531,0.84545,3.38,1.50
2011.12.13 04:02:22.328,0.84531,0.84545,3.38,1.50
2011.12.13 04:02:22.547,0.84531,0.84545,3.38,1.50
2011.12.13 04:02:22.919,0.84531,0.84545,3.38,1.50
2011.12.13 04:02:23.110,0.84531,0.84545,3.38,1.50
2011.12.13 04:02:23.438,0.84531,0.84545,3.38,1.50
2011.12.13 04:02:23.809,0.84531,0.84545,3.38,1.50
2011.12.13 04:02:24.588,0.84531,0.84545,3.38,1.50
2011.12.13 04:02:25.568,0.84531,0.84545,3.38,1.50
2011.12.13 04:02:25.768,0.84531,0.84545,3.38,1.50
2011.12.13 04:02:26.067,0.84531,0.84545,3.38,1.50
2011.12.13 04:02:26.786,0.84531,0.84545,3.38,1.50
2011.12.13 04:02:29.680,0.84531,0.84545,3.38,1.50
2011.12.13 04:02:30.225,0.84531,0.84545,3.38,1.50
2011.12.13 04:02:31.890,0.84533,0.84545,1.88,1.50
2011.12.13 04:02:32.102,0.84534,0.84547,2.25,1.13
2011.12.13 04:02:32.361,0.84534,0.84547,2.25,1.13
2011.12.13 04:02:33.770,0.84533,0.84547,1.88,1.88
2011.12.13 04:02:33.901,0.84534,0.84547,2.25,1.13
2011.12.13 04:02:34.819,0.84534,0.84547,2.25,1.88
2011.12.13 04:02:35.338,0.84533,0.84547,3.38,2.63
2011.12.13 04:02:35.855,0.84533,0.84547,3.38,1.13
2011.12.13 04:02:36.368,0.84533,0.84547,1.88,1.13
2011.12.13 04:02:36.879,0.84534,0.84548,1.88,1.88
2011.12.13 04:02:37.399,0.84534,0.84548,1.88,1.13
2011.12.13 04:02:42.070,0.84535,0.8455,2.25,1.88
2011.12.13 04:02:42.400,0.84533,0.84547,3.38,1.13
2011.12.13 04:02:42.919,0.84534,0.84547,2.25,1.13
2011.12.13 04:02:43.731,0.84532,0.84546,3.38,1.88
2011.12.13 04:02:53.848,0.84533,0.84547,3.38,1.13
2011.12.13 04:02:54.869,0.84533,0.84549,3.38,3.38
2011.12.13 04:02:55.190,0.84533,0.84549,3.38,3.38
2011.12.13 04:02:59.808,0.84533,0.84549,3.38,3.38
2011.12.13 04:03:09.199,0.84534,0.84548,3.38,3.38
2011.12.13 04:03:09.449,0.84533,0.84547,3.38,3.38
2011.12.13 04:03:10.620,0.84533,0.84546,1.13,2.25
2011.12.13 04:03:14.645,0.84531,0.84545,1.88,3.38
2011.12.13 04:03:14.716,0.84531,0.84545,1.13,3.38
2011.12.13 04:03:15.290,0.84529,0.84545,3.38,3.38
2011.12.13 04:03:15.640,0.84532,0.84545,1.50,1.88
2011.12.13 04:03:16.153,0.8453,0.84545,2.25,1.88
2011.12.13 04:03:20.959,0.8453,0.84545,2.25,1.88
2011.12.13 04:03:21.422,0.84528,0.84544,3.38,3.38
2011.12.13 04:03:21.821,0.84526,0.84542,3.38,3.38
2011.12.13 04:03:24.975,0.84526,0.84541,1.88,2.25
2011.12.13 04:03:25.292,0.84526,0.84541,1.13,2.25
2011.12.13 04:03:26.689,0.84526,0.84541,1.13,2.25
2011.12.13 04:03:34.598,0.84526,0.8454,1.88,1.50
2011.12.13 04:03:37.202,0.84526,0.8454,1.88,2.25
2011.12.13 04:03:38.269,0.84527,0.84542,1.88,2.25
2011.12.13 04:03:38.472,0.84526,0.84539,2.25,1.13
2011.12.13 04:03:38.811,0.84523,0.84537,3.38,2.25
2011.12.13 04:03:39.332,0.84523,0.84537,3.38,2.25
2011.12.13 04:03:40.601,0.84521,0.84536,1.88,3.00
2011.12.13 04:03:40.811,0.84522,0.84536,1.88,2.25
2011.12.13 04:03:44.972,0.84522,0.84536,2.25,2.25
2011.12.13 04:03:45.758,0.84521,0.84535,2.25,3.38
2011.12.13 04:03:45.841,0.84519,0.84533,3.38,2.25
2011.12.13 04:03:45.984,0.84519,0.84533,2.25,2.25
2011.12.13 04:03:47.922,0.84521,0.84534,1.50,1.88
2011.12.13 04:03:48.062,0.84521,0.84534,1.50,1.88
2011.12.13 04:03:48.664,0.84521,0.84535,3.38,3.38
2011.12.13 04:03:48.942,0.84522,0.84536,3.38,2.40
2011.12.13 04:03:50.465,0.84524,0.84537,1.50,1.05
2011.12.13 04:03:50.924,0.84524,0.84537,2.25,1.05
2011.12.13 04:03:51.511,0.84524,0.84537,2.25,1.05
2011.12.13 04:03:52.030,0.84522,0.84535,2.25,1.13
2011.12.13 04:03:52.541,0.84521,0.84535,1.88,1.13
2011.12.13 04:03:53.827,0.84521,0.84535,3.38,1.88
2011.12.13 04:04:01.264,0.84521,0.84535,3.38,1.13
2011.12.13 04:04:04.973,0.84523,0.84536,2.25,1.88
2011.12.13 04:04:05.531,0.84523,0.84536,2.25,1.28
2011.12.13 04:04:11.451,0.84523,0.84536,2.25,1.88
2011.12.13 04:04:16.581,0.84524,0.84537,1.50,1.05
2011.12.13 04:04:16.721,0.84526,0.84537,1.50,1.05
2011.12.13 04:04:17.630,0.84527,0.84539,1.50,2.03
2011.12.13 04:04:17.702,0.84525,0.84539,3.38,1.88
2011.12.13 04:04:18.674,0.84527,0.84539,1.50,1.88
2011.12.13 04:04:19.904,0.84525,0.84539,3.38,2.25
2011.12.13 04:04:20.341,0.84523,0.84537,1.88,3.38
2011.12.13 04:04:20.890,0.84523,0.84537,1.13,3.38
2011.12.13 04:04:25.500,0.84523,0.84537,3.38,1.88
2011.12.13 04:04:28.212,0.84523,0.84536,1.88,1.50
2011.12.13 04:04:28.287,0.84519,0.84533,3.38,1.13
2011.12.13 04:04:28.630,0.84522,0.84535,1.13,2.25
2011.12.13 04:04:28.700,0.84522,0.84535,1.13,2.25
2011.12.13 04:04:32.421,0.8452,0.84533,2.25,1.88
2011.12.13 04:04:33.082,0.8452,0.84533,2.25,1.88
2011.12.13 04:04:33.292,0.84517,0.84533,3.38,3.38
2011.12.13 04:04:33.491,0.84517,0.84533,2.63,3.75
2011.12.13 04:04:34.047,0.84517,0.84531,2.25,1.88
2011.12.13 04:04:40.792,0.84514,0.84528,3.38,2.25
2011.12.13 04:04:41.214,0.84515,0.84529,2.25,2.25
2011.12.13 04:04:42.394,0.84517,0.8453,2.25,1.13
2011.12.13 04:04:42.582,0.84516,0.8453,1.88,1.88
2011.12.13 04:04:45.657,0.84518,0.84533,2.25,2.18
2011.12.13 04:04:46.751,0.84518,0.84532,1.50,2.55
2011.12.13 04:04:47.322,0.84517,0.8453,1.13,2.25
2011.12.13 04:04:49.313,0.84517,0.84532,1.88,2.55
2011.12.13 04:04:49.831,0.84519,0.84532,1.50,1.05
2011.12.13 04:04:50.349,0.84518,0.84532,2.25,2.55
2011.12.13 04:04:52.380,0.84518,0.84532,2.25,2.55
2011.12.13 04:04:56.051,0.84518,0.84532,1.88,3.38
2011.12.13 04:04:58.843,0.84516,0.8453,3.38,2.25
2011.12.13 04:05:02.463,0.84517,0.84531,2.25,2.25
2011.12.13 04:05:02.741,0.84517,0.84531,2.25,3.38
2011.12.13 04:05:05.176,0.84516,0.8453,2.25,1.50
2011.12.13 04:05:05.720,0.84517,0.84531,2.25,3.38
2011.12.13 04:05:08.719,0.84516,0.84531,2.25,2.25
2011.12.13 04:05:12.842,0.84519,0.84532,2.25,2.18
2011.12.13 04:05:13.242,0.84521,0.84533,2.25,1.43
2011.12.13 04:05:13.761,0.84521,0.84533,2.25,1.43
2011.12.13 04:05:18.294,0.84521,0.84533,2.25,1.43
2011.12.13 04:05:18.934,0.84521,0.84533,2.25,1.43
2011.12.13 04:05:19.683,0.84519,0.84533,3.38,3.68
2011.12.13 04:05:21.610,0.84519,0.84532,2.25,1.88
2011.12.13 04:05:24.601,0.84518,0.84532,1.50,3.38
2011.12.13 04:05:25.042,0.84518,0.84532,3.38,3.38
2011.12.13 04:05:25.700,0.84519,0.84531,2.25,1.13
2011.12.13 04:05:25.771,0.84517,0.84531,3.38,1.88
2011.12.13 04:05:31.053,0.84518,0.84533,3.38,1.05
2011.12.13 04:05:31.261,0.84517,0.84532,3.38,1.05
2011.12.13 04:05:31.474,0.84518,0.84533,3.38,1.05
2011.12.13 04:05:32.011,0.84518,0.84533,3.38,1.05
2011.12.13 04:05:33.801,0.84518,0.84533,3.38,1.05
2011.12.13 04:05:35.249,0.84518,0.84533,3.38,1.05
2011.12.13 04:05:43.824,0.84518,0.84533,3.38,1.05
2011.12.13 04:05:44.324,0.84518,0.84532,3.38,1.05
2011.12.13 04:06:08.080,0.84518,0.8453,1.88,1.50
2011.12.13 04:06:08.670,0.84518,0.8453,1.88,1.50
2011.12.13 04:06:11.929,0.84518,0.8453,1.88,1.50
2011.12.13 04:06:12.004,0.84519,0.84533,3.38,1.05
2011.12.13 04:06:12.332,0.84525,0.84532,1.13,1.05
2011.12.13 04:06:12.531,0.84525,0.84535,1.13,2.25
2011.12.13 04:06:12.801,0.84525,0.84537,1.88,2.25
2011.12.13 04:06:13.311,0.84525,0.84538,1.13,2.25
2011.12.13 04:06:14.283,0.84524,0.84539,1.88,2.25
2011.12.13 04:06:14.938,0.84524,0.84538,1.88,2.25
2011.12.13 04:06:15.882,0.84524,0.84538,1.88,2.25
2011.12.13 04:06:16.424,0.84524,0.8454,3.38,3.53
2011.12.13 04:06:26.410,0.84527,0.8454,1.13,2.55
2011.12.13 04:06:26.480,0.84527,0.8454,1.13,2.55
2011.12.13 04:06:26.989,0.84527,0.8454,1.88,1.05
2011.12.13 04:06:42.399,0.84527,0.8454,1.88,2.40
2011.12.13 04:06:42.948,0.84527,0.8454,1.88,2.55
2011.12.13 04:06:43.814,0.84528,0.8454,1.13,2.55
2011.12.13 04:06:44.332,0.84528,0.8454,1.13,2.25
2011.12.13 04:07:16.611,0.84529,0.84542,1.13,2.40
2011.12.13 04:07:17.376,0.84528,0.8454,1.13,2.25
2011.12.13 04:07:17.901,0.84528,0.84542,1.88,2.25
2011.12.13 04:07:19.233,0.84528,0.84542,1.88,2.25
2011.12.13 04:07:25.269,0.84527,0.84542,1.88,2.25
2011.12.13 04:07:33.551,0.84527,0.84541,1.88,2.25
2011.12.13 04:08:12.588,0.84529,0.84543,2.25,3.53
2011.12.13 04:08:27.349,0.84529,0.84542,2.25,1.13
2011.12.13 04:08:27.877,0.84529,0.84543,2.25,2.25
2011.12.13 04:08:28.941,0.84531,0.84543,1.13,2.25
2011.12.13 04:08:29.335,0.84532,0.84545,2.25,2.03
2011.12.13 04:08:29.677,0.84531,0.84546,1.88,2.55
2011.12.13 04:08:30.242,0.84529,0.84543,1.50,2.25
2011.12.13 04:08:30.667,0.8453,0.84542,3.38,1.05
2011.12.13 04:08:30.957,0.84532,0.84543,2.25,1.88
2011.12.13 04:08:31.179,0.8453,0.84543,2.25,1.88
2011.12.13 04:08:31.677,0.8453,0.84543,1.88,3.00
2011.12.13 04:08:35.821,0.84528,0.84541,2.25,1.88
2011.12.13 04:08:37.801,0.84528,0.84541,1.50,1.88
2011.12.13 04:08:38.252,0.84526,0.8454,2.25,2.55
2011.12.13 04:08:38.792,0.84526,0.8454,1.50,2.40
2011.12.13 04:08:39.342,0.84525,0.84539,1.88,2.40
2011.12.13 04:08:40.091,0.84525,0.84539,1.88,2.40
2011.12.13 04:08:40.724,0.84525,0.84539,1.88,2.40
2011.12.13 04:08:42.810,0.84525,0.84539,1.88,2.40
2011.12.13 04:08:43.358,0.84526,0.8454,1.50,2.40
2011.12.13 04:08:46.690,0.84526,0.8454,1.50,2.55
2011.12.13 04:08:47.211,0.84526,0.84537,2.63,1.50
2011.12.13 04:08:47.741,0.84526,0.84538,2.63,1.50
2011.12.13 04:08:48.712,0.84525,0.84537,1.13,1.50
2011.12.13 04:08:49.342,0.84526,0.84537,1.13,1.50
2011.12.13 04:08:54.359,0.84526,0.84538,1.13,1.50
2011.12.13 04:09:00.179,0.84527,0.84538,1.50,1.50
2011.12.13 04:09:00.963,0.84527,0.84538,1.50,1.65
2011.12.13 04:09:03.613,0.84527,0.84538,1.50,1.50
2011.12.13 04:09:04.179,0.84526,0.84538,1.13,1.50
2011.12.13 04:09:06.170,0.84527,0.84538,1.50,1.65
2011.12.13 04:09:06.782,0.84527,0.84538,2.25,1.50
2011.12.13 04:09:07.720,0.84527,0.84538,2.25,1.65
2011.12.13 04:09:08.477,0.84527,0.84538,2.25,1.50
2011.12.13 04:09:09.624,0.84527,0.84538,2.25,1.65
2011.12.13 04:09:10.629,0.84527,0.84538,2.25,1.50
2011.12.13 04:09:11.221,0.84527,0.84538,2.25,1.65
2011.12.13 04:09:12.399,0.84527,0.84538,2.25,1.50
2011.12.13 04:09:17.589,0.84526,0.84538,2.25,1.65
2011.12.13 04:09:24.003,0.84526,0.84538,1.50,1.65
2011.12.13 04:09:24.692,0.84526,0.84538,1.50,1.50
2011.12.13 04:09:25.346,0.84526,0.8454,3.38,1.65
2011.12.13 04:09:25.882,0.84527,0.8454,1.88,1.80
2011.12.13 04:09:26.443,0.84526,0.8454,3.38,2.78
2011.12.13 04:09:26.961,0.84527,0.84539,1.88,1.65
2011.12.13 04:09:27.711,0.84526,0.84539,4.13,1.65
2011.12.13 04:09:28.454,0.84526,0.84539,4.13,1.65
2011.12.13 04:09:30.378,0.84526,0.84539,3.38,1.65
2011.12.13 04:09:31.135,0.84526,0.84539,3.38,1.65
2011.12.13 04:09:34.458,0.84526,0.84539,3.38,1.65
2011.12.13 04:09:35.427,0.84526,0.84539,3.38,1.65
2011.12.13 04:09:39.751,0.84526,0.84539,3.38,1.65
2011.12.13 04:09:42.580,0.84526,0.84539,2.25,2.78
2011.12.13 04:09:43.405,0.84526,0.84539,2.25,2.78
2011.12.13 04:09:43.930,0.84526,0.84539,2.25,2.78
2011.12.13 04:09:44.603,0.84525,0.84539,1.88,3.15
2011.12.13 04:09:45.252,0.84525,0.84539,1.88,3.15
2011.12.13 04:09:47.252,0.84525,0.84539,1.88,3.15
2011.12.13 04:09:48.561,0.84525,0.84539,1.88,3.15
2011.12.13 04:09:49.533,0.84526,0.84539,2.25,1.65
2011.12.13 04:09:50.671,0.84526,0.84539,3.38,1.65
2011.12.13 04:09:51.040,0.84526,0.84538,3.38,1.50
2011.12.13 04:09:51.701,0.84525,0.84536,1.88,2.25
2011.12.13 04:09:52.378,0.84523,0.84536,1.88,2.25
2011.12.13 04:09:53.280,0.84525,0.84536,1.13,2.25
2011.12.13 04:09:53.424,0.84525,0.84537,1.88,1.50
2011.12.13 04:09:54.032,0.84525,0.84537,1.13,1.50
2011.12.13 04:09:54.232,0.84523,0.84536,1.13,2.25
2011.12.13 04:09:54.371,0.84523,0.84536,1.88,1.50
2011.12.13 04:09:54.690,0.84522,0.84535,1.88,2.25
2011.12.13 04:09:55.612,0.84521,0.84535,2.25,3.38
2011.12.13 04:09:56.131,0.84522,0.84535,1.88,2.25
2011.12.13 04:09:56.474,0.84521,0.84534,2.25,1.88
2011.12.13 04:09:56.543,0.84521,0.84534,2.25,1.88
2011.12.13 04:09:57.074,0.84521,0.84534,1.50,1.88
2011.12.13 04:09:57.532,0.84519,0.84533,3.38,3.38
2011.12.13 04:09:59.771,0.84519,0.84533,2.63,3.38
2011.12.13 04:10:00.326,0.8452,0.84533,1.88,2.25
2011.12.13 04:10:00.827,0.84517,0.84532,2.25,1.88
2011.12.13 04:10:01.044,0.84517,0.84532,2.25,1.88
2011.12.13 04:10:01.575,0.84517,0.84532,2.25,2.63
2011.12.13 04:10:04.896,0.84517,0.84531,2.25,1.88
2011.12.13 04:10:05.171,0.84517,0.8453,1.50,1.13
2011.12.13 04:10:05.902,0.84516,0.8453,2.25,1.88
2011.12.13 04:10:06.463,0.84516,0.8453,1.50,3.38
2011.12.13 04:10:08.420,0.84516,0.8453,1.50,3.75
2011.12.13 04:10:09.210,0.84516,0.84529,1.50,1.88
2011.12.13 04:10:10.949,0.84516,0.84529,1.50,1.88
2011.12.13 04:10:13.973,0.84516,0.84529,1.50,1.88
2011.12.13 04:10:14.334,0.84516,0.84529,1.50,1.88
2011.12.13 04:10:14.474,0.84516,0.84529,1.50,1.88
2011.12.13 04:10:15.001,0.84513,0.84529,3.38,3.38
2011.12.13 04:10:17.240,0.84515,0.84529,1.13,1.88
2011.12.13 04:10:17.703,0.84513,0.84528,1.50,1.88
2011.12.13 04:10:18.490,0.84513,0.84526,1.50,1.13
2011.12.13 04:10:20.891,0.84512,0.84526,1.50,3.75
2011.12.13 04:10:21.401,0.84512,0.84524,1.50,1.88
2011.12.13 04:10:21.541,0.8451,0.84524,2.25,1.88
2011.12.13 04:10:21.896,0.84512,0.84524,1.50,1.88
2011.12.13 04:10:22.045,0.8451,0.84524,3.38,1.88
2011.12.13 04:10:22.395,0.84513,0.84527,1.13,3.53
2011.12.13 04:10:30.470,0.84513,0.84527,1.13,3.38
2011.12.13 04:10:30.891,0.84513,0.84527,1.88,3.53
2011.12.13 04:10:31.662,0.84514,0.84528,3.38,3.53
2011.12.13 04:10:33.274,0.84514,0.84528,3.38,3.68
2011.12.13 04:10:33.835,0.84514,0.84528,3.38,3.53
2011.12.13 04:10:34.353,0.84514,0.84528,3.38,3.38
2011.12.13 04:10:42.181,0.84514,0.84528,3.38,3.38
2011.12.13 04:10:43.508,0.84514,0.84528,2.63,3.38
2011.12.13 04:10:44.892,0.84514,0.84528,3.38,3.38
2011.12.13 04:10:47.369,0.84514,0.84528,2.63,3.38
2011.12.13 04:10:48.101,0.84515,0.84528,2.25,1.88
2011.12.13 04:10:48.183,0.84516,0.84529,1.88,3.00
2011.12.13 04:10:48.742,0.84516,0.84529,1.88,2.25
2011.12.13 04:10:49.952,0.84514,0.84529,1.88,2.25
2011.12.13 04:10:54.302,0.84514,0.8453,3.38,3.38
2011.12.13 04:10:57.442,0.84515,0.84529,1.88,1.88
2011.12.13 04:10:57.989,0.84515,0.84529,1.88,1.88
2011.12.13 04:10:59.272,0.84515,0.84529,1.88,1.13
2011.12.13 04:10:59.812,0.84517,0.84531,3.38,3.38
2011.12.13 04:11:00.342,0.84517,0.84531,3.38,3.38
2011.12.13 04:11:00.483,0.84518,0.84531,1.88,2.25
2011.12.13 04:11:01.452,0.84518,0.8453,1.13,2.25
2011.12.13 04:11:01.721,0.84516,0.8453,2.25,2.25
2011.12.13 04:11:02.581,0.84516,0.8453,2.25,2.25
2011.12.13 04:11:03.225,0.84516,0.84529,1.50,1.88
2011.12.13 04:11:03.784,0.84516,0.84529,2.25,1.88
2011.12.13 04:11:05.580,0.84516,0.84529,1.50,1.88
2011.12.13 04:11:05.913,0.84513,0.84529,3.38,3.38
2011.12.13 04:11:06.422,0.84513,0.84529,3.38,3.38
2011.12.13 04:11:06.552,0.84513,0.84529,3.38,3.38
2011.12.13 04:11:06.978,0.84513,0.84529,3.38,3.38
2011.12.13 04:11:07.545,0.84516,0.84529,1.88,2.25
2011.12.13 04:11:07.885,0.84516,0.84526,1.88,1.50
2011.12.13 04:11:08.983,0.84516,0.84529,1.88,2.25
2011.12.13 04:11:11.750,0.84516,0.8453,1.88,2.25
2011.12.13 04:11:12.686,0.84518,0.84531,1.13,2.25
2011.12.13 04:11:13.256,0.84518,0.8453,1.88,2.25
2011.12.13 04:11:14.025,0.84518,0.84532,1.88,2.25
2011.12.13 04:11:14.506,0.84518,0.84531,1.13,2.25
2011.12.13 04:11:15.071,0.84518,0.84531,1.88,2.25
2011.12.13 04:11:15.932,0.84518,0.84531,1.13,2.25
2011.12.13 04:11:17.048,0.84516,0.84531,1.88,2.25
2011.12.13 04:11:18.005,0.84516,0.84531,1.88,2.25
2011.12.13 04:11:18.342,0.84516,0.84531,1.88,2.25
2011.12.13 04:11:18.901,0.84519,0.84531,1.13,2.25
2011.12.13 04:11:20.370,0.84517,0.84531,3.38,2.25
2011.12.13 04:11:22.397,0.84518,0.84531,1.88,1.50
2011.12.13 04:11:22.952,0.84518,0.84534,4.13,3.68
2011.12.13 04:11:24.325,0.84519,0.84534,1.13,2.55
2011.12.13 04:11:24.877,0.84517,0.84531,1.88,2.25
2011.12.13 04:11:25.438,0.84519,0.84534,1.88,2.55
2011.12.13 04:11:25.655,0.8452,0.84534,2.25,1.05
2011.12.13 04:11:26.294,0.84523,0.84536,1.13,2.55
2011.12.13 04:11:26.730,0.84523,0.84537,1.88,2.25
2011.12.13 04:11:27.361,0.84523,0.84537,1.88,1.50
2011.12.13 04:11:28.013,0.84523,0.84539,3.38,2.25
2011.12.13 04:11:30.550,0.84526,0.84539,1.88,2.25
2011.12.13 04:11:31.130,0.84526,0.84539,1.88,2.25
2011.12.13 04:11:31.815,0.84527,0.84539,1.13,2.25
2011.12.13 04:11:32.372,0.84527,0.84539,1.88,2.25
2011.12.13 04:11:35.144,0.84526,0.84539,1.88,2.25
2011.12.13 04:11:35.493,0.84526,0.84539,1.13,2.25
2011.12.13 04:11:35.565,0.84526,0.84539,1.13,2.25
2011.12.13 04:11:36.093,0.84525,0.84539,1.13,3.38
2011.12.13 04:11:38.214,0.84525,0.84537,1.13,2.25
2011.12.13 04:11:38.412,0.84522,0.84538,2.25,3.38
2011.12.13 04:11:38.623,0.84521,0.84535,2.25,2.25
2011.12.13 04:11:39.195,0.84521,0.84535,1.50,2.25
2011.12.13 04:11:39.827,0.84519,0.84533,2.25,3.38
2011.12.13 04:11:39.925,0.84517,0.84532,2.07,1.50
2011.12.13 04:11:40.591,0.84519,0.84532,2.25,1.88
2011.12.13 04:11:41.195,0.84519,0.84532,2.25,1.13
2011.12.13 04:11:42.022,0.8452,0.84536,2.63,2.25
2011.12.13 04:11:42.696,0.8452,0.84536,3.38,2.25
2011.12.13 04:11:43.653,0.8452,0.84536,3.38,2.25
2011.12.13 04:11:44.214,0.84519,0.84533,2.25,1.50
2011.12.13 04:11:46.128,0.84519,0.84533,3.38,2.25
2011.12.13 04:11:46.207,0.84519,0.84533,3.38,2.25
2011.12.13 04:11:47.722,0.84521,0.84536,1.88,2.25
2011.12.13 04:12:06.961,0.84521,0.84533,1.13,1.50
2011.12.13 04:12:07.488,0.84521,0.84533,1.13,2.25
2011.12.13 04:12:08.642,0.84519,0.84532,1.88,1.50
2011.12.13 04:12:14.510,0.84519,0.84534,1.88,2.25
2011.12.13 04:12:15.634,0.84519,0.84534,1.88,2.25
2011.12.13 04:12:16.140,0.84521,0.84534,1.13,2.25
2011.12.13 04:12:16.211,0.84521,0.84532,1.13,1.50
2011.12.13 04:12:18.669,0.84521,0.84529,1.13,1.50
2011.12.13 04:12:19.234,0.84521,0.84534,1.13,2.25
2011.12.13 04:12:27.632,0.84522,0.84535,1.13,2.25
2011.12.13 04:12:32.230,0.84522,0.84535,1.88,2.25
2011.12.13 04:12:32.740,0.84522,0.84535,1.13,2.25
2011.12.13 04:12:32.811,0.84522,0.84535,1.13,2.25
2011.12.13 04:12:33.340,0.84522,0.84535,1.88,1.50
2011.12.13 04:12:37.257,0.84523,0.84535,1.13,2.25
2011.12.13 04:12:37.804,0.84523,0.84535,1.88,1.50
2011.12.13 04:12:38.225,0.84526,0.8454,2.25,2.25
2011.12.13 04:12:38.593,0.84524,0.84538,3.38,1.50
2011.12.13 04:12:38.732,0.84524,0.84538,2.25,2.25
2011.12.13 04:12:39.325,0.84523,0.84537,2.25,1.50
2011.12.13 04:12:40.154,0.84523,0.84537,2.25,2.25
2011.12.13 04:12:49.223,0.84523,0.84536,2.25,1.13
2011.12.13 04:12:49.572,0.8452,0.84536,3.38,3.38
2011.12.13 04:12:50.121,0.8452,0.84536,3.38,3.38
2011.12.13 04:12:50.711,0.8452,0.84534,1.13,1.50
2011.12.13 04:12:52.996,0.84519,0.84534,1.88,1.50
2011.12.13 04:12:57.937,0.84519,0.84533,1.88,1.50
2011.12.13 04:12:58.133,0.84519,0.84533,1.88,1.50
2011.12.13 04:13:02.412,0.84519,0.84533,3.38,1.50
2011.12.13 04:13:03.087,0.84519,0.84532,1.88,1.50
2011.12.13 04:13:03.756,0.84519,0.84533,3.38,1.50
2011.12.13 04:13:04.820,0.84521,0.84533,1.13,1.50
2011.12.13 04:13:05.357,0.84521,0.84533,1.88,1.50
2011.12.13 04:13:05.969,0.84521,0.84535,3.38,2.25
2011.12.13 04:13:06.491,0.84521,0.84536,1.88,2.25
2011.12.13 04:13:10.935,0.8452,0.84533,1.88,2.25
2011.12.13 04:13:11.992,0.8452,0.84533,1.88,1.50
2011.12.13 04:13:13.281,0.8452,0.84533,1.88,1.50
2011.12.13 04:13:15.184,0.84524,0.84533,1.13,1.50
2011.12.13 04:13:15.388,0.84524,0.84536,1.88,2.25
2011.12.13 04:13:15.606,0.84525,0.84539,1.13,2.25
2011.12.13 04:13:16.164,0.84524,0.84537,1.88,2.25
2011.12.13 04:13:16.700,0.84524,0.84537,1.88,2.25
2011.12.13 04:13:17.227,0.84524,0.84538,3.38,3.38
2011.12.13 04:13:18.984,0.84524,0.84538,3.38,3.38
2011.12.13 04:13:19.532,0.84523,0.84536,1.88,2.25
2011.12.13 04:13:23.371,0.84524,0.84538,3.38,2.25
2011.12.13 04:13:23.514,0.84526,0.84538,1.13,2.25
2011.12.13 04:13:26.887,0.84527,0.84538,1.88,1.50
2011.12.13 04:13:27.824,0.84527,0.84537,1.88,1.50
2011.12.13 04:13:28.352,0.84524,0.84538,3.38,1.50
2011.12.13 04:13:29.319,0.84524,0.84538,3.38,2.25
2011.12.13 04:13:30.340,0.84524,0.84538,3.38,1.50
2011.12.13 04:13:32.834,0.84524,0.84538,2.25,2.25
2011.12.13 04:13:33.604,0.84524,0.84538,2.25,2.25
2011.12.13 04:13:36.808,0.84525,0.84538,1.88,1.50
2011.12.13 04:13:37.148,0.84525,0.84541,3.38,2.25
2011.12.13 04:13:38.047,0.84525,0.84541,3.38,2.25
2011.12.13 04:13:38.699,0.84526,0.8454,1.88,1.88
2011.12.13 04:13:38.908,0.84526,0.84539,1.88,2.25
2011.12.13 04:13:39.445,0.84526,0.84539,1.13,2.25
2011.12.13 04:13:40.005,0.84525,0.84539,1.88,2.25
2011.12.13 04:13:41.747,0.84525,0.84537,1.88,2.25
2011.12.13 04:13:42.287,0.84525,0.84537,1.88,1.50
2011.12.13 04:13:43.818,0.84524,0.84535,1.88,1.50
2011.12.13 04:13:44.194,0.84521,0.84535,3.38,1.50
2011.12.13 04:13:46.585,0.84521,0.84535,3.38,2.25
2011.12.13 04:13:50.518,0.84524,0.84536,1.13,2.25
2011.12.13 04:13:50.587,0.84524,0.84536,1.13,2.25
2011.12.13 04:13:51.206,0.84528,0.84539,1.13,2.25
2011.12.13 04:13:51.289,0.84528,0.84538,1.13,1.50
2011.12.13 04:13:52.596,0.84528,0.84537,1.13,1.50
2011.12.13 04:13:53.759,0.84524,0.84537,1.88,1.50
2011.12.13 04:13:53.836,0.84524,0.84536,1.88,2.25
2011.12.13 04:13:54.334,0.84521,0.84533,1.88,1.50
2011.12.13 04:13:55.108,0.84521,0.84534,1.88,2.25
2011.12.13 04:13:59.239,0.84519,0.84534,1.88,2.25
2011.12.13 04:13:59.765,0.8452,0.84534,1.88,2.25
2011.12.13 04:14:00.285,0.8452,0.84534,1.88,1.50
2011.12.13 04:14:03.896,0.8452,0.84534,1.88,3.38
2011.12.13 04:14:04.176,0.8452,0.84534,1.88,3.38
2011.12.13 04:14:06.756,0.8452,0.84534,1.88,3.38
2011.12.13 04:14:07.343,0.8452,0.84534,1.88,3.38
2011.12.13 04:14:08.797,0.8452,0.84533,1.88,1.50
2011.12.13 04:14:10.608,0.8452,0.84533,1.88,2.25
2011.12.13 04:14:11.135,0.8452,0.84532,1.88,1.50
2011.12.13 04:14:11.452,0.8452,0.84533,1.88,2.25
2011.12.13 04:14:12.007,0.8452,0.84533,1.88,2.25
2011.12.13 04:14:13.227,0.8452,0.84533,1.13,2.25
2011.12.13 04:14:14.667,0.84517,0.84533,3.38,3.38
2011.12.13 04:14:15.185,0.84517,0.84531,1.88,2.25
2011.12.13 04:14:16.299,0.84517,0.84531,1.88,2.25
2011.12.13 04:14:16.578,0.84516,0.84529,1.88,2.25
2011.12.13 04:14:17.337,0.84516,0.8453,1.88,3.38
2011.12.13 04:14:18.093,0.84514,0.84528,1.88,1.88
2011.12.13 04:14:21.195,0.84512,0.84525,1.88,2.25
2011.12.13 04:14:21.407,0.84512,0.84525,1.88,2.25
2011.12.13 04:14:21.969,0.84511,0.84525,3.38,2.25
2011.12.13 04:14:22.508,0.84511,0.84525,3.38,2.25
2011.12.13 04:14:24.670,0.84511,0.84525,3.38,2.25
2011.12.13 04:14:25.043,0.84511,0.84525,3.38,2.25
2011.12.13 04:14:25.641,0.84511,0.84525,3.38,2.25
2011.12.13 04:14:27.984,0.84511,0.84525,3.38,2.25
2011.12.13 04:14:28.926,0.84511,0.84525,3.38,2.25
2011.12.13 04:14:29.246,0.84511,0.84524,2.25,1.88
2011.12.13 04:14:31.140,0.84511,0.84524,1.88,2.25
2011.12.13 04:14:31.409,0.84512,0.84526,2.25,1.50
2011.12.13 04:14:31.985,0.84515,0.84527,1.13,2.25
2011.12.13 04:14:32.262,0.84518,0.84527,1.13,2.25
2011.12.13 04:14:32.410,0.84518,0.8453,1.13,2.25
2011.12.13 04:14:33.934,0.84515,0.8453,2.25,1.88
2011.12.13 04:14:34.019,0.84517,0.84528,1.88,1.50
2011.12.13 04:14:34.516,0.84515,0.84529,1.88,2.25
2011.12.13 04:14:35.022,0.84515,0.8453,1.88,2.25
2011.12.13 04:14:36.077,0.84514,0.84528,3.38,2.25
2011.12.13 04:14:36.586,0.84514,0.84528,3.38,2.25
2011.12.13 04:14:38.111,0.84516,0.8453,1.13,2.25
2011.12.13 04:14:38.647,0.84516,0.8453,1.88,2.25
2011.12.13 04:14:44.858,0.84514,0.84529,1.88,2.25
2011.12.13 04:14:45.417,0.84513,0.84529,3.38,2.25
2011.12.13 04:14:47.918,0.84513,0.84529,3.38,2.25
2011.12.13 04:14:48.615,0.84513,0.84529,3.38,2.25
2011.12.13 04:14:48.705,0.84511,0.84527,3.38,1.50
2011.12.13 04:14:48.988,0.84516,0.84527,1.13,1.50
2011.12.13 04:14:50.899,0.84516,0.84527,1.13,2.25
2011.12.13 04:14:52.675,0.84512,0.84527,1.88,2.25
2011.12.13 04:14:52.746,0.84512,0.84527,1.88,2.25
2011.12.13 04:14:55.835,0.84512,0.84527,1.88,2.25
2011.12.13 04:14:56.384,0.84512,0.84527,1.88,2.25
2011.12.13 04:14:56.645,0.84512,0.84527,1.88,2.25
2011.12.13 04:15:00.875,0.84512,0.84527,1.13,2.25
2011.12.13 04:15:01.386,0.84511,0.84525,3.38,2.25
2011.12.13 04:15:02.511,0.84511,0.84527,3.38,3.38
2011.12.13 04:15:02.917,0.84514,0.84527,1.13,2.25
2011.12.13 04:15:04.038,0.84515,0.84527,1.13,2.25
2011.12.13 04:15:04.430,0.84513,0.84527,1.13,2.25
2011.12.13 04:15:04.992,0.84513,0.84527,1.13,2.25
2011.12.13 04:15:06.736,0.84513,0.84527,1.88,2.25
2011.12.13 04:15:07.345,0.84515,0.84527,1.13,2.25
2011.12.13 04:15:07.547,0.84515,0.84527,1.13,2.25
2011.12.13 04:15:08.626,0.84515,0.84527,1.13,2.25
2011.12.13 04:15:08.935,0.84512,0.84527,1.88,2.25
2011.12.13 04:15:12.264,0.84512,0.84527,1.88,2.25
2011.12.13 04:15:12.820,0.84512,0.84525,1.88,2.25
2011.12.13 04:15:13.488,0.84511,0.84525,1.88,3.38
2011.12.13 04:15:14.106,0.84511,0.84525,1.13,3.38
2011.12.13 04:15:15.180,0.84511,0.84525,1.88,3.38
2011.12.13 04:15:15.737,0.84512,0.84526,2.63,3.38
2011.12.13 04:15:16.616,0.84513,0.84526,1.13,2.25
2011.12.13 04:15:17.133,0.84513,0.84525,1.88,2.25
2011.12.13 04:15:17.637,0.84513,0.84525,1.13,2.25
2011.12.13 04:15:18.195,0.84511,0.84525,2.25,2.25
2011.12.13 04:15:18.707,0.84511,0.84525,2.25,2.25
2011.12.13 04:15:19.555,0.84511,0.84525,2.25,2.25
2011.12.13 04:15:21.337,0.84511,0.84525,2.25,2.25
2011.12.13 04:15:36.745,0.8451,0.84523,1.13,2.25
2011.12.13 04:15:37.409,0.84509,0.84523,2.25,2.25
2011.12.13 04:15:37.486,0.84509,0.84523,2.25,3.38
2011.12.13 04:15:37.982,0.84506,0.84522,2.63,3.38
2011.12.13 04:15:38.259,0.84506,0.84522,3.38,3.38
2011.12.13 04:15:39.346,0.84506,0.84519,2.25,1.88
2011.12.13 04:15:41.051,0.84505,0.84519,2.25,1.88
2011.12.13 04:15:41.561,0.84503,0.84519,3.38,3.38
2011.12.13 04:15:58.368,0.84504,0.84518,2.25,2.25
2011.12.13 04:15:58.916,0.84503,0.84516,1.88,1.50
2011.12.13 04:16:03.978,0.84504,0.84516,1.88,1.50
2011.12.13 04:16:04.178,0.84506,0.84518,1.13,2.25
2011.12.13 04:16:04.717,0.84506,0.8452,1.88,2.25
2011.12.13 04:16:07.949,0.84504,0.8452,3.38,3.38
2011.12.13 04:16:08.417,0.84504,0.84519,1.88,2.25
2011.12.13 04:16:08.628,0.84504,0.84519,1.88,2.25
2011.12.13 04:16:09.527,0.84503,0.84519,3.38,3.38
2011.12.13 04:16:10.065,0.84503,0.84516,2.25,1.13
2011.12.13 04:16:10.536,0.84503,0.84519,3.38,3.38
2011.12.13 04:16:12.889,0.84504,0.84519,1.88,2.25
2011.12.13 04:16:13.441,0.84504,0.84519,1.88,2.25
2011.12.13 04:16:13.593,0.84504,0.84519,1.88,2.25
2011.12.13 04:16:14.347,0.84504,0.84519,1.88,2.25
2011.12.13 04:16:14.488,0.84504,0.84519,2.25,1.88
2011.12.13 04:16:15.017,0.84504,0.84518,2.25,1.50
2011.12.13 04:16:16.499,0.84504,0.84518,2.25,2.25
2011.12.13 04:16:28.134,0.84505,0.84518,1.88,1.50
2011.12.13 04:16:31.345,0.84504,0.84518,2.25,2.25
2011.12.13 04:16:39.866,0.84504,0.8452,2.25,3.38
2011.12.13 04:16:41.388,0.84504,0.8452,2.25,3.38
2011.12.13 04:16:53.237,0.84504,0.8452,3.38,3.38
2011.12.13 04:16:53.567,0.84504,0.84519,1.88,2.25
2011.12.13 04:16:53.638,0.84503,0.84517,3.38,1.13
2011.12.13 04:16:54.346,0.84505,0.84517,2.25,1.88
2011.12.13 04:16:55.935,0.84504,0.84517,2.25,1.88
2011.12.13 04:16:58.201,0.84504,0.84516,2.25,1.13
2011.12.13 04:16:58.271,0.84504,0.84516,1.50,1.88
2011.12.13 04:16:58.700,0.84502,0.84516,3.38,3.38
2011.12.13 04:17:00.382,0.84504,0.84516,1.13,2.25
2011.12.13 04:17:02.455,0.84502,0.84516,3.00,1.50
2011.12.13 04:17:02.648,0.84502,0.84516,2.25,2.25
2011.12.13 04:17:02.896,0.84502,0.84516,2.25,2.25
2011.12.13 04:17:03.434,0.84502,0.84516,2.25,2.25
2011.12.13 04:17:07.491,0.84502,0.84515,2.25,1.13
2011.12.13 04:17:07.849,0.84502,0.84515,1.50,1.88
2011.12.13 04:17:07.928,0.84498,0.84511,1.88,1.50
2011.12.13 04:17:08.347,0.84502,0.84512,1.13,1.50
2011.12.13 04:17:08.630,0.84502,0.84517,3.38,2.25
2011.12.13 04:17:09.169,0.84502,0.84515,1.88,2.25
2011.12.13 04:17:09.678,0.84502,0.84517,1.13,2.25
2011.12.13 04:17:09.890,0.84501,0.84512,2.25,1.13
2011.12.13 04:17:10.291,0.84499,0.84512,1.50,1.88
2011.12.13 04:17:10.373,0.84497,0.84511,2.25,3.38
2011.12.13 04:17:11.571,0.84498,0.84511,1.13,2.25
2011.12.13 04:17:11.925,0.84501,0.84514,1.13,2.25
2011.12.13 04:17:12.283,0.84503,0.84515,1.88,2.25
2011.12.13 04:17:13.640,0.84501,0.84517,2.25,2.25
2011.12.13 04:17:27.025,0.84501,0.84517,2.25,2.25
2011.12.13 04:17:27.786,0.84501,0.84517,2.25,2.25
2011.12.13 04:17:29.654,0.84501,0.84517,2.25,2.25
2011.12.13 04:17:34.505,0.84501,0.84517,2.25,2.25
2011.12.13 04:17:35.731,0.84503,0.84518,2.25,1.88
2011.12.13 04:18:03.014,0.84502,0.84516,2.25,2.25
2011.12.13 04:18:12.495,0.84502,0.84516,2.25,2.25
2011.12.13 04:18:12.936,0.84502,0.84516,3.38,2.25
2011.12.13 04:18:15.959,0.84503,0.84518,2.25,1.88
2011.12.13 04:18:16.450,0.84505,0.84521,3.38,3.38
2011.12.13 04:18:17.141,0.84505,0.84521,2.63,3.38
2011.12.13 04:18:17.699,0.84504,0.84518,2.25,3.38
2011.12.13 04:18:18.068,0.84504,0.84518,2.25,3.38
2011.12.13 04:18:18.269,0.84504,0.84518,2.25,3.38
2011.12.13 04:18:21.340,0.84504,0.84518,1.50,3.38
2011.12.13 04:18:21.981,0.84504,0.84518,2.25,3.38
2011.12.13 04:18:27.825,0.84504,0.84518,2.25,3.38
2011.12.13 04:18:35.186,0.84504,0.84515,1.50,1.88
2011.12.13 04:18:36.266,0.84504,0.84515,1.50,1.88
2011.12.13 04:18:36.727,0.84502,0.84515,1.50,1.88
2011.12.13 04:18:37.596,0.84502,0.84515,1.50,1.88
2011.12.13 04:18:37.739,0.84504,0.84515,1.50,1.88
2011.12.13 04:18:37.806,0.84502,0.84515,1.50,1.88
2011.12.13 04:18:38.887,0.84502,0.84513,2.25,1.88
2011.12.13 04:18:39.549,0.84502,0.84513,2.25,1.13
2011.12.13 04:18:41.260,0.84504,0.84513,1.50,1.13
2011.12.13 04:18:47.767,0.84502,0.84513,2.25,1.88
2011.12.13 04:18:48.316,0.84501,0.84513,2.25,1.88
2011.12.13 04:18:51.073,0.84499,0.84513,2.25,3.38
2011.12.13 04:18:51.758,0.84499,0.84511,1.50,1.88
2011.12.13 04:18:53.445,0.84499,0.84511,2.25,1.88
2011.12.13 04:18:55.515,0.845,0.84512,1.50,1.88
2011.12.13 04:18:56.065,0.845,0.84512,2.25,1.13
2011.12.13 04:18:56.595,0.845,0.84513,2.25,1.13
2011.12.13 04:18:57.797,0.845,0.84513,2.25,1.13
2011.12.13 04:18:58.344,0.845,0.84513,2.25,1.13
2011.12.13 04:18:58.478,0.845,0.84513,2.25,1.13
2011.12.13 04:18:58.698,0.845,0.84513,2.25,1.13
2011.12.13 04:18:58.826,0.845,0.84513,2.25,1.13
2011.12.13 04:18:59.696,0.845,0.84513,2.25,1.13
2011.12.13 04:19:00.332,0.845,0.84513,2.25,1.88
2011.12.13 04:19:00.956,0.845,0.84513,2.25,1.13
2011.12.13 04:19:01.465,0.845,0.84513,2.25,1.88
2011.12.13 04:19:02.005,0.845,0.84513,2.25,1.13
2011.12.13 04:19:12.479,0.845,0.84513,2.25,1.13
2011.12.13 04:19:13.130,0.845,0.84514,3.38,3.38
2011.12.13 04:19:13.750,0.845,0.84514,2.63,3.38
2011.12.13 04:19:14.278,0.845,0.84514,3.38,3.38
2011.12.13 04:19:14.539,0.845,0.84514,3.38,3.38
2011.12.13 04:19:15.092,0.845,0.84511,2.25,1.13
2011.12.13 04:19:16.146,0.845,0.84514,2.25,2.25
2011.12.13 04:19:18.375,0.845,0.84512,2.25,1.13
2011.12.13 04:19:18.895,0.845,0.84512,2.25,1.88
2011.12.13 04:19:24.416,0.845,0.84514,1.50,3.38
2011.12.13 04:19:24.974,0.845,0.84514,2.25,3.38
2011.12.13 04:19:26.675,0.845,0.84514,1.50,3.38
2011.12.13 04:19:32.164,0.845,0.84514,2.25,3.38
2011.12.13 04:19:35.791,0.845,0.84514,2.25,3.38
2011.12.13 04:19:39.255,0.845,0.84514,2.25,2.25
2011.12.13 04:19:39.708,0.845,0.84514,2.25,2.25
2011.12.13 04:19:40.244,0.845,0.84514,2.25,2.25
2011.12.13 04:19:45.609,0.845,0.84514,2.25,2.25
2011.12.13 04:19:48.908,0.845,0.84514,3.38,3.38
2011.12.13 04:19:54.951,0.845,0.84514,1.88,1.88
2011.12.13 04:19:57.195,0.84499,0.84515,2.25,3.38
2011.12.13 04:19:57.698,0.84499,0.84513,2.25,2.25
2011.12.13 04:19:58.726,0.84499,0.84513,2.25,2.25
2011.12.13 04:19:59.259,0.845,0.84514,2.25,2.25
2011.12.13 04:19:59.516,0.845,0.84514,2.25,2.25
2011.12.13 04:20:01.408,0.84499,0.84513,2.25,2.25
2011.12.13 04:20:01.746,0.84499,0.84511,2.25,1.88
2011.12.13 04:20:02.961,0.84499,0.84509,1.50,1.88
2011.12.13 04:20:03.173,0.84497,0.84509,2.25,1.88
2011.12.13 04:20:04.109,0.84496,0.84509,1.50,1.88
2011.12.13 04:20:04.754,0.84496,0.8451,2.25,2.25
2011.12.13 04:20:05.649,0.84497,0.84511,1.50,3.38
2011.12.13 04:20:05.788,0.84497,0.84511,2.25,3.38
2011.12.13 04:20:10.498,0.84495,0.84511,3.38,3.38
2011.12.13 04:20:11.372,0.84497,0.84511,1.50,3.38
2011.12.13 04:20:12.032,0.84495,0.84511,3.38,3.38
2011.12.13 04:20:12.340,0.84495,0.84511,3.38,3.38
2011.12.13 04:20:12.607,0.84497,0.84511,2.25,2.25
2011.12.13 04:20:12.752,0.84499,0.84512,2.25,1.88
2011.12.13 04:20:13.318,0.84499,0.84512,1.50,1.88
2011.12.13 04:20:13.870,0.84496,0.84511,1.88,2.25
2011.12.13 04:20:14.288,0.84494,0.84507,1.13,3.00
2011.12.13 04:20:14.856,0.84495,0.84508,2.25,1.88
2011.12.13 04:20:18.959,0.84495,0.84509,2.25,2.25
2011.12.13 04:20:19.529,0.84495,0.84509,2.25,2.25
2011.12.13 04:20:21.568,0.84495,0.84509,2.25,2.25
2011.12.13 04:20:22.225,0.84494,0.84508,4.13,1.50
2011.12.13 04:20:23.176,0.84494,0.84508,4.13,2.25
2011.12.13 04:20:25.450,0.84498,0.84511,1.13,2.25
2011.12.13 04:20:26.007,0.84497,0.84511,1.88,3.38
2011.12.13 04:20:26.704,0.84497,0.84511,1.88,1.88
2011.12.13 04:20:27.216,0.84497,0.84511,1.88,1.88
2011.12.13 04:20:27.622,0.84496,0.84509,2.25,1.88
2011.12.13 04:20:28.028,0.84495,0.84509,1.88,3.38
2011.12.13 04:20:28.725,0.84495,0.84509,3.38,3.38
2011.12.13 04:20:28.927,0.84495,0.84509,3.38,3.38
2011.12.13 04:20:30.690,0.84495,0.84508,1.88,2.25
2011.12.13 04:20:31.232,0.84495,0.84508,1.88,1.50
2011.12.13 04:20:31.744,0.84495,0.84508,1.88,2.25
2011.12.13 04:20:36.637,0.84495,0.84509,1.88,3.38
2011.12.13 04:20:39.497,0.84497,0.84509,1.13,2.25
2011.12.13 04:20:40.284,0.84497,0.84512,1.88,2.25
2011.12.13 04:20:40.796,0.84497,0.84512,1.88,2.25
2011.12.13 04:20:41.255,0.84499,0.84512,1.88,2.25
2011.12.13 04:20:44.587,0.84497,0.84512,1.88,2.25
2011.12.13 04:20:44.867,0.84497,0.84512,1.88,2.25
2011.12.13 04:20:45.385,0.84497,0.84512,1.88,2.25
2011.12.13 04:20:47.527,0.84497,0.84511,1.88,1.88
2011.12.13 04:20:48.056,0.84497,0.84511,1.88,1.13
2011.12.13 04:20:48.576,0.84497,0.84511,1.88,1.88
2011.12.13 04:20:48.707,0.84496,0.8451,3.38,1.88
2011.12.13 04:20:49.226,0.84496,0.8451,3.38,1.88
2011.12.13 04:20:50.632,0.84496,0.8451,1.88,1.88
2011.12.13 04:20:51.725,0.84496,0.8451,1.88,1.88
2011.12.13 04:20:52.753,0.84496,0.84509,1.13,2.25
2011.12.13 04:20:53.479,0.84495,0.84507,2.25,1.13
2011.12.13 04:20:53.817,0.84493,0.84507,2.25,1.88
2011.12.13 04:21:23.593,0.84493,0.84507,2.25,2.25
2011.12.13 04:21:23.859,0.84493,0.84507,2.25,2.25
2011.12.13 04:21:28.676,0.84491,0.84507,3.38,3.38
2011.12.13 04:21:29.186,0.84492,0.84507,1.50,1.88
2011.12.13 04:21:29.902,0.84492,0.84507,2.25,1.88
2011.12.13 04:21:30.416,0.84492,0.84507,1.50,1.88
2011.12.13 04:21:30.928,0.84493,0.84508,1.13,2.25
2011.12.13 04:21:31.517,0.84493,0.84508,1.88,2.25
2011.12.13 04:21:42.049,0.84494,0.84509,1.50,1.88
2011.12.13 04:21:45.127,0.84493,0.84509,3.38,3.38
2011.12.13 04:21:54.435,0.84493,0.84508,2.25,1.88
2011.12.13 04:21:56.667,0.84493,0.84508,1.50,1.88
2011.12.13 04:21:57.274,0.84493,0.84508,2.25,1.88
2011.12.13 04:22:04.711,0.84492,0.84506,3.38,2.25
2011.12.13 04:22:05.788,0.84492,0.84507,1.88,2.25
2011.12.13 04:22:06.294,0.84492,0.84508,3.38,3.38
2011.12.13 04:22:17.268,0.84492,0.84507,1.88,2.25
2011.12.13 04:22:17.398,0.84493,0.84507,2.25,2.25
2011.12.13 04:22:28.398,0.84492,0.84508,4.13,3.38
2011.12.13 04:22:28.478,0.84496,0.84508,1.13,2.25
2011.12.13 04:22:28.831,0.84496,0.84512,3.38,3.38
2011.12.13 04:22:29.040,0.84499,0.84513,1.13,1.88
2011.12.13 04:22:29.598,0.845,0.84513,1.88,2.25
2011.12.13 04:22:29.949,0.845,0.84514,3.38,2.25
2011.12.13 04:22:30.453,0.845,0.84514,1.13,2.25
2011.12.13 04:22:30.976,0.845,0.84514,1.13,2.25
2011.12.13 04:22:37.226,0.845,0.84514,1.13,2.25
2011.12.13 04:22:40.766,0.845,0.84514,1.13,3.38
2011.12.13 04:22:49.647,0.84498,0.84512,3.38,1.88
2011.12.13 04:22:50.065,0.84496,0.84511,2.25,1.88
2011.12.13 04:22:50.757,0.84496,0.84511,2.25,1.88
2011.12.13 04:22:51.266,0.84496,0.84511,2.25,1.88
2011.12.13 04:22:51.798,0.84496,0.84509,1.50,1.88
2011.12.13 04:22:52.306,0.84494,0.84509,2.25,1.88
2011.12.13 04:22:52.661,0.84494,0.8451,3.38,3.38
2011.12.13 04:22:53.746,0.84495,0.84509,1.13,1.88
2011.12.13 04:22:54.289,0.84495,0.84509,1.88,1.88
2011.12.13 04:22:56.227,0.84495,0.84509,1.13,1.88
2011.12.13 04:22:56.852,0.84495,0.84509,1.88,1.88
2011.12.13 04:22:59.898,0.84495,0.84509,1.88,1.88
2011.12.13 04:23:00.438,0.84496,0.8451,1.88,3.38
2011.12.13 04:23:01.066,0.84496,0.8451,3.38,1.88
2011.12.13 04:23:01.986,0.84496,0.8451,3.38,1.88
2011.12.13 04:23:02.547,0.84496,0.8451,3.38,1.88
2011.12.13 04:23:13.569,0.84496,0.8451,3.38,3.38
2011.12.13 04:23:15.262,0.84496,0.84509,2.25,1.88
2011.12.13 04:23:15.787,0.84495,0.84509,3.38,1.88
2011.12.13 04:23:18.086,0.84497,0.8451,1.50,1.88
2011.12.13 04:23:18.496,0.84495,0.84509,3.38,2.25
2011.12.13 04:23:22.886,0.84495,0.84509,2.63,3.38
2011.12.13 04:23:24.598,0.84495,0.84509,2.25,3.38
2011.12.13 04:23:24.807,0.84493,0.84509,2.63,3.38
2011.12.13 04:23:25.376,0.84493,0.84509,3.38,3.38
2011.12.13 04:23:26.218,0.84494,0.84509,1.88,2.25
2011.12.13 04:23:26.433,0.84494,0.84509,1.88,1.50
2011.12.13 04:23:27.837,0.84494,0.84508,3.38,1.50
2011.12.13 04:23:29.100,0.84495,0.84509,2.25,2.25
2011.12.13 04:23:36.246,0.84495,0.84509,3.38,1.50
2011.12.13 04:23:36.390,0.84497,0.84511,2.25,2.25
2011.12.13 04:23:37.569,0.84497,0.84511,2.25,2.25
2011.12.13 04:23:38.136,0.84496,0.84511,1.88,2.25
2011.12.13 04:23:38.787,0.84495,0.84511,3.38,3.38
2011.12.13 04:23:39.829,0.84496,0.84511,1.88,1.50
2011.12.13 04:23:40.367,0.84497,0.84511,2.25,2.25
2011.12.13 04:23:40.903,0.84497,0.84511,2.25,1.50
2011.12.13 04:23:43.258,0.84497,0.84511,2.25,1.50
2011.12.13 04:23:45.153,0.84497,0.8451,2.25,1.13
2011.12.13 04:23:45.699,0.84497,0.8451,2.25,1.88
2011.12.13 04:23:47.852,0.84497,0.8451,2.25,1.88
2011.12.13 04:23:48.118,0.84497,0.8451,2.25,1.88
2011.12.13 04:23:48.627,0.84497,0.8451,2.25,1.88
2011.12.13 04:23:48.770,0.84496,0.84508,3.00,1.13
2011.12.13 04:23:48.967,0.84496,0.8451,2.25,3.00
2011.12.13 04:23:49.109,0.84496,0.8451,1.50,3.00
2011.12.13 04:23:49.448,0.84497,0.84511,2.25,4.13
2011.12.13 04:23:49.851,0.84497,0.84508,2.25,1.13
2011.12.13 04:23:50.630,0.84495,0.84508,2.25,1.88
2011.12.13 04:23:53.486,0.84495,0.84508,2.25,1.88
2011.12.13 04:23:53.990,0.84495,0.84508,2.25,1.88
2011.12.13 04:23:56.127,0.84494,0.84508,1.88,1.88
2011.12.13 04:24:25.124,0.84494,0.84508,2.25,2.25
2011.12.13 04:24:25.261,0.84494,0.84508,2.25,2.25
2011.12.13 04:24:28.349,0.84494,0.84508,2.25,2.25
2011.12.13 04:24:33.415,0.84494,0.84507,2.25,1.13
2011.12.13 04:24:36.007,0.84493,0.84506,1.88,1.50
2011.12.13 04:24:44.755,0.84493,0.84506,1.88,2.25
2011.12.13 04:24:46.489,0.84494,0.84506,1.13,2.25
2011.12.13 04:24:46.774,0.84494,0.84508,1.88,2.25
2011.12.13 04:24:47.302,0.84495,0.84508,2.63,1.50
2011.12.13 04:24:47.649,0.84495,0.84509,1.88,2.25
2011.12.13 04:24:48.188,0.84495,0.8451,1.88,1.50
2011.12.13 04:24:50.586,0.84495,0.84509,1.88,1.13
2011.12.13 04:24:51.087,0.84494,0.84509,1.50,2.63
2011.12.13 04:24:51.636,0.84493,0.84509,3.38,3.38
2011.12.13 04:24:52.147,0.84494,0.84509,1.50,3.38
2011.12.13 04:24:57.386,0.84495,0.84509,2.25,3.38
2011.12.13 04:24:59.445,0.84494,0.84508,2.25,1.50
2011.12.13 04:25:00.099,0.84495,0.8451,1.88,2.25
2011.12.13 04:25:00.440,0.84494,0.84507,2.25,1.13
2011.12.13 04:25:00.977,0.84493,0.84507,1.88,3.38
2011.12.13 04:25:01.503,0.84493,0.84507,3.38,3.38
2011.12.13 04:25:02.075,0.84495,0.84507,1.88,1.50
2011.12.13 04:25:02.160,0.84495,0.84509,3.38,1.50
2011.12.13 04:25:02.489,0.84495,0.84509,3.38,2.25
2011.12.13 04:25:02.997,0.84497,0.84509,2.25,1.88
2011.12.13 04:25:06.295,0.84495,0.84509,3.38,3.38
2011.12.13 04:25:08.308,0.84496,0.8451,1.88,2.63
2011.12.13 04:25:08.848,0.84497,0.84511,3.38,3.38
2011.12.13 04:25:08.918,0.84497,0.84511,3.38,3.38
2011.12.13 04:25:12.359,0.84499,0.84511,1.13,2.25
2011.12.13 04:25:12.686,0.84499,0.84513,3.38,2.25
2011.12.13 04:25:13.101,0.84499,0.84511,2.25,1.88
2011.12.13 04:25:16.879,0.84499,0.84512,2.25,1.13
2011.12.13 04:25:17.417,0.84499,0.84512,2.25,1.13
2011.12.13 04:25:17.968,0.84499,0.84513,2.25,1.50
2011.12.13 04:25:18.778,0.845,0.84513,1.88,1.50
2011.12.13 04:25:19.519,0.84501,0.84514,1.88,1.50
2011.12.13 04:25:19.791,0.84501,0.84514,1.13,2.25
2011.12.13 04:25:19.863,0.84499,0.84513,3.38,2.25
2011.12.13 04:25:20.396,0.84499,0.84512,1.13,2.25
2011.12.13 04:25:23.387,0.84498,0.84512,1.88,3.38
2011.12.13 04:25:24.345,0.84498,0.84512,1.88,2.63
2011.12.13 04:25:24.866,0.84498,0.84512,1.88,3.38
2011.12.13 04:25:26.576,0.84498,0.84512,1.88,1.50
2011.12.13 04:25:27.112,0.845,0.84514,1.88,1.88
2011.12.13 04:25:27.567,0.84502,0.84514,2.25,1.13
2011.12.13 04:25:27.650,0.84502,0.84516,3.38,2.25
2011.12.13 04:25:28.149,0.84504,0.84518,2.25,2.25
2011.12.13 04:25:28.220,0.84504,0.84518,2.25,2.25
2011.12.13 04:25:29.410,0.84504,0.84518,3.38,2.25
2011.12.13 04:25:29.875,0.84504,0.84517,1.88,2.25
2011.12.13 04:25:29.956,0.84504,0.84517,1.88,2.25
2011.12.13 04:25:30.358,0.84504,0.84517,1.88,2.25
2011.12.13 04:25:31.228,0.84504,0.84519,1.88,2.25
2011.12.13 04:25:31.786,0.84504,0.84516,1.88,2.25
2011.12.13 04:25:32.547,0.84504,0.84516,1.88,2.25
2011.12.13 04:25:34.529,0.84502,0.84516,1.88,3.38
2011.12.13 04:25:35.095,0.84502,0.84516,3.38,3.38
2011.12.13 04:25:45.517,0.84504,0.84517,1.13,2.25
2011.12.13 04:25:49.936,0.84503,0.84515,1.88,2.25
2011.12.13 04:25:50.512,0.84503,0.84515,1.88,2.25
2011.12.13 04:25:55.880,0.845,0.84511,1.88,1.50
2011.12.13 04:25:56.421,0.84497,0.84511,1.88,2.25
2011.12.13 04:25:56.979,0.84497,0.84511,3.38,2.25
2011.12.13 04:25:59.239,0.84497,0.84511,3.38,2.25
2011.12.13 04:26:00.496,0.84497,0.84511,3.38,2.25
2011.12.13 04:26:00.891,0.84497,0.84511,4.13,3.38
2011.12.13 04:26:01.530,0.84499,0.84511,1.50,1.88
2011.12.13 04:26:04.469,0.845,0.84511,1.50,1.13
2011.12.13 04:26:05.168,0.845,0.84514,1.50,2.25
2011.12.13 04:26:05.380,0.845,0.84514,2.25,2.25
2011.12.13 04:26:05.945,0.84501,0.84517,3.38,3.38
2011.12.13 04:26:17.175,0.84502,0.84515,1.88,1.50
2011.12.13 04:26:18.324,0.84499,0.84513,1.88,1.50
2011.12.13 04:26:18.679,0.845,0.84514,2.63,1.88
2011.12.13 04:26:18.752,0.845,0.84514,3.38,1.13
2011.12.13 04:26:18.960,0.84501,0.84512,2.25,1.13
2011.12.13 04:26:19.031,0.84499,0.84512,2.25,1.88
2011.12.13 04:26:19.742,0.84496,0.8451,2.25,3.38
2011.12.13 04:26:20.220,0.84496,0.8451,2.25,1.88
2011.12.13 04:26:20.431,0.84498,0.84512,1.13,3.38
2011.12.13 04:26:20.980,0.84499,0.84514,1.13,2.25
2011.12.13 04:26:26.346,0.845,0.84514,2.25,2.25
2011.12.13 04:26:27.330,0.845,0.84514,2.25,2.25
2011.12.13 04:26:39.468,0.845,0.84514,3.38,2.63
2011.12.13 04:26:40.013,0.84501,0.84514,2.25,1.88
2011.12.13 04:26:40.813,0.84501,0.84514,2.25,1.13
2011.12.13 04:26:41.369,0.84501,0.84514,2.25,1.13
2011.12.13 04:26:42.426,0.84502,0.84514,2.25,1.13
2011.12.13 04:26:44.527,0.84502,0.84515,2.25,1.13
2011.12.13 04:26:45.149,0.84501,0.84517,3.38,3.38
2011.12.13 04:26:45.225,0.84501,0.84514,2.25,1.88
2011.12.13 04:26:45.767,0.84501,0.84514,2.25,1.88
2011.12.13 04:26:46.996,0.84501,0.84514,2.25,1.88
2011.12.13 04:26:49.048,0.84501,0.84514,2.25,1.88
2011.12.13 04:26:49.643,0.84502,0.84515,1.88,2.25
2011.12.13 04:27:06.154,0.84499,0.84512,1.88,1.50
2011.12.13 04:27:06.368,0.84499,0.84512,1.88,2.25
2011.12.13 04:27:07.277,0.84497,0.84511,1.88,1.88
2011.12.13 04:27:07.876,0.84496,0.84511,2.25,1.88
2011.12.13 04:27:08.077,0.84496,0.84511,2.25,1.88
2011.12.13 04:27:08.210,0.84496,0.84511,2.25,1.88
2011.12.13 04:27:11.426,0.84496,0.84511,2.25,1.88
2011.12.13 04:27:11.926,0.84496,0.84511,2.25,1.88
2011.12.13 04:27:12.747,0.84497,0.84511,1.88,1.88
2011.12.13 04:27:13.306,0.84497,0.84511,1.88,1.13
2011.12.13 04:27:17.648,0.84497,0.84511,1.88,1.88
2011.12.13 04:27:18.171,0.84498,0.84514,3.38,3.38
2011.12.13 04:27:18.522,0.84499,0.84515,3.38,3.38
2011.12.13 04:27:19.104,0.845,0.84514,2.25,2.25
2011.12.13 04:27:19.631,0.845,0.84514,2.25,2.25
2011.12.13 04:27:20.714,0.845,0.84514,2.25,2.25
2011.12.13 04:27:36.028,0.84501,0.84515,1.88,1.50
2011.12.13 04:27:36.720,0.84501,0.84515,1.88,2.25
2011.12.13 04:27:37.431,0.84499,0.84514,1.88,2.25
2011.12.13 04:27:37.777,0.84498,0.84514,3.38,2.25
2011.12.13 04:27:38.440,0.84498,0.84514,3.38,2.25
2011.12.13 04:27:38.767,0.84498,0.84513,2.25,1.88
2011.12.13 04:27:39.282,0.84498,0.84513,2.25,1.88
2011.12.13 04:27:47.329,0.84498,0.84514,2.25,2.25
2011.12.13 04:27:48.443,0.84501,0.84513,1.13,2.25
2011.12.13 04:27:48.997,0.84501,0.84515,3.38,2.25
2011.12.13 04:27:59.360,0.84501,0.84515,3.38,1.50
2011.12.13 04:28:00.110,0.84501,0.84517,3.38,3.38
2011.12.13 04:28:00.186,0.84501,0.84516,1.88,2.25
2011.12.13 04:28:00.316,0.84501,0.84516,1.88,2.25
2011.12.13 04:28:01.997,0.84501,0.84516,1.88,2.25
2011.12.13 04:28:05.229,0.84501,0.84513,1.13,2.25
2011.12.13 04:28:06.036,0.845,0.84512,2.25,1.88
2011.12.13 04:28:06.307,0.84498,0.84512,3.38,1.88
2011.12.13 04:28:08.817,0.84498,0.84511,1.88,2.25
2011.12.13 04:28:09.340,0.84498,0.84511,1.88,2.25
2011.12.13 04:28:21.230,0.84498,0.84512,3.38,1.88
2011.12.13 04:28:22.006,0.84498,0.84514,4.13,3.38
2011.12.13 04:28:24.797,0.845,0.84514,2.25,3.38
2011.12.13 04:28:41.357,0.845,0.84514,2.25,3.38
2011.12.13 04:28:42.978,0.845,0.84514,2.25,3.38
2011.12.13 04:28:54.451,0.84498,0.84511,1.88,2.25
2011.12.13 04:28:54.588,0.84497,0.84511,2.25,3.38
2011.12.13 04:28:55.738,0.84497,0.84511,2.25,3.38
2011.12.13 04:28:58.607,0.84497,0.84511,2.25,3.38
2011.12.13 04:28:59.123,0.84497,0.8451,2.25,1.88
2011.12.13 04:28:59.491,0.84495,0.84506,2.25,1.13
2011.12.13 04:28:59.568,0.84493,0.84506,2.25,1.88
2011.12.13 04:29:00.109,0.84495,0.84506,1.50,1.88
2011.12.13 04:29:00.538,0.84493,0.84506,2.25,1.88
2011.12.13 04:29:01.599,0.84493,0.84506,2.25,1.88
2011.12.13 04:29:07.048,0.84493,0.84506,2.25,1.88
2011.12.13 04:29:10.300,0.84494,0.84508,1.13,2.63
2011.12.13 04:29:11.807,0.84494,0.84508,3.38,3.38
2011.12.13 04:29:13.217,0.84494,0.84508,3.38,3.38
2011.12.13 04:29:13.747,0.84494,0.84508,3.38,3.38
2011.12.13 04:29:14.362,0.84494,0.84508,3.38,3.38
2011.12.13 04:29:17.265,0.84495,0.84509,1.50,2.25
2011.12.13 04:29:17.820,0.84496,0.8451,1.50,1.88
2011.12.13 04:29:18.378,0.84495,0.8451,2.25,1.88
2011.12.13 04:29:19.031,0.84495,0.8451,2.25,1.88
2011.12.13 04:29:20.030,0.84496,0.8451,1.88,1.88
2011.12.13 04:29:22.771,0.84496,0.8451,1.13,1.88
2011.12.13 04:29:29.047,0.84495,0.84509,3.38,1.88
2011.12.13 04:29:29.440,0.84495,0.84509,3.38,1.88
2011.12.13 04:29:30.090,0.84495,0.84508,1.50,1.88
2011.12.13 04:29:30.658,0.84495,0.84508,2.25,1.88
2011.12.13 04:29:31.341,0.84495,0.84508,1.50,1.88
2011.12.13 04:29:32.436,0.84495,0.84509,2.63,1.88
2011.12.13 04:29:32.757,0.84495,0.84509,2.63,1.88
2011.12.13 04:29:33.976,0.84495,0.84509,3.38,1.88
2011.12.13 04:29:34.523,0.84495,0.84509,2.63,1.88
2011.12.13 04:29:41.635,0.84495,0.84508,2.25,1.88
2011.12.13 04:29:41.900,0.84495,0.84508,1.50,1.88
2011.12.13 04:29:45.247,0.84495,0.84508,2.25,1.88
2011.12.13 04:29:45.617,0.84495,0.84508,2.25,1.88
2011.12.13 04:29:47.525,0.84495,0.84508,1.50,1.88
2011.12.13 04:29:48.120,0.84494,0.84508,3.38,3.38
2011.12.13 04:29:50.956,0.84494,0.84508,3.38,1.88
2011.12.13 04:29:51.777,0.84494,0.84508,3.38,1.88
2011.12.13 04:29:52.458,0.84494,0.84508,3.38,1.88
2011.12.13 04:29:52.951,0.84497,0.84508,1.50,1.88
2011.12.13 04:29:53.017,0.84495,0.84508,2.25,1.88
2011.12.13 04:29:55.076,0.84495,0.84508,1.50,1.88
2011.12.13 04:30:00.970,0.84495,0.84508,2.25,1.13
2011.12.13 04:30:01.528,0.84495,0.84508,1.50,1.88
2011.12.13 04:30:02.061,0.84495,0.84509,1.88,1.88
2011.12.13 04:30:02.578,0.84495,0.84509,1.88,3.38
2011.12.13 04:30:03.084,0.84494,0.84507,1.88,2.25
2011.12.13 04:30:03.288,0.84492,0.84506,1.88,1.88
2011.12.13 04:30:03.846,0.84492,0.84506,1.88,1.88
2011.12.13 04:30:05.197,0.84492,0.84506,1.88,1.88
2011.12.13 04:30:20.439,0.84493,0.84507,2.63,3.38
2011.12.13 04:30:20.978,0.84495,0.84507,1.50,1.88
2011.12.13 04:30:21.507,0.84493,0.84507,3.38,1.88
2011.12.13 04:30:23.138,0.84495,0.84509,1.50,4.13
2011.12.13 04:30:24.046,0.84495,0.84509,1.50,4.13
2011.12.13 04:30:25.176,0.84495,0.84509,1.50,4.13
2011.12.13 04:30:25.746,0.84494,0.84508,2.25,2.25
2011.12.13 04:30:26.102,0.84491,0.84507,3.38,3.38
2011.12.13 04:30:26.648,0.84491,0.84507,3.38,3.38
2011.12.13 04:30:28.068,0.84491,0.84506,2.25,2.63
2011.12.13 04:30:28.569,0.84493,0.84503,1.50,1.88
2011.12.13 04:30:29.107,0.84492,0.84505,2.25,1.88
2011.12.13 04:30:30.813,0.84492,0.84505,2.25,1.88
2011.12.13 04:30:31.426,0.84494,0.84507,2.25,1.88
2011.12.13 04:30:31.950,0.84494,0.84507,2.25,1.88
2011.12.13 04:30:33.190,0.84494,0.84507,2.25,1.88
2011.12.13 04:30:33.988,0.84494,0.84507,2.25,1.88
2011.12.13 04:30:35.596,0.84494,0.84507,2.25,1.88
2011.12.13 04:30:35.979,0.84494,0.84506,1.50,1.88
2011.12.13 04:30:39.435,0.84494,0.84508,3.38,3.38
2011.12.13 04:30:39.724,0.84495,0.84508,1.50,2.63
2011.12.13 04:30:40.830,0.84495,0.84508,2.25,1.13
2011.12.13 04:30:41.428,0.84495,0.84507,2.25,1.13
2011.12.13 04:30:41.786,0.84493,0.84507,2.25,1.88
2011.12.13 04:30:42.296,0.84494,0.84507,1.50,1.88
2011.12.13 04:30:45.194,0.84494,0.84505,1.50,1.13
2011.12.13 04:30:45.410,0.84495,0.84505,1.50,1.88
2011.12.13 04:30:45.947,0.84495,0.84505,1.50,1.88
2011.12.13 04:30:48.307,0.84493,0.84504,2.25,1.88
2011.12.13 04:30:48.818,0.84495,0.84504,1.50,1.88
2011.12.13 04:30:50.858,0.84495,0.84506,1.50,1.88
2011.12.13 04:30:55.819,0.84495,0.84506,1.50,1.88
2011.12.13 04:30:56.136,0.84495,0.84504,1.50,1.13
2011.12.13 04:30:58.875,0.84495,0.84506,1.50,1.88
2011.12.13 04:31:00.227,0.84494,0.84506,1.50,1.88
2011.12.13 04:31:07.917,0.84493,0.84505,1.50,1.88
2011.12.13 04:31:10.412,0.84494,0.84505,1.50,1.88
2011.12.13 04:31:11.311,0.84494,0.84503,1.50,1.13
2011.12.13 04:31:11.841,0.84494,0.84502,1.50,1.88
2011.12.13 04:31:11.909,0.84492,0.84502,1.50,1.88
2011.12.13 04:31:14.236,0.84493,0.84502,1.50,1.88
2011.12.13 04:31:14.785,0.84493,0.845,1.50,1.13
2011.12.13 04:31:15.192,0.84493,0.84503,1.50,1.13
2011.12.13 04:31:15.409,0.84493,0.84501,1.50,1.13
2011.12.13 04:31:15.900,0.84493,0.84505,1.50,2.63
2011.12.13 04:31:16.459,0.84494,0.84505,1.50,2.63
2011.12.13 04:31:17.027,0.84494,0.84505,1.50,2.63
2011.12.13 04:31:18.257,0.84493,0.84505,1.50,1.50
2011.12.13 04:31:18.342,0.84495,0.84505,1.50,1.50
2011.12.13 04:31:18.959,0.84493,0.84505,2.25,1.50
2011.12.13 04:31:19.440,0.84495,0.84504,1.50,1.13
2011.12.13 04:31:19.982,0.84492,0.84504,2.25,1.13
2011.12.13 04:31:20.486,0.84492,0.84503,1.50,1.88
2011.12.13 04:31:20.941,0.84492,0.84499,1.50,1.13
2011.12.13 04:31:27.351,0.84492,0.84501,1.50,1.13
2011.12.13 04:31:30.115,0.84492,0.84503,2.25,1.13
2011.12.13 04:31:30.639,0.84492,0.84501,3.00,1.13
2011.12.13 04:31:30.709,0.84492,0.84501,2.25,1.13
2011.12.13 04:31:31.233,0.84492,0.845,1.50,1.13
2011.12.13 04:31:35.939,0.84492,0.845,2.25,1.13
2011.12.13 04:31:36.938,0.84493,0.84502,1.50,1.13
2011.12.13 04:31:37.278,0.84495,0.84503,1.50,1.88
2011.12.13 04:31:37.498,0.84495,0.84505,1.50,1.50
2011.12.13 04:31:37.966,0.84495,0.84507,2.25,1.88
2011.12.13 04:31:38.179,0.84495,0.84507,2.25,1.88
2011.12.13 04:31:40.300,0.84495,0.84507,2.25,1.88
2011.12.13 04:31:43.430,0.84495,0.84507,2.25,1.88
2011.12.13 04:31:44.877,0.84495,0.84507,2.25,1.50
2011.12.13 04:31:45.427,0.84495,0.84508,2.25,4.13
2011.12.13 04:31:45.930,0.84495,0.84507,2.25,1.50
2011.12.13 04:31:48.221,0.84495,0.84505,1.50,2.63
2011.12.13 04:31:50.021,0.84495,0.84507,2.25,1.13
2011.12.13 04:31:50.557,0.84496,0.84508,2.25,1.88
2011.12.13 04:31:51.112,0.84497,0.84508,2.25,1.13
2011.12.13 04:31:53.197,0.84497,0.84508,2.25,1.13
2011.12.13 04:31:54.843,0.84497,0.84508,1.50,1.13
2011.12.13 04:31:56.139,0.84497,0.8451,1.50,2.63
2011.12.13 04:31:56.646,0.84497,0.8451,2.25,1.88
2011.12.13 04:32:04.596,0.84497,0.8451,2.25,1.88
2011.12.13 04:32:04.952,0.84495,0.84508,1.50,1.88
2011.12.13 04:32:08.194,0.84495,0.84508,1.50,1.88
2011.12.13 04:32:08.447,0.84497,0.84508,1.50,1.88
2011.12.13 04:32:21.169,0.84496,0.84508,2.25,1.88
2011.12.13 04:32:34.437,0.84497,0.84508,1.50,1.88
2011.12.13 04:32:35.116,0.84497,0.84508,1.50,1.88
2011.12.13 04:32:38.790,0.84497,0.84508,1.50,1.88
2011.12.13 04:32:41.214,0.84495,0.84508,2.25,1.88
2011.12.13 04:32:42.369,0.84496,0.84508,2.25,1.88
2011.12.13 04:32:42.917,0.84497,0.84507,1.50,1.88
2011.12.13 04:32:43.543,0.84495,0.84507,2.25,1.88
2011.12.13 04:32:45.558,0.84496,0.84506,2.25,1.13
2011.12.13 04:32:46.068,0.84495,0.84506,1.50,2.63
2011.12.13 04:32:46.276,0.84493,0.84506,3.00,2.63
2011.12.13 04:32:47.457,0.84493,0.84504,3.00,1.13
2011.12.13 04:32:47.603,0.84495,0.84504,1.50,1.13
2011.12.13 04:33:00.700,0.84495,0.84506,1.50,1.88
2011.12.13 04:33:01.261,0.84496,0.84506,1.50,1.13
2011.12.13 04:33:05.698,0.84495,0.84506,2.25,1.13
2011.12.13 04:33:12.245,0.84495,0.84506,2.25,1.13
2011.12.13 04:33:12.672,0.84496,0.8451,2.25,1.88
2011.12.13 04:33:21.164,0.84496,0.84507,2.25,1.13
2011.12.13 04:33:35.520,0.84494,0.84506,2.25,1.13
2011.12.13 04:33:35.859,0.84495,0.84504,2.25,1.13
2011.12.13 04:33:35.933,0.84495,0.84506,2.25,1.13
2011.12.13 04:33:39.221,0.84495,0.84503,2.25,1.13
2011.12.13 04:33:39.572,0.84492,0.84496,1.50,1.13
2011.12.13 04:33:39.718,0.84492,0.84499,1.50,1.13
2011.12.13 04:33:39.789,0.84492,0.84499,2.25,1.13
2011.12.13 04:33:46.973,0.84492,0.84502,2.25,1.88
2011.12.13 04:33:48.305,0.84492,0.84502,1.50,2.63
2011.12.13 04:33:54.576,0.84492,0.84502,1.50,2.63
2011.12.13 04:33:58.816,0.84492,0.84502,1.50,1.88
2011.12.13 04:34:00.158,0.84492,0.84504,1.50,2.63
2011.12.13 04:34:00.423,0.84494,0.84504,1.50,1.13
2011.12.13 04:34:00.883,0.84494,0.84502,1.50,1.13
2011.12.13 04:34:01.431,0.84493,0.84502,1.50,1.13
2011.12.13 04:34:02.042,0.84494,0.84502,1.50,1.13
2011.12.13 04:34:10.587,0.84494,0.84501,1.50,1.13
2011.12.13 04:34:31.680,0.84494,0.84502,1.50,1.13
2011.12.13 04:34:32.337,0.84493,0.84502,1.50,1.13
2011.12.13 04:34:33.650,0.84493,0.84501,1.50,1.13
2011.12.13 04:34:33.839,0.84491,0.84501,1.50,1.13
2011.12.13 04:34:34.038,0.84493,0.84501,1.50,1.88
2011.12.13 04:34:36.426,0.84492,0.84501,1.50,1.88
2011.12.13 04:34:38.712,0.84493,0.84501,1.50,2.63
2011.12.13 04:34:40.194,0.84493,0.845,1.50,1.13
2011.12.13 04:34:42.110,0.84493,0.84502,1.50,1.88
2011.12.13 04:34:46.249,0.84492,0.84501,1.50,2.63
2011.12.13 04:34:58.088,0.84492,0.84501,2.25,1.88
2011.12.13 04:35:01.749,0.84492,0.84502,2.25,1.88
2011.12.13 04:35:02.460,0.84492,0.84502,2.25,1.88
2011.12.13 04:35:03.028,0.84492,0.84502,2.25,1.88
2011.12.13 04:35:09.035,0.84492,0.84503,2.25,1.13
2011.12.13 04:35:09.740,0.84495,0.84503,1.50,1.13
2011.12.13 04:35:10.267,0.84493,0.84503,2.25,1.13
2011.12.13 04:35:10.855,0.84495,0.84503,2.25,1.13
2011.12.13 04:35:12.496,0.84493,0.84503,2.25,1.13
2011.12.13 04:35:13.071,0.84493,0.84503,2.25,1.13
2011.12.13 04:35:15.747,0.84493,0.84502,2.25,1.13
2011.12.13 04:35:16.163,0.84494,0.84505,2.25,1.13
2011.12.13 04:35:16.509,0.84495,0.84503,1.50,1.13
2011.12.13 04:35:19.778,0.84493,0.84503,2.25,1.13
2011.12.13 04:35:20.491,0.84493,0.84503,2.25,1.13
2011.12.13 04:35:21.057,0.84493,0.84503,2.25,1.13
2011.12.13 04:35:22.150,0.84493,0.84505,2.25,1.13
2011.12.13 04:35:22.362,0.84494,0.84507,2.25,1.50
2011.12.13 04:35:22.432,0.84494,0.84508,2.25,1.88
2011.12.13 04:35:22.981,0.84494,0.84508,2.25,1.88
2011.12.13 04:35:23.511,0.84495,0.84509,1.88,1.88
2011.12.13 04:35:27.335,0.84494,0.84508,3.38,1.13
2011.12.13 04:35:29.283,0.84495,0.84509,1.88,1.88
2011.12.13 04:35:31.109,0.84495,0.84509,1.88,1.88
2011.12.13 04:35:33.357,0.84495,0.84509,1.88,1.88
2011.12.13 04:35:33.846,0.84494,0.84509,2.25,1.88
2011.12.13 04:35:36.444,0.84494,0.84509,2.25,1.88
2011.12.13 04:35:36.815,0.84494,0.84509,2.25,1.88
2011.12.13 04:35:39.004,0.84494,0.84509,2.25,1.88
2011.12.13 04:35:39.811,0.84494,0.84509,2.25,1.88
2011.12.13 04:35:39.996,0.84494,0.84509,2.25,1.88
2011.12.13 04:35:41.973,0.84494,0.84509,2.25,1.88
2011.12.13 04:35:42.580,0.84496,0.84509,1.50,1.88
2011.12.13 04:35:44.797,0.84496,0.84509,1.50,1.88
2011.12.13 04:35:45.123,0.84494,0.84505,1.50,1.13
2011.12.13 04:35:45.729,0.84494,0.84504,1.50,1.13
2011.12.13 04:35:47.148,0.84495,0.84504,1.50,1.13
2011.12.13 04:35:48.219,0.84495,0.84505,1.50,1.88
2011.12.13 04:35:49.768,0.84494,0.84505,1.50,1.88
2011.12.13 04:35:50.423,0.84494,0.84508,1.50,1.88
2011.12.13 04:35:50.977,0.84494,0.84504,2.25,1.13
2011.12.13 04:35:51.512,0.84493,0.84507,2.25,2.63
2011.12.13 04:35:52.038,0.84494,0.84507,2.25,2.63
2011.12.13 04:35:54.294,0.84494,0.84509,2.25,1.88
2011.12.13 04:35:54.836,0.84494,0.84509,2.25,1.88
2011.12.13 04:35:55.337,0.84496,0.8451,1.88,3.38
2011.12.13 04:35:57.694,0.84496,0.84507,2.25,1.13
2011.12.13 04:35:59.040,0.84495,0.84509,2.25,1.50
2011.12.13 04:35:59.182,0.84495,0.8451,2.25,1.88
2011.12.13 04:35:59.720,0.84497,0.84511,2.25,1.50
2011.12.13 04:36:00.269,0.84497,0.84511,2.25,2.25
2011.12.13 04:36:00.340,0.84497,0.84509,2.25,1.13
2011.12.13 04:36:00.890,0.84497,0.84507,2.25,1.13
2011.12.13 04:36:01.101,0.84497,0.8451,2.25,1.88
2011.12.13 04:36:01.800,0.84497,0.84509,2.25,1.13
2011.12.13 04:36:02.721,0.84497,0.8451,2.25,1.13
2011.12.13 04:36:03.267,0.84499,0.8451,1.50,1.13
2011.12.13 04:36:03.818,0.84499,0.8451,2.25,1.13
2011.12.13 04:36:03.947,0.84499,0.84508,2.25,1.13
2011.12.13 04:36:07.297,0.84499,0.84513,2.25,4.88
2011.12.13 04:36:07.751,0.84499,0.84513,2.25,1.13
2011.12.13 04:36:07.833,0.84502,0.84516,2.25,3.38
2011.12.13 04:36:07.914,0.84502,0.84516,2.25,3.38
2011.12.13 04:36:08.470,0.84501,0.84515,2.25,2.25
2011.12.13 04:36:11.288,0.84502,0.84516,2.25,1.88
2011.12.13 04:36:12.766,0.84502,0.84516,3.00,1.88
2011.12.13 04:36:13.313,0.84502,0.84516,3.00,1.13
2011.12.13 04:36:14.268,0.84505,0.84516,2.25,1.13
2011.12.13 04:36:19.698,0.84505,0.84517,2.25,1.13
2011.12.13 04:36:24.508,0.84505,0.84518,2.25,1.88
2011.12.13 04:36:31.330,0.84507,0.84518,1.50,1.88
2011.12.13 04:36:34.890,0.84506,0.84518,2.25,1.13
2011.12.13 04:36:35.548,0.84507,0.84518,1.50,1.13
2011.12.13 04:36:37.647,0.84507,0.84519,1.50,1.88
2011.12.13 04:36:38.042,0.8451,0.84519,1.50,1.88
2011.12.13 04:36:42.947,0.8451,0.84519,2.25,1.13
2011.12.13 04:36:43.079,0.8451,0.84519,2.25,1.13
2011.12.13 04:36:43.566,0.8451,0.84521,2.25,1.88
2011.12.13 04:36:43.934,0.8451,0.84521,2.25,1.88
2011.12.13 04:36:44.939,0.84511,0.84522,2.25,1.88
2011.12.13 04:36:46.088,0.84511,0.84522,2.25,1.88
2011.12.13 04:36:46.160,0.84511,0.84522,2.25,1.88
2011.12.13 04:36:47.770,0.84511,0.84522,2.25,1.88
2011.12.13 04:36:48.289,0.84511,0.84522,2.25,1.13
2011.12.13 04:36:48.359,0.84511,0.84522,2.25,1.13
2011.12.13 04:36:48.898,0.84511,0.84521,1.50,1.13
2011.12.13 04:36:49.426,0.8451,0.84521,1.50,1.88
2011.12.13 04:36:49.782,0.84509,0.84519,2.25,1.13
2011.12.13 04:36:49.996,0.8451,0.84522,3.00,1.88
2011.12.13 04:36:50.561,0.84511,0.84522,2.25,1.13
2011.12.13 04:36:51.098,0.84511,0.84522,2.25,1.13
2011.12.13 04:36:51.779,0.84511,0.84522,2.25,1.13
2011.12.13 04:36:52.711,0.84513,0.84522,2.25,1.13
2011.12.13 04:36:52.791,0.84513,0.84524,2.25,1.13
2011.12.13 04:36:55.527,0.84513,0.84525,2.25,1.13
2011.12.13 04:36:56.311,0.84514,0.84527,2.25,1.13
2011.12.13 04:36:56.649,0.84514,0.84525,2.25,1.13
2011.12.13 04:36:56.930,0.84512,0.84525,2.25,1.13
2011.12.13 04:36:57.433,0.84512,0.84525,2.25,1.13
2011.12.13 04:36:57.968,0.84512,0.84524,2.25,1.13
2011.12.13 04:37:03.700,0.84516,0.84527,1.50,1.88
2011.12.13 04:37:04.077,0.84514,0.84527,2.25,1.88
2011.12.13 04:37:04.644,0.84514,0.84525,1.50,1.13
2011.12.13 04:37:05.345,0.84514,0.84525,1.50,1.88
2011.12.13 04:37:05.435,0.84511,0.84522,2.25,1.13
2011.12.13 04:37:05.577,0.8451,0.84525,2.25,1.88
2011.12.13 04:37:05.980,0.84511,0.84525,2.25,3.38
2011.12.13 04:37:06.117,0.84511,0.84525,2.25,1.88
2011.12.13 04:37:06.661,0.84511,0.84525,2.25,1.13
2011.12.13 04:37:08.083,0.84511,0.84525,2.25,1.88
2011.12.13 04:37:11.593,0.84511,0.84525,2.25,1.88
2011.12.13 04:37:13.440,0.84511,0.84525,2.25,1.88
2011.12.13 04:37:13.911,0.84511,0.84523,2.25,1.13
2011.12.13 04:37:16.761,0.84511,0.84523,2.25,1.88
2011.12.13 04:37:19.223,0.84511,0.84523,2.25,1.13
2011.12.13 04:37:19.777,0.84511,0.84524,2.25,1.13
2011.12.13 04:37:20.308,0.8451,0.84524,1.88,3.38
2011.12.13 04:37:20.518,0.8451,0.84524,3.38,3.38
2011.12.13 04:37:21.269,0.84509,0.84523,1.50,3.38
2011.12.13 04:37:22.612,0.84509,0.84524,2.25,1.88
2011.12.13 04:37:23.139,0.84509,0.84524,2.25,1.88
2011.12.13 04:37:23.499,0.84509,0.84524,2.25,1.13
2011.12.13 04:37:24.038,0.84511,0.84525,1.88,3.38
2011.12.13 04:37:24.580,0.84511,0.84525,1.88,3.38
2011.12.13 04:37:25.087,0.84511,0.84525,1.88,3.38
2011.12.13 04:37:27.439,0.84511,0.84525,3.38,1.88
2011.12.13 04:37:27.956,0.84511,0.84525,3.38,1.88
2011.12.13 04:37:29.097,0.84511,0.84525,2.25,1.88
2011.12.13 04:37:29.638,0.84511,0.84525,1.50,1.88
2011.12.13 04:37:30.184,0.84511,0.84524,2.25,1.88
2011.12.13 04:37:30.569,0.84511,0.84524,2.25,1.88
2011.12.13 04:37:31.112,0.84511,0.84524,1.50,1.88
2011.12.13 04:37:31.620,0.84511,0.84524,2.25,1.88
2011.12.13 04:37:33.248,0.84508,0.84524,3.38,3.38
2011.12.13 04:37:35.548,0.84509,0.84524,1.50,1.88
2011.12.13 04:37:36.312,0.84509,0.84524,2.25,1.88
2011.12.13 04:37:37.089,0.84509,0.84523,2.25,1.88
2011.12.13 04:37:37.498,0.84509,0.84525,3.38,3.38
2011.12.13 04:37:38.300,0.84509,0.84525,3.38,3.38
2011.12.13 04:37:41.456,0.84511,0.84525,2.25,3.38
2011.12.13 04:37:42.997,0.84511,0.84525,2.25,3.38
2011.12.13 04:37:46.261,0.84512,0.84525,2.25,1.13
2011.12.13 04:37:47.588,0.84512,0.84526,2.25,2.25
2011.12.13 04:37:47.813,0.84514,0.84528,3.38,3.38
2011.12.13 04:37:48.369,0.84514,0.84529,1.88,2.25
2011.12.13 04:37:49.168,0.84515,0.84529,1.50,2.25
2011.12.13 04:37:49.510,0.84515,0.84529,1.50,2.25
2011.12.13 04:37:51.639,0.84514,0.84528,3.38,2.25
2011.12.13 04:37:52.777,0.84514,0.84528,3.38,2.25
2011.12.13 04:37:53.393,0.84514,0.84528,1.50,2.25
2011.12.13 04:37:59.178,0.84514,0.84528,1.50,2.25
2011.12.13 04:38:07.172,0.84509,0.84524,3.75,1.88
2011.12.13 04:38:07.616,0.84506,0.84522,3.38,3.38
2011.12.13 04:38:07.760,0.84508,0.84522,2.25,1.13
2011.12.13 04:38:08.368,0.84509,0.84523,3.38,2.25
2011.12.13 04:38:08.691,0.8451,0.84524,2.25,2.25
2011.12.13 04:38:09.227,0.84509,0.84524,1.88,2.25
2011.12.13 04:38:12.716,0.84509,0.84525,3.38,3.38
2011.12.13 04:38:25.688,0.84509,0.84524,1.13,2.25
2011.12.13 04:38:26.210,0.84508,0.84521,2.25,1.88
2011.12.13 04:38:26.538,0.84508,0.84521,1.50,1.88
2011.12.13 04:38:27.608,0.84508,0.84521,1.50,1.88
2011.12.13 04:38:28.147,0.84508,0.84521,1.50,1.88
2011.12.13 04:38:32.318,0.84506,0.84521,2.25,1.88
2011.12.13 04:38:54.513,0.84507,0.84522,1.13,2.25
2011.12.13 04:38:54.596,0.84507,0.84522,1.88,1.50
2011.12.13 04:38:54.679,0.8451,0.84524,3.38,2.63
2011.12.13 04:38:54.824,0.84513,0.84526,1.88,3.00
2011.12.13 04:38:55.111,0.84513,0.84526,1.88,1.50
2011.12.13 04:38:55.910,0.84513,0.84526,1.88,1.50
2011.12.13 04:38:59.438,0.84514,0.84528,1.13,1.88
2011.12.13 04:38:59.979,0.84514,0.84528,2.63,3.38
2011.12.13 04:39:00.739,0.84514,0.84528,3.38,1.88
2011.12.13 04:39:01.000,0.84514,0.84528,3.38,1.88
2011.12.13 04:39:01.809,0.84517,0.8453,2.25,1.88
2011.12.13 04:39:02.994,0.84514,0.84529,1.88,2.25
2011.12.13 04:39:03.213,0.84515,0.84527,1.50,1.88
2011.12.13 04:39:03.497,0.84513,0.84527,3.38,1.88
2011.12.13 04:39:03.569,0.84515,0.84527,1.50,1.88
2011.12.13 04:39:04.900,0.84514,0.84526,1.50,1.88
2011.12.13 04:39:05.240,0.84517,0.84529,1.50,1.88
2011.12.13 04:39:05.310,0.84517,0.84529,2.25,1.88
2011.12.13 04:39:05.520,0.84515,0.84529,1.50,1.88
2011.12.13 04:39:06.047,0.84513,0.84529,3.38,3.38
2011.12.13 04:39:06.579,0.84513,0.84528,2.25,1.88
2011.12.13 04:39:08.488,0.84513,0.84528,2.25,1.88
2011.12.13 04:39:09.267,0.84513,0.84527,2.25,1.50
2011.12.13 04:39:14.086,0.84513,0.84526,2.25,1.88
2011.12.13 04:39:18.975,0.84513,0.84526,2.25,1.13
2011.12.13 04:39:19.514,0.84513,0.84527,1.88,3.38
2011.12.13 04:39:20.343,0.84514,0.84527,2.25,1.88
2011.12.13 04:39:20.681,0.84514,0.84528,2.25,2.25
2011.12.13 04:39:21.220,0.84514,0.84528,2.25,1.50
2011.12.13 04:39:22.431,0.84514,0.84528,2.25,2.25
2011.12.13 04:39:25.886,0.84514,0.84528,2.25,2.25
2011.12.13 04:39:26.408,0.84515,0.84529,3.38,3.38
2011.12.13 04:39:29.059,0.84514,0.84528,3.38,3.38
2011.12.13 04:39:29.572,0.84514,0.84527,2.25,1.13
2011.12.13 04:39:30.149,0.84514,0.84527,2.25,1.88
2011.12.13 04:39:31.325,0.84514,0.84527,2.25,1.88
2011.12.13 04:39:31.878,0.84513,0.84526,1.88,2.25
2011.12.13 04:39:35.241,0.84515,0.84526,1.88,1.50
2011.12.13 04:39:35.453,0.84515,0.8453,1.88,3.38
2011.12.13 04:39:36.398,0.84515,0.84529,2.25,1.88
2011.12.13 04:39:36.544,0.84515,0.84529,1.50,1.88
2011.12.13 04:39:38.133,0.84517,0.84529,1.13,1.50
2011.12.13 04:39:38.559,0.84517,0.84531,3.38,3.00
2011.12.13 04:39:38.641,0.84519,0.84531,1.88,1.50
2011.12.13 04:39:39.122,0.84517,0.84531,2.25,2.25
2011.12.13 04:39:39.263,0.84517,0.84528,2.25,1.13
2011.12.13 04:39:39.476,0.84515,0.84528,2.25,1.88
2011.12.13 04:39:40.546,0.84515,0.84531,3.38,3.38
2011.12.13 04:39:41.768,0.84516,0.84531,1.88,2.25
2011.12.13 04:39:42.095,0.8452,0.84531,1.88,2.25
2011.12.13 04:39:42.245,0.84521,0.84531,1.50,1.50
2011.12.13 04:39:42.536,0.84521,0.84535,3.00,3.75
2011.12.13 04:39:43.100,0.84521,0.84533,2.25,1.50
2011.12.13 04:39:43.302,0.84523,0.84533,1.13,1.50
2011.12.13 04:39:44.049,0.84523,0.84533,1.13,1.50
2011.12.13 04:39:44.261,0.84523,0.84533,1.13,1.50
2011.12.13 04:39:44.542,0.8452,0.84533,2.63,1.50
2011.12.13 04:39:44.754,0.84519,0.84533,2.25,4.13
2011.12.13 04:39:45.278,0.84517,0.84531,1.13,2.25
2011.12.13 04:39:45.840,0.84517,0.84532,1.88,3.00
2011.12.13 04:39:46.049,0.84517,0.84532,1.88,3.00
2011.12.13 04:39:46.270,0.84516,0.84532,2.25,3.00
2011.12.13 04:39:46.557,0.84519,0.84532,1.88,3.00
2011.12.13 04:39:47.185,0.84519,0.84532,1.13,3.00
2011.12.13 04:39:47.273,0.84521,0.84534,1.50,4.50
2011.12.13 04:39:48.179,0.84523,0.84534,1.13,3.00
2011.12.13 04:39:48.645,0.84521,0.84534,2.63,3.00
2011.12.13 04:39:51.532,0.84518,0.84532,4.88,1.50
2011.12.13 04:39:52.357,0.8452,0.84533,1.88,3.00
2011.12.13 04:39:56.347,0.84519,0.84533,2.63,3.00
2011.12.13 04:39:56.833,0.84522,0.84534,1.13,3.00
2011.12.13 04:40:02.115,0.84521,0.84532,1.50,1.50
2011.12.13 04:40:02.270,0.84521,0.84532,1.50,1.50
2011.12.13 04:40:02.409,0.8452,0.84531,2.63,2.25
2011.12.13 04:40:02.970,0.84519,0.84532,2.63,3.00
2011.12.13 04:40:04.649,0.84517,0.84532,1.88,3.00
2011.12.13 04:40:05.332,0.84516,0.8453,2.25,2.25
2011.12.13 04:40:05.474,0.84516,0.8453,1.50,3.00
2011.12.13 04:40:05.767,0.84517,0.84531,3.38,2.25
2011.12.13 04:40:05.848,0.8452,0.84531,1.13,1.50
2011.12.13 04:40:06.433,0.84518,0.84531,1.88,2.25
2011.12.13 04:40:06.510,0.8452,0.84531,1.13,2.25
2011.12.13 04:40:07.039,0.8452,0.84531,1.13,2.25
2011.12.13 04:40:08.150,0.84524,0.84531,2.25,1.50
2011.12.13 04:40:08.361,0.84524,0.84531,1.50,1.50
2011.12.13 04:40:08.921,0.84526,0.84536,1.88,2.25
2011.12.13 04:40:08.995,0.84526,0.84536,2.63,1.50
2011.12.13 04:40:09.318,0.84526,0.84537,3.38,1.50
2011.12.13 04:40:09.740,0.84526,0.8454,3.38,2.25
2011.12.13 04:40:10.280,0.84527,0.84542,1.88,2.25
2011.12.13 04:40:10.828,0.8453,0.84542,1.13,2.25
2011.12.13 04:40:12.252,0.8453,0.84542,1.13,2.25
2011.12.13 04:40:14.771,0.8453,0.84543,1.13,2.25
2011.12.13 04:40:14.901,0.84527,0.84543,3.38,4.13
2011.12.13 04:40:15.171,0.84527,0.84541,1.88,2.25
2011.12.13 04:40:15.888,0.84527,0.84541,1.88,2.25
2011.12.13 04:40:16.551,0.84527,0.84541,1.13,2.25
2011.12.13 04:40:17.292,0.84527,0.84539,1.13,2.25
2011.12.13 04:40:17.839,0.84526,0.84539,1.88,2.25
2011.12.13 04:40:18.572,0.84526,0.84539,1.88,2.25
2011.12.13 04:40:19.728,0.84528,0.84539,1.13,1.50
2011.12.13 04:40:20.550,0.84528,0.84539,1.88,1.50
2011.12.13 04:40:21.078,0.84529,0.84542,1.13,2.25
2011.12.13 04:40:21.611,0.84529,0.84542,1.88,2.25
2011.12.13 04:40:24.409,0.84528,0.84541,1.88,2.25
2011.12.13 04:40:24.937,0.84528,0.84541,1.88,2.25
2011.12.13 04:40:25.444,0.84531,0.84542,1.88,2.25
2011.12.13 04:40:25.802,0.84532,0.84546,3.00,3.00
2011.12.13 04:40:26.144,0.84533,0.84546,1.50,3.00
2011.12.13 04:40:27.910,0.84533,0.84546,2.63,1.50
2011.12.13 04:40:28.569,0.84533,0.84546,2.63,1.50
2011.12.13 04:40:29.116,0.84533,0.84546,2.63,2.25
2011.12.13 04:40:30.398,0.84535,0.84546,1.13,2.25
2011.12.13 04:40:34.071,0.84536,0.84549,1.13,2.25
2011.12.13 04:40:39.398,0.84533,0.84547,4.13,1.50
2011.12.13 04:40:39.730,0.84533,0.84543,1.88,1.50
2011.12.13 04:40:48.610,0.84532,0.84543,1.13,1.50
2011.12.13 04:40:51.566,0.84533,0.84543,1.13,1.50
2011.12.13 04:40:54.496,0.84533,0.84543,1.13,1.50
2011.12.13 04:41:11.546,0.84533,0.84543,1.13,1.50
2011.12.13 04:41:15.060,0.84531,0.84542,1.13,1.50
2011.12.13 04:41:15.858,0.84529,0.84542,1.88,1.50
2011.12.13 04:41:16.398,0.84529,0.84541,1.13,2.25
2011.12.13 04:41:17.008,0.84529,0.84541,1.88,2.25
2011.12.13 04:41:22.487,0.84529,0.84541,1.88,2.25
2011.12.13 04:41:23.948,0.84531,0.84541,1.13,2.25
2011.12.13 04:41:30.260,0.84529,0.8454,1.88,2.25
2011.12.13 04:41:34.128,0.84531,0.8454,1.13,2.25
2011.12.13 04:41:34.677,0.84531,0.84541,1.13,1.50
2011.12.13 04:41:36.058,0.8453,0.84541,1.13,1.50
2011.12.13 04:41:37.675,0.84528,0.84541,1.88,2.25
2011.12.13 04:41:38.211,0.84528,0.84542,1.88,3.00
2011.12.13 04:41:46.098,0.84528,0.84542,1.88,3.00
2011.12.13 04:41:56.990,0.8453,0.84541,1.13,2.25
2011.12.13 04:42:03.635,0.8453,0.84541,1.13,2.25
2011.12.13 04:42:08.701,0.8453,0.84541,1.13,2.25
2011.12.13 04:42:09.375,0.8453,0.8454,1.88,1.50
2011.12.13 04:42:09.454,0.8453,0.84542,1.88,2.25
2011.12.13 04:42:18.898,0.8453,0.84542,1.88,2.25
2011.12.13 04:42:19.302,0.84528,0.84541,1.88,2.25
2011.12.13 04:42:30.969,0.84526,0.8454,2.25,2.25
2011.12.13 04:42:31.248,0.84528,0.84541,1.88,2.25
2011.12.13 04:42:31.600,0.84528,0.84542,1.88,4.13
2011.12.13 04:42:31.788,0.84528,0.84542,1.88,4.13
2011.12.13 04:42:41.858,0.84526,0.8454,1.88,1.13
2011.12.13 04:42:44.193,0.84526,0.8454,1.88,1.13
2011.12.13 04:42:45.486,0.84527,0.84541,1.88,3.38
2011.12.13 04:42:57.781,0.84527,0.84541,1.88,3.38
2011.12.13 04:42:59.418,0.84527,0.84541,1.88,3.38
2011.12.13 04:43:01.029,0.84527,0.84541,1.88,3.38
2011.12.13 04:43:05.197,0.84527,0.84541,1.88,3.38
2011.12.13 04:43:06.309,0.84525,0.8454,2.25,1.13
2011.12.13 04:43:06.379,0.84525,0.8454,2.25,1.88
2011.12.13 04:43:06.927,0.84524,0.84538,1.50,3.38
2011.12.13 04:43:07.259,0.84524,0.84538,2.25,3.38
2011.12.13 04:43:07.869,0.84524,0.84538,2.25,3.38
2011.12.13 04:43:09.317,0.84524,0.84538,2.25,3.38
2011.12.13 04:43:09.878,0.84524,0.84538,2.25,3.38
2011.12.13 04:43:10.339,0.84524,0.84538,2.25,2.25
2011.12.13 04:43:10.552,0.84524,0.84538,3.00,1.50
2011.12.13 04:43:11.108,0.84524,0.84538,2.25,2.25
2011.12.13 04:43:18.876,0.84526,0.84537,2.25,1.13
2011.12.13 04:43:19.438,0.84526,0.84537,2.25,1.88
2011.12.13 04:43:22.027,0.84523,0.84535,1.88,1.50
2011.12.13 04:43:22.566,0.84523,0.84536,1.88,1.50
2011.12.13 04:43:24.336,0.84523,0.84537,3.38,1.13
2011.12.13 04:43:24.870,0.84523,0.84537,1.88,1.88
2011.12.13 04:43:25.208,0.84524,0.84537,2.25,1.13
2011.12.13 04:43:25.769,0.84524,0.84538,3.38,3.38
2011.12.13 04:43:30.691,0.84522,0.84537,2.25,1.13
2011.12.13 04:43:31.230,0.84522,0.84537,2.25,1.88
2011.12.13 04:43:32.260,0.84522,0.84537,2.25,1.88
2011.12.13 04:43:32.768,0.84524,0.84537,2.25,1.88
2011.12.13 04:43:35.788,0.84524,0.84537,2.25,1.13
2011.12.13 04:43:37.712,0.84524,0.84538,2.25,1.50
2011.12.13 04:43:53.728,0.84525,0.8454,2.25,1.88
2011.12.13 04:43:56.530,0.84523,0.84537,3.38,1.50
2011.12.13 04:43:56.733,0.84523,0.84539,3.38,3.38
2011.12.13 04:43:57.594,0.84527,0.84542,1.88,3.00
2011.12.13 04:43:59.289,0.84529,0.84544,1.88,3.75
2011.12.13 04:44:02.049,0.84529,0.84542,1.88,1.50
2011.12.13 04:44:02.310,0.84529,0.84542,1.88,2.25
2011.12.13 04:44:08.145,0.84529,0.84542,1.88,1.50
2011.12.13 04:44:08.785,0.84529,0.84543,3.38,3.00
2011.12.13 04:44:12.121,0.84528,0.84543,1.50,4.13
2011.12.13 04:44:12.670,0.84527,0.84541,3.38,1.13
2011.12.13 04:44:12.744,0.84527,0.84541,3.38,1.88
2011.12.13 04:44:12.961,0.84528,0.84543,1.50,4.13
2011.12.13 04:44:13.539,0.84528,0.84543,1.50,4.13
2011.12.13 04:44:19.747,0.84529,0.84543,1.88,2.25
2011.12.13 04:44:21.573,0.84529,0.84543,1.88,3.00
2011.12.13 04:44:26.678,0.84528,0.84541,2.63,1.50
2011.12.13 04:44:37.518,0.84528,0.84541,1.50,2.25
2011.12.13 04:44:38.070,0.84528,0.84541,1.50,3.38
2011.12.13 04:44:41.382,0.84525,0.84538,1.88,1.50
2011.12.13 04:44:44.958,0.84527,0.8454,1.88,2.25
2011.12.13 04:44:47.651,0.84526,0.84537,2.25,1.13
2011.12.13 04:44:48.939,0.84524,0.84537,2.25,1.88
2011.12.13 04:44:49.511,0.84524,0.84537,2.25,1.88
2011.12.13 04:44:51.480,0.84524,0.84537,2.25,1.88
2011.12.13 04:44:51.931,0.84524,0.84537,2.25,1.88
2011.12.13 04:44:52.491,0.84524,0.84537,2.25,1.13
2011.12.13 04:44:54.448,0.84524,0.84537,2.25,1.13
2011.12.13 04:44:55.965,0.84524,0.84537,2.25,1.13
2011.12.13 04:44:56.305,0.84524,0.84537,2.25,1.13
2011.12.13 04:44:58.870,0.84524,0.84537,2.25,1.13
2011.12.13 04:44:59.057,0.84525,0.84539,2.25,1.13
2011.12.13 04:44:59.469,0.84525,0.84539,2.25,1.13
2011.12.13 04:45:00.515,0.84525,0.8454,2.25,1.13
2011.12.13 04:45:00.652,0.84525,0.8454,2.25,1.13
2011.12.13 04:45:00.838,0.84524,0.84539,1.88,2.25
2011.12.13 04:45:01.398,0.84524,0.84539,1.88,2.55
2011.12.13 04:45:01.927,0.84524,0.84538,1.88,1.13
2011.12.13 04:45:02.499,0.84524,0.84537,1.88,1.50
2011.12.13 04:45:03.061,0.84523,0.84537,1.88,1.88
2011.12.13 04:45:03.625,0.84523,0.84537,1.88,1.88
2011.12.13 04:45:03.983,0.84522,0.84536,3.38,1.88
2011.12.13 04:45:04.634,0.84522,0.84535,1.88,2.25
2011.12.13 04:45:12.151,0.84523,0.84536,1.88,2.25
2011.12.13 04:45:12.642,0.84524,0.84538,3.38,2.25
2011.12.13 04:45:13.189,0.84522,0.84536,1.88,1.88
2011.12.13 04:45:13.724,0.84524,0.84537,1.88,2.25
2011.12.13 04:45:14.281,0.84525,0.84539,1.88,2.25
2011.12.13 04:45:14.750,0.84526,0.8454,2.25,2.55
2011.12.13 04:45:17.717,0.84526,0.84539,2.25,1.13
2011.12.13 04:45:18.221,0.84525,0.84538,1.88,2.25
2011.12.13 04:45:19.350,0.84525,0.84538,1.88,2.25
2011.12.13 04:45:20.621,0.84527,0.84538,1.13,2.25
2011.12.13 04:45:21.177,0.84527,0.84541,1.13,3.38
2011.12.13 04:45:22.830,0.84527,0.84541,1.88,3.68
2011.12.13 04:45:23.349,0.84528,0.8454,1.50,1.88
2011.12.13 04:45:23.879,0.84529,0.84542,2.63,1.50
2011.12.13 04:45:24.335,0.84526,0.84541,1.93,3.68
2011.12.13 04:45:25.448,0.84526,0.84541,1.88,2.55
2011.12.13 04:45:26.858,0.84526,0.84541,1.88,2.55
2011.12.13 04:45:30.557,0.84526,0.84541,1.88,2.40
2011.12.13 04:45:38.587,0.84526,0.84541,1.88,2.55
2011.12.13 04:45:54.150,0.84526,0.84541,1.88,2.40
2011.12.13 04:45:54.668,0.84526,0.84541,1.88,2.55
2011.12.13 04:46:02.597,0.84527,0.84541,1.88,2.40
2011.12.13 04:46:16.686,0.84526,0.84541,1.88,2.40
2011.12.13 04:46:26.479,0.84526,0.84542,1.88,3.08
2011.12.13 04:46:27.036,0.84526,0.84542,1.88,3.08
2011.12.13 04:46:39.947,0.84528,0.84541,1.13,1.05
2011.12.13 04:46:51.850,0.84528,0.84542,1.88,2.18
2011.12.13 04:46:54.193,0.8453,0.84542,1.13,1.05
2011.12.13 04:46:54.261,0.8453,0.84542,1.13,1.05
2011.12.13 04:46:54.790,0.8453,0.84542,1.13,2.70
2011.12.13 04:47:00.707,0.84528,0.84541,1.50,1.05
2011.12.13 04:47:07.618,0.84528,0.8454,1.50,2.25
2011.12.13 04:47:11.048,0.84528,0.84538,1.50,1.50
2011.12.13 04:47:14.307,0.84527,0.84537,1.88,1.50
2011.12.13 04:47:15.278,0.84526,0.84539,1.88,2.25
2011.12.13 04:47:18.472,0.84526,0.84539,1.88,1.50
2011.12.13 04:47:19.827,0.84528,0.84539,1.13,1.50
2011.12.13 04:47:24.842,0.84527,0.84538,1.50,1.50
2011.12.13 04:47:25.360,0.84527,0.84539,1.50,2.40
2011.12.13 04:47:26.918,0.84527,0.84539,1.50,2.25
2011.12.13 04:47:27.478,0.84528,0.84539,1.13,2.55
2011.12.13 04:47:28.027,0.84528,0.84539,1.13,1.50
2011.12.13 04:47:37.218,0.84528,0.84539,1.88,1.50
2011.12.13 04:47:37.768,0.84528,0.84539,1.13,1.50
2011.12.13 04:47:48.446,0.84527,0.84539,1.50,1.50
2011.12.13 04:47:49.537,0.84527,0.84539,1.50,2.25
2011.12.13 04:47:55.496,0.84529,0.84539,1.13,2.25
2011.12.13 04:47:56.021,0.84531,0.84541,1.13,2.25
2011.12.13 04:47:58.672,0.84529,0.84541,1.88,2.25
2011.12.13 04:47:59.579,0.84529,0.84541,1.13,2.25
2011.12.13 04:48:10.189,0.84531,0.84541,1.13,2.25
2011.12.13 04:48:14.898,0.84531,0.84541,1.13,2.25
2011.12.13 04:48:57.413,0.84531,0.84541,1.13,2.25
2011.12.13 04:48:57.542,0.84532,0.84541,1.88,2.25
2011.12.13 04:48:58.258,0.8453,0.84543,3.38,3.30
2011.12.13 04:48:58.343,0.8453,0.84542,1.13,2.25
2011.12.13 04:48:59.242,0.8453,0.8454,1.13,1.50
2011.12.13 04:48:59.758,0.8453,0.84541,1.13,1.50
2011.12.13 04:49:00.300,0.84529,0.84541,1.88,1.50
2011.12.13 04:49:01.809,0.8453,0.84541,1.13,1.50
2011.12.13 04:49:08.868,0.84533,0.84541,1.13,1.50
2011.12.13 04:49:09.369,0.84535,0.84541,1.13,1.50
2011.12.13 04:49:09.571,0.84535,0.84543,1.13,3.15
2011.12.13 04:49:10.214,0.84535,0.84543,1.13,3.30
2011.12.13 04:49:22.460,0.84534,0.84543,1.88,1.65
2011.12.13 04:49:22.969,0.84534,0.84543,1.88,1.80
2011.12.13 04:49:25.104,0.84531,0.84542,1.13,2.40
2011.12.13 04:49:27.114,0.84531,0.84542,4.13,1.65
2011.12.13 04:49:28.151,0.84539,0.84548,1.13,2.25
2011.12.13 04:49:28.219,0.84537,0.84548,1.13,1.50
2011.12.13 04:49:30.086,0.84539,0.84548,1.13,1.50
2011.12.13 04:49:30.390,0.84537,0.84548,1.13,1.50
2011.12.13 04:49:31.631,0.84537,0.84547,1.13,1.50
2011.12.13 04:49:32.260,0.84533,0.84547,2.25,3.38
2011.12.13 04:49:32.539,0.84533,0.84547,2.25,3.53
2011.12.13 04:49:35.538,0.84531,0.84545,3.38,1.50
2011.12.13 04:49:36.095,0.84531,0.84545,3.38,1.13
2011.12.13 04:49:36.598,0.84531,0.84542,1.88,1.50
2011.12.13 04:49:38.866,0.8453,0.84542,1.88,2.25
2011.12.13 04:49:44.759,0.84529,0.84542,1.13,2.25
2011.12.13 04:49:45.226,0.84529,0.84543,3.38,1.13
2011.12.13 04:49:45.583,0.84529,0.84543,1.88,3.38
2011.12.13 04:49:46.240,0.84529,0.84543,1.88,3.38
2011.12.13 04:49:50.785,0.84528,0.84542,1.88,1.88
2011.12.13 04:49:53.559,0.84528,0.84542,1.88,1.88
2011.12.13 04:49:56.726,0.84527,0.84541,1.50,1.88
2011.12.13 04:49:58.632,0.84525,0.84539,3.38,1.88
2011.12.13 04:49:58.984,0.84525,0.84537,2.25,1.13
2011.12.13 04:49:59.341,0.84524,0.84537,2.25,1.88
2011.12.13 04:50:04.579,0.84524,0.84535,2.25,1.13
2011.12.13 04:50:05.139,0.84524,0.84535,2.25,1.88
2011.12.13 04:50:12.504,0.84523,0.84536,2.25,1.88
2011.12.13 04:50:13.080,0.84523,0.84536,1.50,1.88
2011.12.13 04:50:14.808,0.84524,0.84536,1.50,1.88
2011.12.13 04:50:14.950,0.84522,0.84536,3.38,1.88
2011.12.13 04:50:15.708,0.84524,0.84536,1.50,1.88
2011.12.13 04:50:28.657,0.84524,0.84538,1.50,3.38
2011.12.13 04:50:32.318,0.84524,0.84538,2.25,3.38
2011.12.13 04:50:32.448,0.84524,0.84538,2.25,3.38
2011.12.13 04:50:33.003,0.84525,0.84538,1.50,1.88
2011.12.13 04:50:33.631,0.84525,0.84538,1.50,1.88
2011.12.13 04:50:35.407,0.84525,0.84537,1.50,1.88
2011.12.13 04:50:36.841,0.84525,0.84537,2.25,1.88
2011.12.13 04:50:37.359,0.84525,0.84537,2.25,1.88
2011.12.13 04:50:39.789,0.84527,0.84539,2.25,2.03
2011.12.13 04:50:42.158,0.84527,0.8454,3.38,1.05
2011.12.13 04:50:42.608,0.84527,0.84541,3.38,1.35
2011.12.13 04:50:43.119,0.84527,0.8454,3.38,1.05
2011.12.13 04:50:43.668,0.84529,0.84541,1.88,1.05
2011.12.13 04:50:44.238,0.84529,0.8454,1.88,1.05
2011.12.13 04:50:45.290,0.84529,0.84542,1.88,1.35
2011.12.13 04:50:55.537,0.8453,0.84543,1.88,2.10
2011.12.13 04:50:58.037,0.8453,0.84542,1.88,1.35
2011.12.13 04:50:58.610,0.8453,0.84543,1.88,2.10
2011.12.13 04:51:00.233,0.8453,0.84542,1.88,1.35
2011.12.13 04:51:01.008,0.8453,0.84543,1.88,2.10
2011.12.13 04:51:03.478,0.8453,0.84542,1.13,2.10
2011.12.13 04:51:05.508,0.8453,0.84542,1.13,1.35
2011.12.13 04:51:09.372,0.84528,0.84542,3.38,2.48
2011.12.13 04:51:09.919,0.84528,0.84542,3.38,3.23
2011.12.13 04:51:11.428,0.84528,0.84542,3.38,2.48
2011.12.13 04:51:14.428,0.84528,0.84542,3.38,3.23
2011.12.13 04:51:20.293,0.84528,0.84542,3.38,2.48
2011.12.13 04:51:22.888,0.84528,0.84542,3.38,3.23
2011.12.13 04:51:27.437,0.84528,0.84542,3.38,2.48
2011.12.13 04:51:28.369,0.84528,0.84542,3.38,3.23
2011.12.13 04:51:29.043,0.84529,0.84542,1.88,2.85
2011.12.13 04:51:30.097,0.84529,0.84542,1.88,3.60
2011.12.13 04:51:30.658,0.84529,0.84542,1.88,2.10
2011.12.13 04:51:31.302,0.84529,0.84542,3.38,1.35
2011.12.13 04:51:33.699,0.84529,0.84543,3.38,3.60
2011.12.13 04:51:34.257,0.84529,0.84542,3.38,1.35
2011.12.13 04:51:34.982,0.84529,0.84543,3.38,3.60
2011.12.13 04:51:36.567,0.84529,0.84542,3.38,1.35
2011.12.13 04:51:40.407,0.84529,0.84543,1.88,3.60
2011.12.13 04:51:46.352,0.84529,0.84542,3.38,1.35
2011.12.13 04:51:46.871,0.84531,0.84543,2.25,1.35
2011.12.13 04:51:47.197,0.84531,0.84542,2.25,1.05
2011.12.13 04:51:47.517,0.84531,0.84545,2.25,3.38
2011.12.13 04:51:51.346,0.84531,0.84545,2.25,2.25
2011.12.13 04:51:53.330,0.8453,0.84544,1.88,1.50
2011.12.13 04:51:53.413,0.84533,0.84547,1.88,3.68
2011.12.13 04:51:53.971,0.84533,0.84546,1.88,1.05
2011.12.13 04:51:54.485,0.84533,0.84545,1.88,1.50
2011.12.13 04:51:55.048,0.84531,0.84547,3.38,3.68
2011.12.13 04:51:55.859,0.84533,0.84545,1.88,1.50
2011.12.13 04:51:56.450,0.84533,0.84545,1.88,2.25
2011.12.13 04:51:58.153,0.84531,0.84545,3.38,3.38
2011.12.13 04:52:01.707,0.84533,0.84545,1.50,1.88
2011.12.13 04:52:02.014,0.84531,0.84545,3.38,3.38
2011.12.13 04:52:04.260,0.84532,0.84545,1.50,1.88
2011.12.13 04:52:06.235,0.84532,0.84546,3.38,2.40
2011.12.13 04:52:07.009,0.84532,0.84546,3.38,2.40
2011.12.13 04:52:07.528,0.84532,0.84546,3.38,2.25
2011.12.13 04:52:10.702,0.84534,0.84546,1.13,2.40
2011.12.13 04:52:20.531,0.84533,0.84549,3.38,3.38
2011.12.13 04:52:21.060,0.84534,0.84548,2.25,2.25
2011.12.13 04:52:26.555,0.84534,0.84548,2.25,3.38
2011.12.13 04:52:27.259,0.84532,0.84546,3.57,1.88
2011.12.13 04:52:27.831,0.84534,0.84546,2.25,1.13
2011.12.13 04:52:29.441,0.84534,0.84548,2.25,3.38
2011.12.13 04:52:32.498,0.84534,0.84547,2.25,1.88
2011.12.13 04:52:33.203,0.84534,0.84547,2.25,1.88
2011.12.13 04:52:39.354,0.84533,0.84547,2.25,1.13
2011.12.13 04:52:39.890,0.84533,0.84547,2.44,1.13
2011.12.13 04:52:55.969,0.84533,0.84547,3.38,1.13
2011.12.13 04:52:56.487,0.84533,0.84547,3.38,1.13
2011.12.13 04:52:57.040,0.84533,0.84547,3.38,1.13
2011.12.13 04:52:57.349,0.84533,0.84547,3.57,1.13
2011.12.13 04:52:57.877,0.84533,0.84547,4.13,1.13
2011.12.13 04:52:58.995,0.84533,0.84547,3.57,1.88
2011.12.13 04:53:00.133,0.84533,0.84547,3.38,1.13
2011.12.13 04:53:02.252,0.84533,0.84547,3.57,1.13
2011.12.13 04:53:18.534,0.84534,0.84547,2.25,1.88
2011.12.13 04:53:19.079,0.84534,0.84547,2.25,1.13
2011.12.13 04:53:27.497,0.84534,0.84547,2.25,1.13
2011.12.13 04:53:35.842,0.84534,0.84547,2.25,1.88
2011.12.13 04:53:36.373,0.84533,0.84547,3.38,1.13
2011.12.13 04:53:36.888,0.84533,0.84547,3.38,1.88
2011.12.13 04:53:37.823,0.84533,0.84547,3.38,1.88
2011.12.13 04:53:44.128,0.84533,0.84545,2.25,1.13
2011.12.13 04:53:44.668,0.84532,0.84545,2.44,1.88
2011.12.13 04:53:45.201,0.84532,0.84545,2.44,1.88
2011.12.13 04:53:51.737,0.84532,0.84545,2.44,1.88
2011.12.13 04:53:52.050,0.84532,0.84546,3.57,1.88
2011.12.13 04:53:55.166,0.84532,0.84544,2.44,1.88
2011.12.13 04:53:55.771,0.8453,0.84544,3.57,1.88
2011.12.13 04:53:56.789,0.8453,0.84544,3.57,1.88
2011.12.13 04:53:57.328,0.84531,0.84546,2.07,2.25
2011.12.13 04:53:57.837,0.84531,0.84546,2.07,2.25
2011.12.13 04:54:02.670,0.84531,0.84546,2.07,2.25
2011.12.13 04:54:06.569,0.8453,0.84546,3.57,3.38
2011.12.13 04:54:07.101,0.8453,0.84546,3.57,3.38
2011.12.13 04:54:07.440,0.8453,0.84546,3.57,3.38
2011.12.13 04:54:07.952,0.8453,0.84545,2.44,1.88
2011.12.13 04:54:09.735,0.84532,0.84546,3.57,2.63
2011.12.13 04:54:10.209,0.84534,0.84548,3.38,2.63
2011.12.13 04:54:10.738,0.84534,0.84548,3.38,2.63
2011.12.13 04:54:14.470,0.84534,0.84548,2.25,3.38
2011.12.13 04:54:14.858,0.84534,0.84548,2.25,3.38
2011.12.13 04:54:16.264,0.84534,0.84547,2.25,1.13
2011.12.13 04:54:16.745,0.84534,0.84547,2.25,1.13
2011.12.13 04:54:17.520,0.84534,0.84547,2.25,1.88
2011.12.13 04:54:19.586,0.84533,0.84547,3.38,1.13
2011.12.13 04:54:21.078,0.84533,0.84547,3.57,1.13
2011.12.13 04:54:22.568,0.84533,0.84547,3.57,1.13
2011.12.13 04:54:27.288,0.84533,0.84547,1.88,1.13
2011.12.13 04:54:27.809,0.84533,0.84547,2.07,1.88
2011.12.13 04:54:30.429,0.84534,0.84548,3.38,3.38
2011.12.13 04:54:33.029,0.84534,0.84547,1.88,1.50
2011.12.13 04:54:34.753,0.84534,0.84548,1.88,1.88
2011.12.13 04:54:37.683,0.84534,0.84548,1.88,1.88
2011.12.13 04:54:38.458,0.84534,0.84548,1.88,1.13
2011.12.13 04:54:41.092,0.84534,0.84548,1.88,1.88
2011.12.13 04:54:42.889,0.84533,0.84545,2.25,1.13
2011.12.13 04:54:43.399,0.84533,0.84545,2.25,1.13
2011.12.13 04:54:44.471,0.84533,0.84547,3.38,1.88
2011.12.13 04:54:53.350,0.84534,0.84546,2.25,1.13
2011.12.13 04:55:00.827,0.84534,0.84548,2.25,3.38
2011.12.13 04:55:00.903,0.84534,0.84548,2.25,3.38
2011.12.13 04:55:01.404,0.84534,0.84548,2.25,3.38
2011.12.13 04:55:03.769,0.84534,0.84548,2.25,3.38
2011.12.13 04:55:03.984,0.84533,0.84547,1.88,1.13
2011.12.13 04:55:04.243,0.84534,0.84547,2.25,1.13
2011.12.13 04:55:10.261,0.84534,0.84547,2.25,1.88
2011.12.13 04:55:10.669,0.84532,0.84545,2.25,1.13
2011.12.13 04:55:22.880,0.84532,0.84546,3.38,1.88
2011.12.13 04:55:23.007,0.84534,0.84546,2.25,1.13
2011.12.13 04:55:23.539,0.84534,0.84546,2.25,1.13
2011.12.13 04:55:27.557,0.84534,0.84548,2.25,3.38
2011.12.13 04:55:29.471,0.84534,0.84548,2.25,2.63
2011.12.13 04:55:37.987,0.84534,0.84546,2.25,1.13
2011.12.13 04:55:38.559,0.84532,0.84546,3.38,1.13
2011.12.13 04:55:39.318,0.84533,0.84546,3.00,1.13
2011.12.13 04:55:41.268,0.84533,0.84546,2.25,1.13
2011.12.13 04:55:59.299,0.84533,0.84546,2.25,1.13
2011.12.13 04:55:59.736,0.84533,0.84546,2.25,1.13
2011.12.13 04:56:00.237,0.84533,0.84546,2.25,1.13
2011.12.13 04:56:00.760,0.84534,0.84546,2.25,1.13
2011.12.13 04:56:01.292,0.84532,0.84545,2.25,1.13
2011.12.13 04:56:05.458,0.84532,0.84547,2.25,1.88
2011.12.13 04:56:14.676,0.84532,0.84547,2.25,1.88
2011.12.13 04:56:22.698,0.84532,0.84547,2.25,1.88
2011.12.13 04:56:22.888,0.84533,0.84547,2.25,1.88
2011.12.13 04:56:23.141,0.84533,0.84547,2.25,1.88
2011.12.13 04:56:23.648,0.84533,0.84547,2.25,1.13
2011.12.13 04:56:24.257,0.84533,0.84547,2.25,1.88
2011.12.13 04:56:25.117,0.84533,0.84547,2.25,1.13
2011.12.13 04:56:27.526,0.84533,0.84547,2.25,1.88
2011.12.13 04:56:31.087,0.84533,0.84547,2.25,1.88
2011.12.13 04:56:31.646,0.84533,0.84547,2.25,1.13
2011.12.13 04:56:34.896,0.84533,0.84547,2.25,1.88
2011.12.13 04:56:39.160,0.84532,0.84547,2.25,1.88
2011.12.13 04:56:39.718,0.84532,0.84547,2.25,1.88
2011.12.13 04:56:40.247,0.84532,0.84547,2.25,1.88
2011.12.13 04:56:40.844,0.84532,0.84547,2.25,1.13
2011.12.13 04:56:41.672,0.84533,0.84547,2.25,3.38
2011.12.13 04:56:42.218,0.84533,0.84547,2.25,3.38
2011.12.13 04:56:44.111,0.84533,0.84546,2.25,1.13
2011.12.13 04:56:48.197,0.84533,0.84546,2.25,1.88
2011.12.13 04:56:49.288,0.84533,0.84546,2.25,1.13
2011.12.13 04:56:50.686,0.84533,0.84546,2.25,1.13
2011.12.13 04:56:51.199,0.84534,0.84546,2.25,1.88
2011.12.13 04:56:51.756,0.84534,0.84546,2.25,1.13
2011.12.13 04:56:54.790,0.84534,0.84547,2.25,1.88
2011.12.13 04:56:54.865,0.84534,0.84547,2.25,1.13
2011.12.13 04:56:55.421,0.84534,0.84547,2.25,1.13
2011.12.13 04:56:57.949,0.84534,0.84546,2.25,1.13
2011.12.13 04:56:58.332,0.84533,0.84546,1.50,1.13
2011.12.13 04:56:58.600,0.84532,0.84546,3.38,1.13
2011.12.13 04:56:59.347,0.84533,0.84548,2.25,1.88
2011.12.13 04:57:08.830,0.84533,0.84547,2.25,1.50
2011.12.13 04:57:09.342,0.84533,0.84548,2.25,1.88
2011.12.13 04:57:18.680,0.84533,0.84547,2.25,1.50
2011.12.13 04:57:21.768,0.84533,0.84547,2.25,1.50
2011.12.13 04:57:24.010,0.84534,0.84548,3.38,3.38
2011.12.13 04:57:28.393,0.84537,0.84549,1.50,1.50
2011.12.13 04:57:28.675,0.8454,0.84552,1.88,3.00
2011.12.13 04:57:29.223,0.8454,0.84552,1.88,2.25
2011.12.13 04:57:30.651,0.84543,0.84552,1.13,1.50
2011.12.13 04:57:32.676,0.84543,0.84553,1.88,2.25
2011.12.13 04:57:34.031,0.84544,0.84553,1.13,2.25
2011.12.13 04:57:36.703,0.84542,0.84553,1.88,2.25
2011.12.13 04:57:39.571,0.84541,0.84553,2.63,3.00
2011.12.13 04:57:40.064,0.8454,0.84551,1.88,1.50
2011.12.13 04:57:40.551,0.8454,0.8455,1.88,1.50
2011.12.13 04:57:40.821,0.8454,0.84552,1.88,1.50
2011.12.13 04:57:47.680,0.84539,0.8455,1.88,1.50
2011.12.13 04:57:50.872,0.84536,0.84549,2.63,1.50
2011.12.13 04:57:51.212,0.84536,0.84549,2.63,1.50
2011.12.13 04:57:52.171,0.84536,0.84549,2.63,1.50
2011.12.13 04:57:52.711,0.84538,0.84549,1.13,1.50
2011.12.13 04:57:55.219,0.84538,0.8455,1.88,1.50
2011.12.13 04:57:55.531,0.84537,0.84549,1.88,2.25
2011.12.13 04:57:56.088,0.84538,0.84549,1.88,1.50
2011.12.13 04:58:00.721,0.84534,0.84549,2.63,2.25
2011.12.13 04:58:00.990,0.84533,0.84546,1.50,1.13
2011.12.13 04:58:01.270,0.84532,0.84546,3.38,1.88
2011.12.13 04:58:11.979,0.84532,0.84546,3.38,1.88
2011.12.13 04:58:12.552,0.84532,0.84546,3.38,1.88
2011.12.13 04:58:17.990,0.84532,0.84546,3.38,1.88
2011.12.13 04:58:18.275,0.84532,0.84546,1.88,1.88
2011.12.13 04:58:18.749,0.84532,0.84546,1.88,1.88
2011.12.13 04:58:19.301,0.84532,0.84546,1.88,1.88
2011.12.13 04:58:20.775,0.84534,0.84547,2.25,1.13
2011.12.13 04:58:21.381,0.84534,0.84548,1.88,1.13
2011.12.13 04:58:23.656,0.84534,0.84549,1.88,2.25
2011.12.13 04:58:24.005,0.84534,0.84549,1.88,2.25
2011.12.13 04:58:24.291,0.84534,0.84549,1.88,2.25
2011.12.13 04:58:27.161,0.84534,0.84549,1.88,2.25
2011.12.13 04:58:29.867,0.84536,0.8455,1.50,3.38
2011.12.13 04:58:29.958,0.84539,0.8455,1.88,1.50
2011.12.13 04:58:30.456,0.84538,0.8455,1.88,1.50
2011.12.13 04:58:30.672,0.84537,0.8455,1.88,1.50
2011.12.13 04:58:30.881,0.84537,0.84548,1.88,1.50
2011.12.13 04:58:32.385,0.84538,0.84548,1.88,1.50
2011.12.13 04:58:32.748,0.84541,0.84548,1.88,1.50
2011.12.13 04:58:32.899,0.84541,0.8455,1.88,1.50
2011.12.13 04:58:33.260,0.84537,0.8455,1.88,1.50
2011.12.13 04:58:33.613,0.8454,0.84549,1.13,1.50
2011.12.13 04:58:34.154,0.84538,0.8455,1.88,2.25
2011.12.13 04:58:35.354,0.84541,0.8455,1.13,2.25
2011.12.13 04:58:35.902,0.84541,0.8455,1.88,2.25
2011.12.13 04:58:39.252,0.8454,0.8455,1.13,2.25
2011.12.13 04:58:39.323,0.84538,0.84549,1.88,2.25
2011.12.13 04:58:43.831,0.84538,0.84549,1.13,2.25
2011.12.13 04:58:43.901,0.84536,0.84549,1.88,2.25
2011.12.13 04:58:44.326,0.84536,0.84549,1.88,2.25
2011.12.13 04:58:44.410,0.84536,0.84547,1.88,1.50
2011.12.13 04:58:45.673,0.84535,0.84548,1.13,2.25
2011.12.13 04:58:46.212,0.84532,0.84548,3.38,3.38
2011.12.13 04:58:47.003,0.84533,0.84548,2.25,1.88
2011.12.13 04:58:47.602,0.84533,0.84548,2.25,1.88
2011.12.13 04:58:48.740,0.84533,0.84548,2.25,1.88
2011.12.13 04:58:49.194,0.84537,0.84549,1.13,2.25
2011.12.13 04:58:50.412,0.84537,0.84549,1.88,2.25
2011.12.13 04:58:51.084,0.84537,0.84549,1.13,2.25
2011.12.13 04:58:51.631,0.84537,0.84549,1.88,2.25
2011.12.13 04:58:52.490,0.84534,0.84549,2.63,2.25
2011.12.13 04:58:53.146,0.84534,0.84549,2.63,2.25
2011.12.13 04:58:53.709,0.84537,0.84549,1.13,2.25
2011.12.13 04:58:56.470,0.84537,0.84549,1.88,2.25
2011.12.13 04:58:57.023,0.84536,0.84549,1.88,2.25
2011.12.13 04:58:59.062,0.84534,0.84548,2.63,1.88
2011.12.13 04:58:59.199,0.84534,0.84548,2.63,1.88
2011.12.13 04:58:59.729,0.84536,0.84549,1.13,2.25
2011.12.13 04:59:00.250,0.84534,0.84547,1.50,1.88
2011.12.13 04:59:00.719,0.84534,0.84547,1.50,1.88
2011.12.13 04:59:01.279,0.84534,0.84547,1.50,1.13
2011.12.13 04:59:04.139,0.84534,0.84547,1.50,1.88
2011.12.13 04:59:04.679,0.84534,0.84547,1.50,2.63
2011.12.13 04:59:08.780,0.84533,0.84546,2.25,1.13
2011.12.13 04:59:09.585,0.84532,0.84546,3.38,1.13
2011.12.13 04:59:10.228,0.84532,0.84548,3.38,3.38
2011.12.13 04:59:13.462,0.84537,0.84549,1.13,2.25
2011.12.13 04:59:13.533,0.84537,0.84549,1.88,2.25
2011.12.13 04:59:14.051,0.84536,0.84549,1.88,2.25
2011.12.13 04:59:14.670,0.84536,0.84549,1.13,2.25
2011.12.13 04:59:15.727,0.84536,0.84549,1.88,2.25
2011.12.13 04:59:16.244,0.84535,0.84549,1.13,3.38
2011.12.13 04:59:21.085,0.84535,0.84549,1.88,3.38
2011.12.13 04:59:21.622,0.84534,0.84548,2.63,1.88
2011.12.13 04:59:31.158,0.84535,0.84549,1.13,2.25
2011.12.13 04:59:31.853,0.84535,0.84549,1.88,2.25
2011.12.13 04:59:32.782,0.84534,0.84549,1.88,2.25
2011.12.13 04:59:38.188,0.84533,0.84547,3.38,1.88
2011.12.13 04:59:41.705,0.84536,0.84549,3.00,2.25
2011.12.13 04:59:41.925,0.84536,0.84548,2.25,1.88
2011.12.13 04:59:42.480,0.84536,0.8455,3.38,3.38
2011.12.13 04:59:43.040,0.84536,0.8455,3.38,3.38
2011.12.13 04:59:43.573,0.84536,0.84549,2.25,1.88
2011.12.13 04:59:51.586,0.84534,0.84548,3.00,2.63
2011.12.13 04:59:51.736,0.84534,0.84546,2.25,1.13
2011.12.13 04:59:51.815,0.84533,0.84546,3.00,1.88
2011.12.13 04:59:52.315,0.84534,0.84548,2.25,3.38
2011.12.13 04:59:52.884,0.84533,0.84547,2.25,1.88
2011.12.13 04:59:52.968,0.84535,0.84549,1.13,3.38
2011.12.13 04:59:53.462,0.84536,0.84548,1.13,2.25
2011.12.13 04:59:53.813,0.84536,0.84547,1.13,2.25
2011.12.13 04:59:54.163,0.84536,0.84549,1.13,2.25
2011.12.13 04:59:54.300,0.84536,0.84549,1.13,2.25
2011.12.13 04:59:54.969,0.84536,0.84548,1.88,2.25
2011.12.13 04:59:56.017,0.84536,0.84548,1.13,3.00
2011.12.13 04:59:56.166,0.84533,0.84547,1.88,1.50
2011.12.13 04:59:56.247,0.84536,0.84547,1.13,1.50
2011.12.13 04:59:56.827,0.84534,0.84548,1.88,1.88
2011.12.13 04:59:58.294,0.84534,0.84547,2.25,1.88
2011.12.13 04:59:58.643,0.84533,0.84547,3.38,3.38
2011.12.13 04:59:59.258,0.84534,0.84547,1.13,2.25
2011.12.13 04:59:59.614,0.84536,0.84549,1.13,2.25
2011.12.13 04:59:59.752,0.84536,0.84549,1.13,2.25
