2014.05.13 05:00:00.692,0.81509,0.81516,1.00,1.19
2014.05.13 05:00:02.494,0.81509,0.81514,1.00,1.25
2014.05.13 05:00:03.650,0.81506,0.81514,2.07,1.69
2014.05.13 05:00:12.922,0.81507,0.81514,1.00,1.32
2014.05.13 05:00:15.886,0.81507,0.81515,2.44,1.25
2014.05.13 05:00:15.937,0.81508,0.81515,1.19,1.00
2014.05.13 05:00:16.465,0.81509,0.81516,1.25,1.00
2014.05.13 05:00:17.141,0.81509,0.81517,2.44,1.25
2014.05.13 05:00:20.856,0.81509,0.81516,1.00,1.19
2014.05.13 05:00:21.392,0.81508,0.81514,1.00,1.00
2014.05.13 05:00:22.620,0.81507,0.81514,1.25,1.00
2014.05.13 05:00:38.835,0.81506,0.81514,1.00,2.44
2014.05.13 05:00:40.042,0.81506,0.81514,1.25,2.82
2014.05.13 05:00:42.045,0.81506,0.81514,1.00,2.44
2014.05.13 05:00:43.465,0.81507,0.81514,1.00,1.69
2014.05.13 05:00:43.970,0.81507,0.81514,1.00,1.25
2014.05.13 05:00:44.945,0.81507,0.81515,1.25,1.69
2014.05.13 05:00:56.011,0.81507,0.81515,1.00,1.69
2014.05.13 05:01:09.854,0.81507,0.81514,1.00,1.32
2014.05.13 05:01:13.063,0.81507,0.81514,1.00,1.25
2014.05.13 05:01:14.085,0.81507,0.81513,1.00,1.25
2014.05.13 05:01:18.004,0.81506,0.81514,1.00,1.69
2014.05.13 05:01:23.066,0.81506,0.81513,1.00,1.19
2014.05.13 05:01:24.997,0.81506,0.81513,1.00,1.25
2014.05.13 05:01:49.642,0.81506,0.81514,1.25,1.69
2014.05.13 05:01:50.651,0.81506,0.81514,1.00,1.69
2014.05.13 05:01:51.163,0.81507,0.81514,1.00,1.19
2014.05.13 05:01:52.338,0.81506,0.81514,1.00,1.69
2014.05.13 05:01:56.194,0.81506,0.81514,1.69,1.69
2014.05.13 05:02:02.879,0.81506,0.81514,2.44,1.00
2014.05.13 05:02:06.897,0.81506,0.81514,2.44,1.25
2014.05.13 05:02:15.123,0.81506,0.81514,1.69,2.07
2014.05.13 05:02:19.830,0.81506,0.81514,1.69,2.07
2014.05.13 05:02:30.094,0.81506,0.81513,1.00,1.19
2014.05.13 05:02:31.489,0.81506,0.81513,1.00,1.25
2014.05.13 05:02:36.092,0.81506,0.81514,2.44,1.00
2014.05.13 05:02:47.607,0.81506,0.81514,2.44,1.25
2014.05.13 05:02:48.712,0.81506,0.81514,2.44,1.25
2014.05.13 05:02:50.216,0.81506,0.81514,2.44,1.25
2014.05.13 05:02:54.157,0.81505,0.81514,1.69,1.19
2014.05.13 05:02:56.665,0.81505,0.81512,1.00,1.19
2014.05.13 05:02:56.817,0.81503,0.81512,2.07,1.19
2014.05.13 05:02:57.769,0.81503,0.81511,1.50,2.07
2014.05.13 05:03:02.361,0.81503,0.81511,1.69,1.69
2014.05.13 05:03:03.765,0.81503,0.81511,1.00,2.82
2014.05.13 05:03:15.300,0.81503,0.81511,1.25,2.07
2014.05.13 05:03:22.723,0.81503,0.81511,1.00,2.82
2014.05.13 05:03:28.344,0.81503,0.81511,1.25,2.44
2014.05.13 05:03:28.851,0.81503,0.8151,1.00,1.69
2014.05.13 05:03:31.161,0.81503,0.8151,1.00,1.69
2014.05.13 05:03:39.094,0.81503,0.8151,1.00,1.69
2014.05.13 05:03:40.415,0.81503,0.8151,1.00,1.69
2014.05.13 05:03:54.438,0.81503,0.8151,1.00,2.07
2014.05.13 05:03:56.868,0.815,0.81509,3.19,1.25
2014.05.13 05:03:58.437,0.815,0.81509,3.19,1.19
2014.05.13 05:03:59.631,0.815,0.81509,3.19,1.19
2014.05.13 05:04:00.158,0.81501,0.81509,1.00,1.19
2014.05.13 05:04:00.883,0.81501,0.8151,1.69,2.07
2014.05.13 05:04:01.870,0.81501,0.8151,1.19,2.07
2014.05.13 05:04:03.901,0.815,0.81509,2.44,1.32
2014.05.13 05:04:04.990,0.815,0.81509,2.44,1.32
2014.05.13 05:04:06.280,0.815,0.81508,1.25,2.07
2014.05.13 05:04:06.382,0.81498,0.81507,2.44,2.07
2014.05.13 05:04:06.837,0.81498,0.81505,1.69,1.38
2014.05.13 05:04:07.191,0.81496,0.81504,1.25,1.63
2014.05.13 05:04:07.697,0.81496,0.81502,1.25,1.00
2014.05.13 05:04:08.268,0.81495,0.81502,1.25,1.00
2014.05.13 05:04:22.824,0.81495,0.81503,3.94,1.25
2014.05.13 05:04:23.603,0.81495,0.81502,3.94,1.00
2014.05.13 05:04:24.816,0.81495,0.81502,3.94,1.00
2014.05.13 05:04:25.965,0.81495,0.81502,3.94,1.00
2014.05.13 05:04:27.779,0.81495,0.81502,3.19,1.00
2014.05.13 05:04:28.878,0.81495,0.81502,3.19,1.00
2014.05.13 05:04:30.381,0.81495,0.81503,2.44,1.25
2014.05.13 05:04:30.607,0.81497,0.81503,1.00,1.25
2014.05.13 05:04:31.301,0.81497,0.81504,1.00,2.07
2014.05.13 05:04:37.680,0.81498,0.81504,1.25,1.00
2014.05.13 05:04:37.782,0.81498,0.81506,1.25,2.44
2014.05.13 05:04:38.486,0.81498,0.81505,1.32,1.00
2014.05.13 05:04:53.981,0.81497,0.81506,2.07,2.44
2014.05.13 05:04:57.547,0.81497,0.81505,1.32,1.00
2014.05.13 05:05:15.277,0.81497,0.81505,1.25,1.69
2014.05.13 05:05:15.686,0.81496,0.81504,1.50,1.19
2014.05.13 05:05:17.149,0.81495,0.81502,2.44,1.00
2014.05.13 05:05:17.452,0.81495,0.815,1.69,1.00
2014.05.13 05:05:18.519,0.81493,0.815,1.69,1.00
2014.05.13 05:05:25.114,0.81493,0.815,1.69,1.00
2014.05.13 05:05:31.072,0.81493,0.815,1.69,1.00
2014.05.13 05:05:33.948,0.81493,0.815,1.69,1.00
2014.05.13 05:05:35.058,0.81492,0.815,1.25,1.69
2014.05.13 05:05:36.179,0.81492,0.815,1.19,1.50
2014.05.13 05:05:49.890,0.81495,0.815,1.00,1.50
2014.05.13 05:05:52.770,0.81495,0.81499,1.00,1.00
2014.05.13 05:05:53.821,0.81495,0.815,2.25,1.50
2014.05.13 05:06:03.172,0.81495,0.815,3.19,1.00
2014.05.13 05:06:04.159,0.81495,0.815,2.44,1.50
2014.05.13 05:06:09.193,0.81494,0.815,1.25,1.00
2014.05.13 05:06:10.186,0.81494,0.815,1.19,1.00
2014.05.13 05:06:15.016,0.81494,0.815,1.25,1.00
2014.05.13 05:06:15.921,0.81493,0.815,1.25,1.00
2014.05.13 05:06:17.166,0.81492,0.81499,1.19,1.00
2014.05.13 05:06:18.056,0.81492,0.815,1.32,1.50
2014.05.13 05:06:18.562,0.81494,0.81499,1.25,1.00
2014.05.13 05:06:22.688,0.81495,0.81499,1.00,1.00
2014.05.13 05:06:23.260,0.81495,0.815,1.00,1.50
2014.05.13 05:06:35.447,0.81494,0.815,1.25,1.00
2014.05.13 05:06:36.909,0.81494,0.815,1.19,1.00
2014.05.13 05:06:37.881,0.81493,0.815,1.19,1.00
2014.05.13 05:06:42.189,0.81494,0.815,1.63,1.00
2014.05.13 05:06:42.719,0.81496,0.815,1.25,1.00
2014.05.13 05:06:43.904,0.81495,0.815,1.32,1.00
2014.05.13 05:06:46.350,0.81493,0.815,1.32,1.00
2014.05.13 05:06:46.552,0.81492,0.815,1.54,1.69
2014.05.13 05:06:47.521,0.81492,0.81499,1.54,1.00
2014.05.13 05:06:50.478,0.81492,0.81498,1.54,1.00
2014.05.13 05:06:56.751,0.81492,0.81498,1.19,1.00
2014.05.13 05:06:59.598,0.81491,0.81498,2.67,1.00
2014.05.13 05:07:03.572,0.81491,0.81498,2.67,1.00
2014.05.13 05:07:04.775,0.81491,0.81498,2.67,1.00
2014.05.13 05:07:06.812,0.81491,0.81499,2.67,1.00
2014.05.13 05:07:07.820,0.81495,0.81499,1.00,1.00
2014.05.13 05:07:10.629,0.81495,0.815,1.00,2.44
2014.05.13 05:07:11.083,0.81492,0.815,2.07,1.25
2014.05.13 05:07:19.533,0.81492,0.815,1.69,1.00
2014.05.13 05:07:28.634,0.81495,0.815,1.00,1.25
2014.05.13 05:07:38.984,0.81492,0.815,2.07,2.44
2014.05.13 05:07:39.480,0.81495,0.815,1.00,2.44
2014.05.13 05:07:43.938,0.81492,0.815,1.69,1.50
2014.05.13 05:08:07.213,0.81493,0.815,1.32,1.00
2014.05.13 05:08:08.011,0.81493,0.81501,2.07,1.50
2014.05.13 05:08:08.615,0.81494,0.81501,1.19,1.50
2014.05.13 05:08:10.866,0.81494,0.81501,1.25,1.00
2014.05.13 05:08:19.159,0.81494,0.81501,1.19,1.00
2014.05.13 05:08:20.750,0.81494,0.81501,1.25,1.00
2014.05.13 05:08:23.297,0.81494,0.81501,1.19,1.00
2014.05.13 05:08:27.993,0.81495,0.81502,3.94,1.00
2014.05.13 05:08:33.532,0.81495,0.81502,3.94,1.00
2014.05.13 05:08:39.911,0.81495,0.81502,3.19,1.00
2014.05.13 05:08:44.245,0.81494,0.81502,1.25,1.25
2014.05.13 05:08:45.420,0.81494,0.81502,2.44,1.00
2014.05.13 05:08:48.721,0.81495,0.81502,1.63,1.00
2014.05.13 05:08:51.394,0.81496,0.81503,1.32,1.50
2014.05.13 05:08:57.779,0.81496,0.81503,1.32,1.50
2014.05.13 05:08:59.265,0.81496,0.81503,1.32,1.50
2014.05.13 05:09:09.601,0.81496,0.81503,1.32,1.50
2014.05.13 05:09:14.113,0.81497,0.81503,1.69,1.00
2014.05.13 05:09:15.117,0.81497,0.81503,1.69,1.00
2014.05.13 05:09:21.937,0.81498,0.81503,1.25,1.00
2014.05.13 05:09:22.039,0.815,0.81505,1.00,1.00
2014.05.13 05:09:22.242,0.815,0.81506,1.00,1.69
2014.05.13 05:09:27.832,0.815,0.81506,3.19,1.50
2014.05.13 05:09:31.046,0.81499,0.81506,1.25,1.50
2014.05.13 05:09:31.148,0.81499,0.81503,1.25,1.00
2014.05.13 05:09:31.553,0.81497,0.81503,1.32,1.00
2014.05.13 05:09:32.963,0.81497,0.81503,1.19,1.00
2014.05.13 05:09:33.469,0.81497,0.81504,1.69,1.00
2014.05.13 05:09:33.977,0.81497,0.81504,1.69,1.00
2014.05.13 05:09:34.483,0.81497,0.81503,1.25,1.00
2014.05.13 05:09:39.016,0.81496,0.81503,1.25,1.00
2014.05.13 05:09:40.030,0.81496,0.81503,1.19,1.00
2014.05.13 05:09:48.000,0.81497,0.81503,1.19,1.00
2014.05.13 05:09:49.719,0.81497,0.81503,1.25,1.00
2014.05.13 05:10:00.445,0.81496,0.81503,1.25,1.00
2014.05.13 05:10:02.547,0.81497,0.81503,1.19,1.00
2014.05.13 05:10:02.951,0.81497,0.81505,1.69,1.00
2014.05.13 05:10:07.263,0.81498,0.81503,1.25,1.00
2014.05.13 05:10:08.370,0.81498,0.81503,1.19,1.00
2014.05.13 05:10:09.773,0.81498,0.81503,1.25,1.00
2014.05.13 05:10:11.867,0.81498,0.81504,1.25,1.50
2014.05.13 05:10:18.798,0.81499,0.81504,1.25,1.00
2014.05.13 05:10:19.456,0.81497,0.81502,3.00,1.00
2014.05.13 05:10:20.007,0.81497,0.81503,2.44,1.00
2014.05.13 05:10:20.522,0.81497,0.81504,2.44,1.00
2014.05.13 05:10:29.017,0.81498,0.81503,1.25,1.00
2014.05.13 05:10:30.649,0.81499,0.81503,1.00,1.00
2014.05.13 05:10:31.189,0.81498,0.81503,1.25,1.50
2014.05.13 05:10:36.377,0.81498,0.81502,1.00,1.00
2014.05.13 05:10:36.898,0.81497,0.81501,1.00,1.00
2014.05.13 05:10:37.354,0.81495,0.815,1.25,1.00
2014.05.13 05:10:42.467,0.81496,0.815,1.00,1.00
2014.05.13 05:10:44.090,0.81495,0.815,2.44,1.00
2014.05.13 05:10:55.165,0.81495,0.81503,1.25,2.82
2014.05.13 05:10:55.418,0.81495,0.81501,1.25,1.00
2014.05.13 05:10:55.923,0.81496,0.81501,1.00,1.00
2014.05.13 05:10:55.974,0.81494,0.81501,1.69,1.00
2014.05.13 05:10:58.855,0.81494,0.81501,2.07,1.00
2014.05.13 05:10:59.826,0.81493,0.81501,1.32,1.69
2014.05.13 05:11:00.716,0.81498,0.81503,1.00,3.00
2014.05.13 05:11:00.818,0.81493,0.81501,1.25,2.07
2014.05.13 05:11:01.330,0.81493,0.81501,1.25,2.07
2014.05.13 05:11:09.256,0.81493,0.81501,1.25,2.07
2014.05.13 05:11:14.167,0.81493,0.81501,1.25,1.69
2014.05.13 05:11:16.156,0.81493,0.815,1.00,1.32
2014.05.13 05:11:17.872,0.81493,0.815,1.00,1.32
2014.05.13 05:11:19.960,0.81493,0.815,1.00,1.32
2014.05.13 05:11:20.636,0.81492,0.815,1.50,1.32
2014.05.13 05:11:22.583,0.81492,0.81501,2.82,1.69
2014.05.13 05:11:25.189,0.81492,0.81501,2.44,2.82
2014.05.13 05:11:29.688,0.81492,0.815,1.69,1.32
2014.05.13 05:11:31.925,0.81492,0.815,2.07,1.25
2014.05.13 05:11:33.799,0.81494,0.815,1.13,1.25
2014.05.13 05:11:34.103,0.81495,0.81502,1.13,1.00
2014.05.13 05:11:34.255,0.81496,0.81503,1.63,1.50
2014.05.13 05:11:34.558,0.81497,0.81503,2.07,1.00
2014.05.13 05:11:35.064,0.81497,0.81504,2.82,1.00
2014.05.13 05:11:35.569,0.81497,0.81504,2.82,1.00
2014.05.13 05:11:42.800,0.81498,0.81505,1.63,1.00
2014.05.13 05:11:43.314,0.81498,0.81506,1.63,1.69
2014.05.13 05:11:46.148,0.81498,0.81506,1.32,1.69
2014.05.13 05:11:59.694,0.81498,0.81506,1.32,1.69
2014.05.13 05:12:00.732,0.81498,0.81506,1.32,1.25
2014.05.13 05:12:02.134,0.81498,0.81506,1.32,1.25
2014.05.13 05:12:07.966,0.815,0.81506,1.69,1.00
2014.05.13 05:12:08.620,0.815,0.81507,1.69,1.00
2014.05.13 05:12:09.944,0.815,0.81507,1.69,1.00
2014.05.13 05:12:11.027,0.815,0.81507,1.69,1.00
2014.05.13 05:12:14.833,0.815,0.81508,1.69,1.25
2014.05.13 05:12:15.150,0.81502,0.81509,1.00,1.19
2014.05.13 05:12:15.877,0.81502,0.8151,1.00,1.69
2014.05.13 05:12:16.891,0.81502,0.81511,1.13,3.19
2014.05.13 05:12:18.376,0.81503,0.81511,1.69,1.25
2014.05.13 05:12:34.623,0.81503,0.81511,1.69,1.00
2014.05.13 05:12:35.886,0.81503,0.8151,1.69,1.00
2014.05.13 05:12:36.397,0.81503,0.8151,1.25,1.00
2014.05.13 05:12:45.120,0.81502,0.81511,2.44,2.44
2014.05.13 05:12:50.132,0.81502,0.81511,2.44,2.44
2014.05.13 05:12:51.840,0.81502,0.81511,2.44,2.44
2014.05.13 05:12:56.242,0.81502,0.81511,2.44,3.19
2014.05.13 05:12:57.168,0.81503,0.81511,1.19,1.50
2014.05.13 05:13:10.577,0.81505,0.81511,1.00,1.25
2014.05.13 05:13:11.306,0.81505,0.8151,1.00,1.00
2014.05.13 05:13:19.475,0.81504,0.81511,1.00,1.69
2014.05.13 05:13:23.631,0.81504,0.81509,1.00,1.00
2014.05.13 05:13:25.941,0.81504,0.81511,1.00,1.69
2014.05.13 05:13:41.221,0.81502,0.81509,1.69,1.00
2014.05.13 05:13:52.122,0.81502,0.81509,1.69,1.00
2014.05.13 05:14:03.546,0.81503,0.81509,1.19,1.00
2014.05.13 05:14:03.648,0.81503,0.81511,1.69,2.44
2014.05.13 05:14:08.552,0.81503,0.81511,1.69,2.07
2014.05.13 05:14:15.483,0.81504,0.81511,1.00,1.32
2014.05.13 05:14:32.746,0.81504,0.81509,1.00,1.00
2014.05.13 05:14:32.898,0.81504,0.81512,1.00,4.92
2014.05.13 05:14:54.713,0.81504,0.81511,1.00,3.79
2014.05.13 05:15:01.878,0.81504,0.81511,1.00,3.79
2014.05.13 05:15:08.149,0.81504,0.81511,1.00,3.79
2014.05.13 05:15:11.137,0.81502,0.8151,1.69,1.25
2014.05.13 05:15:12.105,0.81502,0.8151,1.25,3.79
2014.05.13 05:15:12.156,0.81501,0.81507,1.69,1.00
2014.05.13 05:15:13.194,0.81501,0.81507,1.32,1.00
2014.05.13 05:15:16.776,0.81501,0.81507,1.32,1.00
2014.05.13 05:15:18.789,0.81501,0.81507,1.32,1.00
2014.05.13 05:15:22.438,0.81501,0.81507,1.19,1.00
2014.05.13 05:15:30.111,0.81501,0.81507,1.25,1.00
2014.05.13 05:15:31.253,0.81501,0.81507,1.19,1.00
2014.05.13 05:15:33.150,0.81501,0.81507,1.25,1.00
2014.05.13 05:15:42.343,0.81501,0.81507,1.19,1.00
2014.05.13 05:15:45.051,0.815,0.81507,2.07,1.00
2014.05.13 05:15:49.087,0.815,0.81506,1.32,1.00
2014.05.13 05:15:57.451,0.815,0.81508,1.32,2.29
2014.05.13 05:15:57.654,0.81502,0.81508,1.00,1.25
2014.05.13 05:15:58.427,0.81502,0.81509,1.00,1.69
2014.05.13 05:16:03.751,0.81502,0.8151,1.25,1.69
2014.05.13 05:16:05.769,0.81502,0.81511,2.82,2.44
2014.05.13 05:16:08.689,0.81502,0.81511,2.44,2.44
2014.05.13 05:16:09.317,0.81502,0.81509,1.00,1.19
2014.05.13 05:16:14.396,0.81502,0.81509,1.50,1.25
2014.05.13 05:16:37.465,0.81502,0.8151,1.69,1.25
2014.05.13 05:16:40.912,0.81502,0.8151,1.50,1.19
2014.05.13 05:16:44.085,0.81502,0.8151,1.69,1.25
2014.05.13 05:16:53.529,0.81502,0.8151,1.69,1.19
2014.05.13 05:16:55.868,0.81502,0.8151,1.69,1.25
2014.05.13 05:16:56.823,0.81502,0.8151,1.50,1.19
2014.05.13 05:17:01.033,0.81502,0.8151,1.25,1.25
2014.05.13 05:17:12.563,0.81502,0.8151,1.00,1.19
2014.05.13 05:17:18.078,0.81502,0.8151,1.25,1.25
2014.05.13 05:17:31.045,0.81502,0.8151,1.25,1.54
2014.05.13 05:17:34.526,0.81502,0.8151,1.25,1.54
2014.05.13 05:17:42.348,0.81502,0.8151,1.00,1.54
2014.05.13 05:17:42.601,0.81502,0.81511,2.07,1.25
2014.05.13 05:17:42.703,0.81505,0.81511,1.00,1.25
2014.05.13 05:18:02.635,0.81505,0.81512,1.00,1.25
2014.05.13 05:18:06.831,0.81506,0.81512,1.00,1.19
2014.05.13 05:18:07.335,0.81505,0.81512,1.00,1.19
2014.05.13 05:18:11.724,0.81505,0.81512,1.00,1.25
2014.05.13 05:18:13.256,0.81505,0.81512,1.00,1.19
2014.05.13 05:18:20.486,0.81505,0.81512,1.00,1.25
2014.05.13 05:18:32.581,0.81507,0.81512,1.00,1.25
2014.05.13 05:18:37.829,0.81507,0.81513,1.00,1.69
2014.05.13 05:18:50.729,0.81507,0.81514,1.00,1.25
2014.05.13 05:19:08.651,0.8151,0.81516,1.00,1.69
2014.05.13 05:19:09.709,0.8151,0.81517,1.00,1.19
2014.05.13 05:19:15.998,0.8151,0.81517,1.00,1.25
2014.05.13 05:19:21.243,0.8151,0.81517,1.00,1.19
2014.05.13 05:19:28.287,0.8151,0.81517,1.00,1.25
2014.05.13 05:19:29.241,0.8151,0.81516,1.00,1.19
2014.05.13 05:19:31.388,0.81508,0.81515,1.00,1.69
2014.05.13 05:19:43.674,0.81507,0.81515,2.44,1.25
2014.05.13 05:19:51.079,0.81507,0.81515,2.44,1.00
2014.05.13 05:20:05.312,0.81507,0.81515,1.69,1.69
2014.05.13 05:20:06.315,0.81507,0.81515,1.69,1.69
2014.05.13 05:20:09.224,0.81507,0.81515,1.69,1.69
2014.05.13 05:20:34.546,0.8151,0.81515,1.00,1.25
2014.05.13 05:20:34.597,0.81506,0.81515,2.07,1.25
2014.05.13 05:20:39.704,0.81506,0.81515,2.07,1.19
2014.05.13 05:20:42.129,0.81507,0.81515,1.25,1.25
2014.05.13 05:20:51.078,0.81507,0.81516,2.07,1.54
2014.05.13 05:20:54.557,0.8151,0.81516,1.00,1.54
2014.05.13 05:21:03.516,0.8151,0.81516,1.00,1.19
2014.05.13 05:21:08.378,0.8151,0.81516,1.00,1.25
2014.05.13 05:21:12.992,0.8151,0.81516,1.00,1.19
2014.05.13 05:21:18.041,0.8151,0.81516,1.00,1.25
2014.05.13 05:21:23.477,0.8151,0.81516,1.00,1.19
2014.05.13 05:21:24.848,0.8151,0.81516,1.00,1.25
2014.05.13 05:21:27.492,0.8151,0.81516,1.00,1.19
2014.05.13 05:21:28.464,0.8151,0.81516,1.00,1.25
2014.05.13 05:21:29.581,0.8151,0.81516,1.00,1.19
2014.05.13 05:21:33.637,0.8151,0.81516,1.00,1.25
2014.05.13 05:21:34.140,0.8151,0.81517,1.00,3.04
2014.05.13 05:21:39.828,0.8151,0.81517,1.00,3.42
2014.05.13 05:21:54.698,0.81508,0.81517,1.69,2.67
2014.05.13 05:22:12.116,0.81507,0.81516,2.07,3.04
2014.05.13 05:22:13.322,0.81507,0.81516,2.07,3.04
2014.05.13 05:22:40.163,0.81508,0.81516,1.19,1.25
2014.05.13 05:22:42.874,0.81507,0.81516,2.07,1.69
2014.05.13 05:22:44.689,0.81508,0.81516,2.07,1.00
2014.05.13 05:22:55.155,0.81508,0.81517,2.07,2.29
2014.05.13 05:22:56.855,0.81508,0.81517,1.69,2.29
2014.05.13 05:22:57.951,0.81508,0.81517,1.69,2.29
2014.05.13 05:23:03.211,0.81509,0.81516,1.25,2.10
2014.05.13 05:23:05.302,0.81508,0.81516,1.32,2.29
2014.05.13 05:23:06.491,0.81508,0.81516,1.32,2.10
2014.05.13 05:23:21.604,0.81508,0.81516,1.32,2.29
2014.05.13 05:23:24.360,0.81508,0.81516,1.57,2.10
2014.05.13 05:23:25.100,0.81508,0.81516,1.57,2.10
2014.05.13 05:23:25.607,0.8151,0.81516,1.25,2.10
2014.05.13 05:23:26.405,0.8151,0.81516,1.69,2.10
2014.05.13 05:23:38.151,0.8151,0.81518,1.69,2.85
2014.05.13 05:23:52.403,0.81511,0.81518,1.19,2.85
2014.05.13 05:23:58.595,0.8151,0.81518,1.69,2.85
2014.05.13 05:24:15.124,0.8151,0.81518,1.63,3.04
2014.05.13 05:24:30.943,0.8151,0.81516,2.07,1.00
2014.05.13 05:24:31.146,0.8151,0.81518,2.82,2.10
2014.05.13 05:24:31.924,0.8151,0.81518,1.69,4.92
2014.05.13 05:24:34.860,0.8151,0.81517,2.82,1.00
2014.05.13 05:24:42.050,0.8151,0.81517,2.82,1.00
2014.05.13 05:24:44.650,0.8151,0.81518,2.82,3.60
2014.05.13 05:24:46.250,0.8151,0.81518,2.44,3.79
2014.05.13 05:24:48.164,0.8151,0.81518,2.82,3.60
2014.05.13 05:24:59.412,0.8151,0.81518,2.82,3.79
2014.05.13 05:24:59.929,0.81511,0.81518,1.00,3.79
2014.05.13 05:25:04.230,0.8151,0.81518,1.69,4.54
2014.05.13 05:25:07.863,0.8151,0.81516,1.69,2.10
2014.05.13 05:25:10.070,0.81511,0.81516,1.25,2.10
2014.05.13 05:25:18.583,0.8151,0.81516,2.44,2.85
2014.05.13 05:25:23.662,0.8151,0.81516,2.44,2.85
2014.05.13 05:25:36.203,0.8151,0.81516,1.32,2.85
2014.05.13 05:25:37.302,0.8151,0.81516,2.07,2.85
2014.05.13 05:25:44.616,0.81511,0.81517,1.32,2.10
2014.05.13 05:25:53.321,0.8151,0.81516,1.57,1.00
2014.05.13 05:25:55.302,0.8151,0.81516,1.57,1.00
2014.05.13 05:25:55.458,0.81513,0.81519,1.00,3.94
2014.05.13 05:25:55.967,0.81513,0.81518,1.00,2.10
2014.05.13 05:25:57.588,0.81513,0.8152,1.00,3.79
2014.05.13 05:25:58.587,0.81513,0.8152,1.25,1.35
2014.05.13 05:26:08.427,0.81513,0.81521,1.69,3.04
2014.05.13 05:26:10.713,0.81513,0.81521,1.25,3.79
2014.05.13 05:26:22.026,0.81513,0.81521,1.69,3.04
2014.05.13 05:26:23.167,0.81513,0.81521,1.69,3.04
2014.05.13 05:26:56.170,0.81512,0.8152,1.32,1.54
2014.05.13 05:27:02.230,0.81512,0.8152,1.32,2.29
2014.05.13 05:27:05.236,0.81512,0.8152,1.32,1.54
2014.05.13 05:27:06.743,0.81512,0.8152,1.32,1.35
2014.05.13 05:27:09.457,0.81513,0.81518,1.25,1.00
2014.05.13 05:27:09.962,0.81511,0.81518,2.07,1.00
2014.05.13 05:27:10.063,0.81511,0.8152,2.07,3.04
2014.05.13 05:27:10.570,0.81511,0.81519,2.07,1.00
2014.05.13 05:27:11.325,0.81511,0.8152,2.07,3.94
2014.05.13 05:27:12.066,0.81513,0.8152,1.25,1.00
2014.05.13 05:27:12.570,0.81513,0.81521,1.25,1.25
2014.05.13 05:27:13.084,0.81513,0.8152,1.25,1.00
2014.05.13 05:27:13.598,0.81512,0.8152,1.32,1.25
2014.05.13 05:27:14.142,0.81512,0.8152,1.63,1.25
2014.05.13 05:27:14.774,0.81512,0.81521,1.57,2.44
2014.05.13 05:27:15.301,0.81512,0.8152,1.32,1.00
2014.05.13 05:27:22.561,0.81513,0.8152,1.19,1.00
2014.05.13 05:27:26.801,0.81513,0.8152,1.25,1.00
2014.05.13 05:27:31.724,0.81513,0.8152,1.19,1.00
2014.05.13 05:27:39.728,0.81513,0.8152,1.32,1.00
2014.05.13 05:27:44.806,0.81514,0.8152,1.25,1.00
2014.05.13 05:27:49.724,0.81514,0.8152,1.19,1.00
2014.05.13 05:27:51.700,0.81514,0.81521,1.19,1.00
2014.05.13 05:28:00.525,0.81513,0.81521,1.32,1.00
2014.05.13 05:29:00.936,0.81513,0.81521,1.57,1.00
2014.05.13 05:29:01.896,0.81513,0.81521,1.32,1.00
2014.05.13 05:29:19.765,0.81513,0.81521,2.07,1.00
2014.05.13 05:29:27.487,0.81514,0.81522,1.63,1.00
2014.05.13 05:29:30.110,0.81514,0.81522,1.32,1.00
2014.05.13 05:29:30.262,0.81519,0.81523,1.00,1.13
2014.05.13 05:29:47.589,0.81518,0.81523,1.00,1.13
2014.05.13 05:29:47.640,0.81516,0.81523,1.00,1.13
2014.05.13 05:29:48.145,0.81515,0.81522,1.69,1.00
2014.05.13 05:29:48.900,0.81519,0.81523,1.00,1.88
2014.05.13 05:29:49.355,0.81517,0.81524,1.50,2.07
2014.05.13 05:29:50.468,0.81516,0.81524,1.00,1.88
2014.05.13 05:29:50.994,0.81515,0.81524,1.13,2.07
2014.05.13 05:29:52.392,0.81513,0.81524,2.07,2.07
2014.05.13 05:29:52.595,0.81511,0.81523,1.69,3.94
2014.05.13 05:29:53.540,0.81513,0.81522,1.00,2.07
2014.05.13 05:29:54.049,0.81512,0.81522,1.63,1.69
2014.05.13 05:29:54.592,0.81513,0.81521,1.38,1.00
2014.05.13 05:29:55.940,0.81512,0.81521,2.82,1.00
2014.05.13 05:29:56.956,0.81513,0.81521,1.63,1.00
2014.05.13 05:29:57.700,0.81515,0.81521,1.00,1.00
2014.05.13 05:29:58.230,0.81513,0.81521,2.07,1.00
2014.05.13 05:29:59.052,0.81512,0.81521,2.82,1.00
2014.05.13 05:29:59.609,0.81512,0.81518,1.32,1.00
2014.05.13 05:29:59.812,0.81512,0.81521,2.07,1.00
2014.05.13 05:30:00.329,0.81512,0.81521,1.25,1.13
2014.05.13 05:30:00.380,0.81511,0.81518,1.32,1.00
2014.05.13 05:30:00.937,0.8151,0.81518,1.57,1.00
2014.05.13 05:30:01.377,0.8151,0.81518,1.57,1.00
2014.05.13 05:30:01.529,0.8151,0.81515,1.57,1.00
2014.05.13 05:30:02.054,0.8151,0.81516,1.69,1.50
2014.05.13 05:30:02.556,0.81511,0.81517,1.25,1.00
2014.05.13 05:30:03.645,0.81511,0.81515,1.25,1.00
2014.05.13 05:30:04.178,0.81509,0.81515,2.82,1.00
2014.05.13 05:30:04.684,0.81509,0.81514,2.82,1.00
2014.05.13 05:30:05.223,0.81509,0.81517,2.82,2.33
2014.05.13 05:30:05.632,0.81508,0.81515,1.88,2.33
2014.05.13 05:30:07.052,0.81509,0.81516,1.50,2.33
2014.05.13 05:30:07.958,0.8151,0.81518,1.32,1.15
2014.05.13 05:30:08.010,0.81513,0.8152,2.25,1.88
2014.05.13 05:30:08.314,0.81515,0.8152,2.25,2.63
2014.05.13 05:30:09.589,0.81514,0.81518,4.35,1.00
2014.05.13 05:30:10.236,0.81513,0.8152,2.25,2.14
2014.05.13 05:30:10.746,0.81512,0.81519,2.33,2.63
2014.05.13 05:30:11.103,0.8151,0.81516,1.69,1.15
2014.05.13 05:30:11.205,0.81507,0.81516,2.07,1.15
2014.05.13 05:30:11.443,0.81507,0.81515,2.07,2.33
2014.05.13 05:30:11.544,0.81507,0.81516,2.14,1.18
2014.05.13 05:30:11.956,0.81507,0.81516,2.14,3.08
2014.05.13 05:30:12.291,0.81504,0.81511,3.00,2.33
2014.05.13 05:30:12.443,0.81507,0.81516,1.20,1.09
2014.05.13 05:30:12.647,0.81507,0.81516,1.28,3.19
2014.05.13 05:30:12.951,0.81511,0.81516,4.35,1.25
2014.05.13 05:30:13.478,0.81512,0.81519,2.33,1.13
2014.05.13 05:30:13.793,0.81514,0.8152,2.33,1.00
2014.05.13 05:30:13.895,0.81514,0.81518,2.18,1.69
2014.05.13 05:30:15.346,0.81514,0.81519,2.25,2.25
2014.05.13 05:30:15.550,0.81511,0.81518,2.33,1.50
2014.05.13 05:30:15.912,0.81511,0.81518,2.33,1.00
2014.05.13 05:30:16.429,0.8151,0.81518,3.27,1.00
2014.05.13 05:30:16.531,0.8151,0.81518,1.09,1.00
2014.05.13 05:30:16.632,0.81511,0.81518,2.33,1.00
2014.05.13 05:30:17.731,0.81515,0.81522,2.33,1.00
2014.05.13 05:30:18.288,0.81514,0.81521,2.33,1.88
2014.05.13 05:30:19.275,0.8151,0.81518,4.02,1.00
2014.05.13 05:30:20.803,0.8151,0.81518,1.84,1.00
2014.05.13 05:30:24.412,0.8151,0.81518,1.47,1.00
2014.05.13 05:30:28.490,0.8151,0.81518,2.22,1.00
2014.05.13 05:30:31.253,0.8151,0.81518,1.78,1.00
2014.05.13 05:30:31.775,0.8151,0.81518,1.47,1.00
2014.05.13 05:30:36.929,0.8151,0.81518,3.72,1.00
2014.05.13 05:30:39.437,0.81512,0.8152,1.10,1.10
2014.05.13 05:30:45.950,0.81512,0.8152,1.00,1.08
2014.05.13 05:30:49.355,0.8151,0.81518,2.97,1.00
2014.05.13 05:30:49.860,0.8151,0.81517,1.00,1.20
2014.05.13 05:30:50.366,0.8151,0.81518,1.00,2.22
2014.05.13 05:31:04.752,0.8151,0.81518,1.13,1.09
2014.05.13 05:31:05.284,0.8151,0.81518,1.13,1.40
2014.05.13 05:31:05.784,0.8151,0.81518,2.63,1.33
2014.05.13 05:31:06.088,0.81518,0.81526,1.63,3.15
2014.05.13 05:31:06.189,0.81518,0.81525,2.07,1.18
2014.05.13 05:31:06.695,0.81518,0.81525,1.02,1.00
2014.05.13 05:31:07.164,0.8152,0.81528,1.57,1.15
2014.05.13 05:31:13.425,0.8152,0.81528,1.63,1.50
2014.05.13 05:31:13.942,0.81522,0.8153,1.00,3.83
2014.05.13 05:31:13.993,0.81522,0.8153,1.10,1.10
2014.05.13 05:31:14.629,0.81523,0.8153,1.50,1.10
2014.05.13 05:31:24.413,0.81522,0.8153,1.39,1.10
2014.05.13 05:31:25.661,0.81521,0.81528,1.47,1.00
2014.05.13 05:31:26.167,0.8152,0.81528,2.14,1.10
2014.05.13 05:31:35.459,0.81521,0.81528,1.39,1.00
2014.05.13 05:31:35.762,0.81522,0.8153,1.02,1.77
2014.05.13 05:31:36.654,0.81522,0.8153,4.24,1.77
2014.05.13 05:31:37.224,0.81522,0.8153,2.14,1.02
2014.05.13 05:31:37.744,0.81522,0.8153,2.14,1.10
2014.05.13 05:31:38.972,0.81522,0.8153,5.74,1.10
2014.05.13 05:31:40.587,0.81523,0.8153,2.82,1.10
2014.05.13 05:31:40.689,0.81525,0.8153,1.29,1.00
2014.05.13 05:31:44.326,0.81526,0.81533,1.25,1.20
2014.05.13 05:31:45.494,0.81528,0.81533,1.50,1.10
2014.05.13 05:31:46.120,0.81531,0.81535,1.00,1.58
2014.05.13 05:31:46.275,0.81531,0.81536,1.00,1.25
2014.05.13 05:31:46.335,0.81529,0.81533,1.58,1.00
2014.05.13 05:31:46.809,0.81529,0.81535,2.25,1.10
2014.05.13 05:31:46.910,0.81529,0.81536,2.25,4.02
2014.05.13 05:31:47.769,0.81529,0.81536,1.00,1.37
2014.05.13 05:31:47.871,0.81528,0.81533,1.50,1.00
2014.05.13 05:31:49.041,0.81527,0.81533,1.69,1.10
2014.05.13 05:31:51.987,0.81528,0.81533,1.50,1.10
2014.05.13 05:31:55.867,0.81529,0.81535,1.00,1.09
2014.05.13 05:31:56.373,0.81529,0.81536,1.00,1.29
2014.05.13 05:31:57.231,0.81529,0.81537,1.00,1.37
2014.05.13 05:31:57.754,0.81529,0.81538,1.69,2.22
2014.05.13 05:32:00.285,0.81529,0.81538,1.25,1.47
2014.05.13 05:32:03.124,0.81529,0.81537,1.00,2.70
2014.05.13 05:32:03.673,0.81529,0.81538,1.32,3.64
2014.05.13 05:32:05.082,0.81529,0.81538,1.39,1.09
2014.05.13 05:32:06.784,0.81529,0.81538,1.02,2.22
2014.05.13 05:32:10.267,0.81529,0.81538,1.25,4.39
2014.05.13 05:32:13.303,0.81529,0.81533,1.25,1.00
2014.05.13 05:32:13.404,0.81529,0.81538,1.25,4.39
2014.05.13 05:32:16.832,0.81529,0.81538,2.07,4.02
2014.05.13 05:32:19.040,0.81529,0.81538,2.07,4.02
2014.05.13 05:32:26.682,0.8153,0.81538,1.32,3.27
2014.05.13 05:32:27.086,0.81531,0.81538,1.19,2.93
2014.05.13 05:32:27.238,0.81534,0.8154,1.00,1.84
2014.05.13 05:32:27.897,0.81534,0.81542,1.00,1.47
2014.05.13 05:32:28.404,0.81534,0.81539,1.00,1.39
2014.05.13 05:32:30.763,0.81534,0.81541,1.00,1.29
2014.05.13 05:32:31.272,0.81534,0.81542,1.25,1.09
2014.05.13 05:32:38.863,0.81534,0.8154,1.00,1.25
2014.05.13 05:32:39.065,0.81534,0.8154,1.00,1.40
2014.05.13 05:32:39.116,0.81531,0.8154,1.69,1.40
2014.05.13 05:32:39.369,0.81534,0.8154,1.00,1.09
2014.05.13 05:32:42.232,0.81534,0.81541,1.00,3.27
2014.05.13 05:32:44.780,0.81534,0.81541,1.00,1.40
2014.05.13 05:32:49.156,0.81534,0.81542,1.69,2.33
2014.05.13 05:32:49.359,0.81534,0.81543,2.07,1.84
2014.05.13 05:32:49.461,0.81535,0.81543,1.67,1.10
2014.05.13 05:32:50.269,0.81539,0.81544,1.00,1.09
2014.05.13 05:32:50.808,0.81538,0.81546,1.25,3.27
2014.05.13 05:32:51.762,0.81538,0.81546,1.25,1.40
2014.05.13 05:32:55.598,0.81538,0.81545,1.00,1.84
2014.05.13 05:32:56.770,0.81538,0.81545,1.00,4.02
2014.05.13 05:32:57.369,0.81536,0.81545,1.19,3.34
2014.05.13 05:32:57.796,0.81535,0.81543,1.10,1.29
2014.05.13 05:32:58.201,0.81534,0.81542,1.69,3.64
2014.05.13 05:33:09.966,0.81534,0.81542,1.00,1.34
2014.05.13 05:33:14.082,0.81536,0.81543,1.19,3.08
2014.05.13 05:33:14.235,0.81536,0.81543,1.32,1.18
2014.05.13 05:33:15.167,0.81535,0.81544,2.07,1.34
2014.05.13 05:33:15.976,0.81535,0.81543,1.19,1.40
2014.05.13 05:33:16.482,0.81534,0.81543,1.32,1.84
2014.05.13 05:33:19.481,0.81533,0.81542,1.67,1.09
2014.05.13 05:33:21.158,0.81535,0.81542,1.00,1.09
2014.05.13 05:33:21.665,0.81533,0.81542,3.27,1.09
2014.05.13 05:33:22.223,0.81534,0.81543,1.19,1.84
2014.05.13 05:33:23.339,0.81533,0.81542,1.29,1.09
2014.05.13 05:33:25.327,0.81533,0.81542,1.84,1.02
2014.05.13 05:33:26.101,0.81534,0.81543,1.29,1.84
2014.05.13 05:33:42.865,0.81535,0.81543,1.25,1.40
2014.05.13 05:33:47.075,0.81534,0.81543,1.29,1.84
2014.05.13 05:33:47.754,0.81534,0.81543,1.19,1.84
2014.05.13 05:33:48.109,0.81533,0.81542,1.02,1.84
2014.05.13 05:33:48.312,0.81533,0.81542,1.25,4.39
2014.05.13 05:33:50.662,0.81533,0.81542,1.19,4.02
2014.05.13 05:33:51.685,0.81532,0.81541,1.19,1.47
2014.05.13 05:33:56.179,0.81533,0.81542,1.19,4.39
2014.05.13 05:33:58.129,0.81531,0.8154,3.27,1.47
2014.05.13 05:34:00.799,0.81531,0.8154,3.27,1.47
2014.05.13 05:34:02.520,0.81531,0.8154,3.27,1.47
2014.05.13 05:34:15.604,0.81533,0.8154,1.50,1.39
2014.05.13 05:34:16.111,0.81532,0.81541,1.25,1.72
2014.05.13 05:34:19.548,0.81531,0.8154,1.69,1.47
2014.05.13 05:34:20.054,0.81531,0.81539,1.25,1.40
2014.05.13 05:34:20.675,0.81531,0.81539,1.25,1.09
2014.05.13 05:34:23.633,0.81529,0.81537,1.09,1.63
2014.05.13 05:34:24.038,0.81529,0.81537,1.25,3.64
2014.05.13 05:34:24.544,0.81529,0.81537,1.25,1.47
2014.05.13 05:34:25.051,0.81529,0.81537,1.25,3.64
2014.05.13 05:34:25.568,0.81528,0.81537,1.25,2.22
2014.05.13 05:34:26.141,0.81528,0.81537,1.19,2.22
2014.05.13 05:34:31.836,0.81529,0.81537,1.02,1.77
2014.05.13 05:34:32.144,0.81528,0.81537,1.32,1.84
2014.05.13 05:34:47.631,0.81529,0.81537,1.39,1.09
2014.05.13 05:34:48.165,0.81529,0.81537,1.39,1.02
2014.05.13 05:34:48.672,0.81529,0.81537,1.32,1.09
2014.05.13 05:34:50.265,0.81529,0.81537,1.74,1.25
2014.05.13 05:35:00.986,0.8153,0.81537,1.32,1.08
2014.05.13 05:35:01.495,0.81529,0.81537,1.67,1.10
2014.05.13 05:35:06.123,0.81529,0.81537,1.39,1.02
2014.05.13 05:35:07.039,0.81529,0.81537,1.39,1.02
2014.05.13 05:35:09.483,0.81529,0.81537,2.22,1.00
2014.05.13 05:35:09.988,0.8153,0.81537,1.39,1.00
2014.05.13 05:35:20.191,0.81528,0.81537,1.47,1.77
2014.05.13 05:35:28.600,0.81529,0.81538,1.32,1.84
2014.05.13 05:35:29.131,0.81529,0.81538,1.67,1.84
2014.05.13 05:35:30.459,0.81529,0.81538,1.74,1.77
2014.05.13 05:35:31.274,0.81529,0.81538,1.67,1.84
2014.05.13 05:35:33.913,0.81529,0.81538,1.74,1.77
2014.05.13 05:35:34.419,0.81529,0.81538,1.37,1.77
2014.05.13 05:35:35.567,0.81529,0.81538,1.02,1.84
2014.05.13 05:35:44.907,0.81528,0.81536,1.09,1.25
2014.05.13 05:35:45.414,0.81528,0.81536,1.32,1.09
2014.05.13 05:35:45.817,0.81527,0.81532,1.58,1.00
2014.05.13 05:35:45.920,0.81528,0.81536,1.32,1.09
2014.05.13 05:35:46.449,0.81528,0.81536,1.32,1.18
2014.05.13 05:35:49.059,0.81528,0.81534,1.57,1.00
2014.05.13 05:35:49.628,0.81528,0.81536,1.32,1.09
2014.05.13 05:35:52.636,0.81527,0.81536,1.77,1.84
2014.05.13 05:35:53.172,0.81527,0.81536,2.89,1.09
2014.05.13 05:35:54.007,0.81529,0.81537,1.47,1.25
2014.05.13 05:35:54.772,0.81529,0.81537,1.02,1.33
2014.05.13 05:35:59.439,0.81529,0.81537,1.32,1.33
2014.05.13 05:36:00.013,0.81529,0.81537,1.29,1.02
2014.05.13 05:36:00.524,0.81529,0.81536,1.29,1.00
2014.05.13 05:36:01.985,0.81528,0.81536,2.22,1.00
2014.05.13 05:36:04.272,0.81528,0.81536,1.84,1.00
2014.05.13 05:36:12.041,0.81528,0.81536,1.84,1.00
2014.05.13 05:36:12.550,0.81528,0.81536,2.22,1.00
2014.05.13 05:36:13.157,0.81528,0.81536,1.84,1.13
2014.05.13 05:36:13.411,0.81528,0.81534,1.10,2.07
2014.05.13 05:36:13.614,0.81525,0.81533,1.69,1.09
2014.05.13 05:36:14.128,0.81525,0.81533,1.84,1.25
2014.05.13 05:36:14.864,0.81525,0.81533,1.47,1.69
2014.05.13 05:36:17.162,0.81525,0.81533,1.84,1.69
2014.05.13 05:36:17.772,0.81525,0.81533,1.02,1.77
2014.05.13 05:36:19.663,0.81526,0.81533,1.00,1.77
2014.05.13 05:36:21.876,0.81526,0.81533,1.69,1.10
2014.05.13 05:36:22.734,0.81526,0.81534,1.69,1.65
2014.05.13 05:36:22.974,0.81526,0.81534,1.77,1.58
2014.05.13 05:36:24.551,0.81526,0.81533,1.10,1.25
2014.05.13 05:36:25.149,0.81524,0.81532,1.37,1.00
2014.05.13 05:36:27.193,0.81525,0.81532,1.29,1.00
2014.05.13 05:36:30.417,0.81525,0.81532,1.02,1.00
2014.05.13 05:36:30.922,0.81523,0.81532,1.84,2.82
2014.05.13 05:36:31.428,0.81523,0.81532,2.22,2.52
2014.05.13 05:36:32.345,0.81523,0.81532,2.14,2.59
2014.05.13 05:36:32.913,0.81524,0.81532,1.25,1.84
2014.05.13 05:36:34.231,0.81523,0.81531,1.02,1.39
2014.05.13 05:36:36.042,0.81524,0.81532,1.25,1.84
2014.05.13 05:36:37.102,0.81524,0.81532,1.19,1.84
2014.05.13 05:36:37.684,0.81524,0.81532,1.29,1.77
2014.05.13 05:36:38.216,0.81524,0.81532,1.02,1.77
2014.05.13 05:36:39.529,0.81524,0.81532,1.29,1.77
2014.05.13 05:36:42.651,0.81524,0.81532,1.02,1.77
2014.05.13 05:36:43.920,0.81524,0.81532,1.29,1.58
2014.05.13 05:36:51.981,0.81524,0.81532,1.39,1.02
2014.05.13 05:36:54.153,0.81524,0.81532,1.39,1.02
2014.05.13 05:36:56.068,0.81523,0.81531,1.18,1.19
2014.05.13 05:36:56.574,0.81523,0.81531,1.00,1.47
2014.05.13 05:36:58.211,0.81523,0.81532,1.69,2.22
2014.05.13 05:36:59.385,0.81523,0.81532,1.69,1.84
2014.05.13 05:37:00.149,0.81524,0.81532,1.00,1.84
2014.05.13 05:37:01.561,0.81524,0.81531,1.20,1.02
2014.05.13 05:37:02.217,0.81524,0.81532,2.14,1.02
2014.05.13 05:37:02.737,0.81524,0.81532,2.07,1.09
2014.05.13 05:37:04.003,0.81525,0.81531,1.00,1.02
2014.05.13 05:37:04.257,0.81523,0.81531,1.02,1.77
2014.05.13 05:37:06.147,0.81523,0.81531,1.09,1.69
2014.05.13 05:37:09.823,0.81523,0.81531,1.09,1.69
2014.05.13 05:37:20.893,0.81523,0.81531,1.18,1.69
2014.05.13 05:37:23.774,0.81523,0.81531,1.09,1.69
2014.05.13 05:37:38.013,0.81525,0.81532,1.00,1.02
2014.05.13 05:37:38.317,0.81525,0.81533,2.89,1.25
2014.05.13 05:37:38.571,0.81527,0.81535,1.77,1.02
2014.05.13 05:37:43.261,0.81528,0.81535,1.25,1.10
2014.05.13 05:37:43.417,0.8153,0.81536,1.00,1.09
2014.05.13 05:37:48.960,0.8153,0.81536,1.10,1.02
2014.05.13 05:37:49.213,0.8153,0.81538,1.77,1.69
2014.05.13 05:37:50.021,0.8153,0.81536,1.47,1.00
2014.05.13 05:37:50.549,0.8153,0.81536,1.02,1.00
2014.05.13 05:37:52.812,0.81529,0.81536,1.39,1.00
2014.05.13 05:38:11.393,0.81529,0.81535,1.25,1.00
2014.05.13 05:38:12.039,0.81529,0.81536,1.25,1.10
2014.05.13 05:38:18.800,0.81529,0.81536,1.32,1.10
2014.05.13 05:38:24.923,0.81529,0.81536,1.57,1.10
2014.05.13 05:38:36.337,0.8153,0.81536,1.25,1.10
2014.05.13 05:38:54.920,0.81529,0.81538,1.32,1.84
2014.05.13 05:38:56.123,0.81529,0.81538,1.32,1.84
2014.05.13 05:39:01.285,0.81529,0.81538,1.25,2.22
2014.05.13 05:39:15.083,0.81528,0.81536,1.02,1.02
2014.05.13 05:39:20.412,0.81529,0.81536,1.00,1.77
2014.05.13 05:39:20.961,0.81527,0.81536,2.97,1.77
2014.05.13 05:39:21.504,0.81528,0.81536,1.29,1.10
2014.05.13 05:39:24.188,0.8153,0.81536,1.00,1.10
2014.05.13 05:39:24.729,0.81528,0.81536,1.29,1.10
2014.05.13 05:39:27.575,0.81528,0.81536,1.19,1.08
2014.05.13 05:39:50.158,0.81529,0.81534,1.25,1.00
2014.05.13 05:39:51.858,0.81528,0.81534,1.25,1.00
2014.05.13 05:39:54.088,0.81528,0.81534,1.19,1.00
2014.05.13 05:39:55.089,0.81527,0.81534,2.52,1.00
2014.05.13 05:40:08.846,0.81528,0.81534,1.32,1.00
2014.05.13 05:40:09.351,0.81528,0.81535,1.32,1.10
2014.05.13 05:40:10.959,0.81528,0.81535,1.32,1.10
2014.05.13 05:40:12.231,0.81528,0.81535,1.32,1.10
2014.05.13 05:40:17.894,0.81528,0.81535,1.25,1.10
2014.05.13 05:40:26.060,0.81527,0.81534,2.14,1.00
2014.05.13 05:40:29.557,0.81527,0.81535,2.22,1.50
2014.05.13 05:40:33.535,0.81528,0.81536,1.39,1.77
2014.05.13 05:40:34.893,0.81528,0.81537,1.39,1.09
2014.05.13 05:40:51.460,0.81528,0.81536,1.02,1.02
2014.05.13 05:40:59.084,0.81528,0.81535,1.02,1.00
2014.05.13 05:41:00.787,0.81528,0.81534,1.02,1.00
2014.05.13 05:41:12.088,0.81527,0.81534,2.14,1.00
2014.05.13 05:41:22.326,0.81527,0.81534,1.32,1.58
2014.05.13 05:41:34.076,0.81527,0.81534,1.32,1.10
2014.05.13 05:41:35.182,0.81527,0.81534,1.32,1.58
2014.05.13 05:41:59.999,0.81527,0.81533,1.32,1.00
2014.05.13 05:42:07.207,0.81528,0.81533,1.32,1.00
2014.05.13 05:42:09.614,0.81528,0.81533,1.32,1.00
2014.05.13 05:42:11.879,0.81528,0.81534,1.32,1.10
2014.05.13 05:42:17.102,0.81526,0.81534,2.14,1.10
2014.05.13 05:42:17.507,0.81526,0.81531,1.19,1.00
2014.05.13 05:42:18.148,0.81525,0.81531,1.32,1.00
2014.05.13 05:42:24.821,0.81525,0.81531,1.32,1.00
2014.05.13 05:42:25.903,0.81524,0.81531,1.39,1.00
2014.05.13 05:42:42.142,0.81524,0.81531,1.02,1.00
2014.05.13 05:42:42.710,0.81524,0.81531,1.09,1.00
2014.05.13 05:42:46.355,0.81524,0.81531,1.25,1.10
2014.05.13 05:42:51.868,0.81524,0.81531,1.19,1.10
2014.05.13 05:43:04.044,0.81525,0.81531,1.29,1.00
2014.05.13 05:43:13.799,0.81525,0.81531,1.02,1.00
2014.05.13 05:43:16.308,0.81523,0.81531,2.59,1.20
2014.05.13 05:43:17.319,0.81524,0.81531,1.29,1.00
2014.05.13 05:43:17.836,0.81524,0.81532,1.77,1.10
2014.05.13 05:43:19.748,0.81524,0.81533,2.22,1.77
2014.05.13 05:43:20.729,0.81526,0.81533,1.19,1.10
2014.05.13 05:43:21.257,0.81526,0.81533,1.19,1.18
2014.05.13 05:43:21.721,0.81525,0.81533,1.25,1.09
2014.05.13 05:43:26.913,0.81525,0.81533,1.19,1.09
2014.05.13 05:43:28.323,0.81525,0.81533,1.25,1.09
2014.05.13 05:43:30.144,0.81525,0.81533,1.19,1.09
2014.05.13 05:43:31.098,0.81525,0.81533,2.59,1.25
2014.05.13 05:43:31.502,0.81527,0.81533,1.63,1.00
2014.05.13 05:43:32.027,0.81528,0.81533,1.38,1.00
2014.05.13 05:43:33.276,0.81528,0.81533,2.07,1.00
2014.05.13 05:43:41.013,0.81528,0.81533,2.07,1.00
2014.05.13 05:43:56.763,0.81529,0.81538,1.19,5.14
2014.05.13 05:43:57.755,0.81529,0.81533,1.25,1.00
2014.05.13 05:44:04.963,0.81528,0.81533,1.32,1.00
2014.05.13 05:44:06.683,0.81528,0.81533,1.63,1.00
2014.05.13 05:44:31.106,0.81529,0.81538,1.02,3.34
2014.05.13 05:44:32.990,0.81529,0.81538,1.02,3.34
2014.05.13 05:44:41.227,0.81529,0.81538,1.29,3.34
2014.05.13 05:44:59.277,0.81529,0.81538,1.02,3.34
2014.05.13 05:45:00.587,0.81529,0.81538,1.25,3.34
2014.05.13 05:45:00.890,0.81528,0.81537,2.25,2.14
2014.05.13 05:45:01.193,0.81526,0.81535,1.25,1.72
2014.05.13 05:45:01.395,0.81526,0.81531,1.25,1.00
2014.05.13 05:45:02.504,0.81523,0.81531,2.22,1.00
2014.05.13 05:45:03.488,0.81523,0.81531,2.22,1.00
2014.05.13 05:45:04.496,0.81523,0.81531,2.22,1.00
2014.05.13 05:45:05.518,0.81524,0.81531,1.39,1.00
2014.05.13 05:45:09.338,0.81523,0.81531,1.09,1.32
2014.05.13 05:45:09.390,0.81522,0.81531,3.19,1.47
2014.05.13 05:45:09.895,0.8152,0.81526,1.29,1.00
2014.05.13 05:45:11.503,0.8152,0.81526,1.29,1.00
2014.05.13 05:45:15.523,0.81519,0.81526,1.67,1.00
2014.05.13 05:45:16.134,0.8152,0.81526,1.39,1.00
2014.05.13 05:45:16.387,0.81521,0.81529,2.07,1.18
2014.05.13 05:45:18.079,0.81522,0.81529,1.39,1.10
2014.05.13 05:45:21.002,0.81522,0.81531,2.14,1.84
2014.05.13 05:45:27.171,0.81523,0.81531,1.32,1.09
2014.05.13 05:45:29.384,0.81523,0.81531,1.32,1.09
2014.05.13 05:45:33.906,0.81523,0.81531,1.32,1.18
2014.05.13 05:45:38.558,0.81524,0.81531,1.25,1.10
2014.05.13 05:45:42.182,0.81523,0.81531,1.39,1.02
2014.05.13 05:45:42.799,0.81523,0.81531,1.47,1.25
2014.05.13 05:45:43.409,0.81523,0.81531,1.39,1.02
2014.05.13 05:45:43.942,0.81523,0.81531,1.39,1.02
2014.05.13 05:45:46.506,0.81523,0.81529,1.39,1.00
2014.05.13 05:45:46.607,0.81523,0.81531,1.39,1.10
2014.05.13 05:46:00.725,0.81523,0.81531,1.67,1.10
2014.05.13 05:46:02.687,0.81523,0.81531,1.77,1.10
2014.05.13 05:46:04.584,0.81523,0.81531,1.67,1.10
2014.05.13 05:46:06.150,0.81523,0.81531,1.67,1.10
2014.05.13 05:46:06.661,0.81523,0.81531,1.57,1.15
2014.05.13 05:46:07.183,0.81523,0.81531,1.32,1.40
2014.05.13 05:46:08.450,0.81523,0.81531,1.32,1.09
2014.05.13 05:46:09.265,0.81523,0.81531,1.63,1.09
2014.05.13 05:46:14.548,0.81522,0.81531,1.10,2.22
2014.05.13 05:46:14.701,0.8152,0.81529,1.67,1.18
2014.05.13 05:46:16.904,0.81522,0.81529,1.19,1.18
2014.05.13 05:46:17.208,0.81524,0.81531,1.57,1.65
2014.05.13 05:46:17.733,0.81524,0.81531,2.14,1.00
2014.05.13 05:46:27.088,0.81525,0.81531,1.19,1.10
2014.05.13 05:46:33.645,0.81525,0.81531,1.67,1.00
2014.05.13 05:46:33.949,0.81526,0.81534,1.39,1.02
2014.05.13 05:46:38.923,0.81527,0.81535,1.39,1.29
2014.05.13 05:46:39.535,0.81527,0.81535,1.39,1.02
2014.05.13 05:46:41.148,0.81527,0.81535,1.39,1.02
2014.05.13 05:46:41.715,0.81527,0.81535,1.39,1.02
2014.05.13 05:46:42.227,0.81527,0.81536,2.14,3.34
2014.05.13 05:46:43.142,0.81527,0.81535,1.39,1.29
2014.05.13 05:46:43.688,0.81526,0.81533,2.22,1.00
2014.05.13 05:46:43.841,0.81526,0.81531,2.22,1.00
2014.05.13 05:46:44.145,0.81526,0.81533,1.74,1.00
2014.05.13 05:46:44.677,0.81526,0.81534,1.74,1.25
2014.05.13 05:46:46.657,0.81526,0.81533,1.74,1.00
2014.05.13 05:46:50.855,0.81526,0.81533,2.22,1.00
2014.05.13 05:46:51.310,0.81527,0.81535,1.39,1.02
2014.05.13 05:46:51.411,0.81527,0.81535,1.39,1.02
2014.05.13 05:46:51.960,0.81528,0.81536,1.70,1.02
2014.05.13 05:46:53.570,0.81529,0.81536,1.67,1.00
2014.05.13 05:46:53.772,0.81529,0.81538,2.22,1.77
2014.05.13 05:46:54.278,0.81529,0.81538,3.72,1.77
2014.05.13 05:46:58.553,0.81531,0.8154,2.22,2.07
2014.05.13 05:46:59.059,0.81536,0.81543,1.28,1.25
2014.05.13 05:46:59.110,0.81537,0.81546,1.84,3.27
2014.05.13 05:47:09.467,0.81538,0.81545,1.39,2.44
2014.05.13 05:47:09.670,0.81539,0.81548,1.47,2.52
2014.05.13 05:47:09.723,0.81539,0.81545,1.47,1.00
2014.05.13 05:47:10.028,0.81539,0.81548,1.67,1.09
2014.05.13 05:47:15.641,0.8154,0.81549,1.39,3.27
2014.05.13 05:47:17.118,0.81541,0.8155,2.59,1.77
2014.05.13 05:47:20.523,0.81541,0.81549,1.84,1.19
2014.05.13 05:47:21.590,0.81541,0.8155,2.97,1.77
2014.05.13 05:47:23.215,0.81542,0.81549,1.00,1.29
2014.05.13 05:47:24.814,0.81541,0.81549,1.95,1.29
2014.05.13 05:47:25.117,0.81543,0.81549,1.50,1.19
2014.05.13 05:47:25.218,0.81543,0.81551,1.50,1.37
2014.05.13 05:47:25.724,0.81544,0.81551,1.50,1.37
2014.05.13 05:47:26.233,0.81543,0.81551,3.00,1.34
2014.05.13 05:47:33.991,0.81543,0.81551,1.13,1.37
2014.05.13 05:47:34.825,0.81543,0.81551,1.00,1.34
2014.05.13 05:47:46.276,0.81542,0.8155,2.33,1.29
2014.05.13 05:47:47.429,0.81541,0.81549,1.58,1.29
2014.05.13 05:47:57.551,0.81541,0.81547,1.10,1.25
2014.05.13 05:47:57.703,0.81539,0.81547,1.39,1.02
2014.05.13 05:47:58.056,0.81538,0.81547,3.19,1.40
2014.05.13 05:47:58.704,0.81538,0.81547,3.27,1.09
2014.05.13 05:47:59.209,0.81538,0.81546,2.14,1.02
2014.05.13 05:47:59.725,0.81538,0.81546,2.07,1.09
2014.05.13 05:48:01.666,0.81538,0.81545,1.00,1.09
2014.05.13 05:48:02.173,0.81538,0.81544,1.00,1.29
2014.05.13 05:48:03.157,0.81538,0.81545,1.00,1.29
2014.05.13 05:48:13.209,0.81538,0.81546,1.13,1.37
2014.05.13 05:48:13.664,0.81539,0.81548,1.39,2.59
2014.05.13 05:48:13.715,0.81539,0.81548,1.39,1.37
2014.05.13 05:48:14.221,0.81539,0.81548,2.14,1.37
2014.05.13 05:48:17.006,0.8154,0.81549,1.32,1.84
2014.05.13 05:48:18.955,0.8154,0.81549,1.32,1.84
2014.05.13 05:48:27.060,0.81538,0.81547,3.72,1.02
2014.05.13 05:48:28.445,0.81538,0.81547,2.22,1.29
2014.05.13 05:48:33.380,0.81539,0.81548,1.02,1.37
2014.05.13 05:48:34.227,0.81539,0.81548,1.47,1.29
2014.05.13 05:48:37.985,0.81539,0.81548,1.37,1.02
2014.05.13 05:48:38.527,0.81539,0.81548,1.34,1.25
2014.05.13 05:48:41.040,0.81539,0.81548,1.47,1.02
2014.05.13 05:48:43.790,0.81539,0.81548,1.47,1.29
2014.05.13 05:48:52.642,0.81541,0.81548,1.00,1.29
2014.05.13 05:48:53.151,0.81539,0.81548,1.84,1.29
2014.05.13 05:48:56.241,0.81539,0.81548,2.22,1.19
2014.05.13 05:48:56.752,0.81539,0.81548,1.77,1.37
2014.05.13 05:48:57.366,0.81539,0.81548,1.77,1.37
2014.05.13 05:48:57.872,0.81539,0.81548,2.14,1.37
2014.05.13 05:48:58.377,0.81541,0.81548,1.00,1.37
2014.05.13 05:48:58.579,0.81539,0.81548,1.77,1.37
2014.05.13 05:48:59.669,0.81541,0.81548,1.00,1.37
2014.05.13 05:48:59.983,0.81539,0.81548,1.77,1.37
2014.05.13 05:49:09.687,0.81539,0.81548,2.14,1.37
2014.05.13 05:49:10.193,0.81539,0.81547,1.39,1.02
2014.05.13 05:49:11.192,0.81539,0.81547,1.02,1.29
2014.05.13 05:49:17.226,0.81539,0.81547,1.33,1.19
2014.05.13 05:49:17.685,0.81537,0.81545,1.15,1.02
2014.05.13 05:49:19.133,0.81536,0.81545,1.84,1.29
2014.05.13 05:49:19.649,0.81536,0.81545,1.77,1.37
2014.05.13 05:49:29.552,0.81536,0.81545,2.14,1.37
2014.05.13 05:49:34.167,0.81536,0.81545,2.14,1.37
2014.05.13 05:49:36.193,0.81536,0.81545,2.14,1.37
2014.05.13 05:49:45.486,0.81537,0.81545,1.09,1.19
2014.05.13 05:49:45.536,0.81537,0.81546,1.84,1.02
2014.05.13 05:49:46.234,0.81537,0.81546,1.77,1.09
2014.05.13 05:49:47.548,0.81537,0.81546,1.77,1.37
2014.05.13 05:49:49.865,0.81537,0.81546,1.77,1.09
2014.05.13 05:49:50.581,0.81537,0.81546,2.14,1.09
2014.05.13 05:49:50.682,0.81537,0.81546,4.39,1.25
2014.05.13 05:49:51.287,0.81537,0.81546,2.14,1.09
2014.05.13 05:50:13.410,0.81538,0.81546,1.69,1.09
2014.05.13 05:50:14.414,0.81538,0.81546,1.69,1.09
2014.05.13 05:50:52.604,0.81537,0.81546,1.25,1.19
2014.05.13 05:50:59.470,0.81536,0.81545,1.29,1.09
2014.05.13 05:51:00.117,0.81536,0.81545,1.37,1.02
2014.05.13 05:51:01.500,0.81537,0.81546,1.25,1.34
2014.05.13 05:51:02.005,0.81535,0.81544,1.39,1.37
2014.05.13 05:51:02.645,0.81534,0.81543,3.94,1.77
2014.05.13 05:51:04.454,0.81534,0.81542,1.69,1.25
2014.05.13 05:51:14.094,0.81534,0.81543,2.44,2.52
2014.05.13 05:51:15.286,0.81534,0.81543,2.44,2.52
2014.05.13 05:51:15.929,0.81534,0.81543,1.77,2.59
2014.05.13 05:51:16.840,0.81534,0.81542,1.02,1.29
2014.05.13 05:51:19.702,0.81534,0.81542,1.02,1.02
2014.05.13 05:51:22.365,0.81534,0.81543,1.77,1.84
2014.05.13 05:51:24.867,0.81534,0.81543,1.84,1.77
2014.05.13 05:51:28.962,0.81534,0.81543,1.84,1.77
2014.05.13 05:51:38.766,0.81534,0.81542,1.09,1.02
2014.05.13 05:51:39.426,0.81534,0.81543,1.84,1.77
2014.05.13 05:51:43.121,0.81534,0.81543,1.77,1.84
2014.05.13 05:51:45.391,0.81534,0.81543,1.84,1.77
2014.05.13 05:51:46.662,0.81534,0.81541,1.09,1.00
2014.05.13 05:51:47.349,0.81534,0.81541,1.02,1.00
2014.05.13 05:51:48.009,0.81534,0.81541,1.29,1.00
2014.05.13 05:51:54.280,0.81534,0.81541,1.02,1.00
2014.05.13 05:51:54.758,0.81532,0.81541,2.29,2.59
2014.05.13 05:51:55.679,0.81532,0.81539,1.35,1.02
2014.05.13 05:51:55.982,0.8153,0.81538,1.19,1.18
2014.05.13 05:51:56.640,0.8153,0.81537,1.19,1.18
2014.05.13 05:51:57.175,0.81529,0.81537,1.32,1.09
2014.05.13 05:51:57.750,0.81529,0.81537,1.32,1.09
2014.05.13 05:52:00.662,0.81529,0.81537,1.19,1.09
2014.05.13 05:52:09.106,0.81529,0.81537,1.25,1.09
2014.05.13 05:52:09.409,0.81529,0.81537,1.25,3.27
2014.05.13 05:52:10.287,0.81527,0.81536,1.92,1.34
2014.05.13 05:52:10.855,0.81527,0.81536,1.92,3.27
2014.05.13 05:52:11.405,0.81527,0.81535,1.92,3.27
2014.05.13 05:52:20.828,0.81527,0.81535,1.92,3.27
2014.05.13 05:52:24.739,0.81527,0.81535,1.92,3.27
2014.05.13 05:52:26.109,0.81526,0.81535,2.14,2.25
2014.05.13 05:52:26.170,0.81526,0.81536,4.39,1.00
2014.05.13 05:52:26.271,0.81526,0.81534,1.67,1.10
2014.05.13 05:52:26.775,0.81528,0.81536,1.25,1.09
2014.05.13 05:52:39.509,0.81528,0.81537,1.09,1.77
2014.05.13 05:52:41.407,0.81528,0.81537,1.37,1.77
2014.05.13 05:52:44.706,0.81528,0.81537,1.29,1.84
2014.05.13 05:52:45.394,0.81529,0.81537,1.02,1.02
2014.05.13 05:52:45.697,0.81529,0.81536,1.40,1.00
2014.05.13 05:52:46.668,0.81529,0.81536,3.27,1.00
2014.05.13 05:52:49.216,0.81531,0.81539,1.09,1.69
2014.05.13 05:52:51.863,0.81533,0.8154,1.00,1.39
2014.05.13 05:52:52.368,0.81533,0.8154,1.00,1.39
2014.05.13 05:52:52.939,0.81533,0.8154,1.00,1.39
2014.05.13 05:52:55.412,0.81533,0.8154,1.18,1.32
2014.05.13 05:52:59.420,0.81533,0.81541,3.45,1.00
2014.05.13 05:52:59.723,0.81536,0.81544,2.33,1.19
2014.05.13 05:52:59.825,0.81537,0.81545,2.89,3.19
2014.05.13 05:53:00.339,0.81538,0.81547,3.27,1.69
2014.05.13 05:53:00.799,0.8154,0.81547,2.33,1.50
2014.05.13 05:53:01.322,0.8154,0.81547,1.40,1.00
2014.05.13 05:53:02.437,0.8154,0.81547,3.27,1.00
2014.05.13 05:53:02.954,0.8154,0.81547,1.47,1.00
2014.05.13 05:53:11.562,0.8154,0.81549,2.22,1.69
2014.05.13 05:53:11.865,0.81541,0.81549,2.33,1.32
2014.05.13 05:53:12.866,0.81543,0.8155,1.18,1.57
2014.05.13 05:53:13.539,0.81543,0.8155,1.10,2.07
2014.05.13 05:53:15.130,0.81543,0.81549,1.10,1.63
2014.05.13 05:53:17.216,0.81543,0.81548,1.10,1.25
2014.05.13 05:53:17.722,0.81543,0.81548,1.18,1.25
2014.05.13 05:53:18.293,0.81543,0.81549,1.18,1.25
2014.05.13 05:53:18.836,0.81543,0.81549,1.18,1.63
2014.05.13 05:53:20.057,0.81543,0.81549,1.20,1.63
2014.05.13 05:53:20.720,0.81544,0.81549,1.00,1.63
2014.05.13 05:53:21.238,0.8154,0.81549,3.27,1.63
2014.05.13 05:53:24.205,0.81542,0.81549,1.18,1.63
2014.05.13 05:53:27.059,0.81544,0.81549,1.00,1.19
2014.05.13 05:53:27.564,0.81544,0.81549,1.00,1.32
2014.05.13 05:53:28.067,0.81544,0.8155,1.00,1.63
2014.05.13 05:53:36.436,0.81541,0.8155,1.84,1.63
2014.05.13 05:53:37.375,0.81541,0.81548,1.15,1.19
2014.05.13 05:53:37.680,0.81539,0.81546,3.08,1.32
2014.05.13 05:53:37.731,0.81539,0.81546,1.18,1.32
2014.05.13 05:53:38.263,0.81539,0.81546,1.10,1.19
2014.05.13 05:53:43.535,0.81539,0.81547,1.10,2.14
2014.05.13 05:53:46.414,0.81539,0.81546,1.10,1.92
2014.05.13 05:53:46.919,0.81539,0.81545,1.10,1.32
2014.05.13 05:53:49.763,0.81538,0.81545,1.00,1.29
2014.05.13 05:53:50.306,0.81538,0.81546,1.00,1.27
2014.05.13 05:53:51.348,0.81538,0.81547,1.77,1.09
2014.05.13 05:53:53.354,0.81538,0.81545,1.10,1.19
2014.05.13 05:53:53.859,0.81536,0.81545,1.47,1.77
2014.05.13 05:53:54.393,0.81536,0.81543,1.32,1.10
2014.05.13 05:53:55.454,0.81535,0.81543,1.78,1.25
2014.05.13 05:53:56.653,0.81535,0.81543,1.37,1.13
2014.05.13 05:53:57.724,0.81534,0.81543,2.22,2.82
2014.05.13 05:53:58.356,0.81534,0.81543,2.22,2.89
2014.05.13 05:53:59.000,0.81534,0.81542,1.47,1.25
2014.05.13 05:54:00.855,0.81534,0.81542,3.27,1.25
2014.05.13 05:54:01.373,0.81535,0.81543,1.72,1.25
2014.05.13 05:54:01.676,0.81539,0.81546,1.00,1.27
2014.05.13 05:54:02.650,0.81539,0.81545,1.00,1.63
2014.05.13 05:54:03.166,0.81539,0.81545,1.00,1.32
2014.05.13 05:54:03.950,0.81539,0.81544,1.00,1.25
2014.05.13 05:54:04.487,0.81536,0.81544,1.47,1.25
2014.05.13 05:54:04.993,0.81539,0.81546,1.00,1.39
2014.05.13 05:54:05.505,0.81539,0.81545,1.00,1.32
2014.05.13 05:54:06.905,0.81539,0.81546,1.00,1.29
2014.05.13 05:54:07.906,0.81539,0.81544,1.00,1.25
2014.05.13 05:54:08.423,0.81538,0.81544,1.10,1.32
2014.05.13 05:54:08.878,0.81539,0.81546,1.00,1.02
2014.05.13 05:54:09.383,0.81539,0.81546,1.18,1.25
2014.05.13 05:54:09.910,0.81539,0.81546,1.10,1.25
2014.05.13 05:54:10.698,0.81539,0.81548,1.02,4.69
2014.05.13 05:54:15.701,0.81539,0.81548,1.29,3.19
2014.05.13 05:54:16.836,0.81539,0.81548,1.02,3.19
2014.05.13 05:54:17.698,0.8154,0.81548,1.00,1.37
2014.05.13 05:54:17.749,0.8154,0.81548,1.08,1.29
2014.05.13 05:54:18.204,0.8154,0.81549,1.34,1.69
2014.05.13 05:54:19.382,0.8154,0.81549,1.37,1.77
2014.05.13 05:54:21.214,0.81541,0.81549,1.09,1.02
2014.05.13 05:54:21.724,0.81541,0.8155,1.84,3.94
2014.05.13 05:54:22.642,0.81544,0.8155,1.00,1.69
2014.05.13 05:54:24.167,0.81544,0.8155,1.10,1.25
2014.05.13 05:54:31.383,0.81544,0.8155,1.10,1.63
2014.05.13 05:54:39.195,0.81544,0.8155,1.10,1.32
2014.05.13 05:54:40.900,0.81544,0.8155,1.10,1.32
2014.05.13 05:54:43.424,0.81544,0.8155,1.10,1.32
2014.05.13 05:54:46.821,0.81544,0.8155,1.10,1.32
2014.05.13 05:54:58.873,0.81544,0.8155,1.00,1.77
2014.05.13 05:54:59.936,0.81544,0.8155,1.00,1.77
2014.05.13 05:55:04.341,0.81541,0.8155,1.84,1.29
2014.05.13 05:55:06.852,0.81541,0.8155,2.22,2.14
2014.05.13 05:55:07.399,0.81544,0.8155,1.10,1.19
2014.05.13 05:55:07.976,0.81544,0.8155,1.10,1.25
2014.05.13 05:55:10.752,0.81544,0.81551,1.10,1.25
2014.05.13 05:55:11.258,0.81544,0.81551,1.10,1.63
2014.05.13 05:55:12.803,0.81544,0.81553,1.77,3.72
2014.05.13 05:55:13.057,0.81544,0.81553,1.77,2.22
2014.05.13 05:55:13.562,0.81545,0.81553,1.00,3.34
2014.05.13 05:55:14.089,0.81545,0.81552,1.18,1.25
2014.05.13 05:55:14.786,0.81545,0.81551,1.18,1.25
2014.05.13 05:55:15.316,0.81545,0.81551,1.10,2.07
2014.05.13 05:55:15.821,0.81545,0.81551,1.10,2.07
2014.05.13 05:55:18.556,0.81545,0.8155,1.10,1.32
2014.05.13 05:55:19.075,0.81547,0.81551,1.00,1.25
2014.05.13 05:55:19.621,0.81546,0.81551,1.00,1.63
2014.05.13 05:55:31.596,0.81544,0.81552,1.18,2.07
2014.05.13 05:55:34.315,0.81545,0.8155,1.00,1.39
2014.05.13 05:55:36.905,0.81545,0.8155,1.00,1.69
2014.05.13 05:55:42.034,0.81545,0.81549,1.00,1.25
2014.05.13 05:55:42.992,0.81545,0.81551,1.00,1.32
2014.05.13 05:55:44.614,0.81545,0.81553,1.25,1.84
2014.05.13 05:55:45.271,0.81545,0.81553,1.09,1.69
2014.05.13 05:55:45.777,0.81546,0.81553,1.37,1.00
2014.05.13 05:55:46.282,0.81547,0.81555,1.33,5.07
2014.05.13 05:55:46.738,0.81547,0.81555,1.02,2.52
2014.05.13 05:55:46.890,0.81551,0.81556,1.00,1.13
2014.05.13 05:55:47.194,0.81547,0.81555,1.84,1.25
2014.05.13 05:55:47.733,0.8155,0.81556,1.00,1.32
2014.05.13 05:55:48.251,0.8155,0.81557,1.00,2.14
2014.05.13 05:55:57.715,0.8155,0.81557,1.00,2.14
2014.05.13 05:56:00.956,0.8155,0.81557,1.00,2.14
2014.05.13 05:56:12.223,0.8155,0.81555,1.00,1.00
2014.05.13 05:56:12.727,0.8155,0.81557,1.18,2.07
2014.05.13 05:56:13.234,0.81552,0.81558,1.10,2.07
2014.05.13 05:56:13.981,0.81549,0.81557,1.40,1.63
2014.05.13 05:56:14.234,0.81552,0.81557,1.00,1.25
2014.05.13 05:56:14.790,0.81552,0.81558,1.10,1.00
2014.05.13 05:56:15.303,0.81552,0.81559,1.18,2.67
2014.05.13 05:56:18.478,0.81552,0.81557,1.10,1.13
2014.05.13 05:56:23.371,0.81552,0.81556,1.00,1.00
2014.05.13 05:56:25.813,0.81552,0.81558,1.00,1.63
2014.05.13 05:56:26.340,0.81552,0.81558,1.00,1.32
2014.05.13 05:56:26.917,0.81552,0.81558,1.00,1.48
2014.05.13 05:56:39.132,0.81552,0.81557,1.00,1.25
2014.05.13 05:56:39.436,0.81555,0.81559,1.00,1.95
2014.05.13 05:56:39.840,0.81555,0.81561,1.00,2.33
2014.05.13 05:56:40.345,0.81554,0.81561,3.34,1.00
2014.05.13 05:56:41.896,0.81554,0.81561,4.02,1.00
2014.05.13 05:56:42.437,0.81554,0.81561,1.84,1.00
2014.05.13 05:56:45.791,0.81554,0.81562,1.84,1.00
2014.05.13 05:56:48.111,0.81554,0.81561,1.84,1.00
2014.05.13 05:56:51.886,0.81554,0.81562,1.40,2.07
2014.05.13 05:56:52.434,0.81554,0.81562,5.14,1.25
2014.05.13 05:56:52.965,0.81554,0.81562,2.97,1.25
2014.05.13 05:56:53.527,0.81554,0.81563,3.72,2.07
2014.05.13 05:56:56.588,0.81554,0.81563,3.34,2.07
2014.05.13 05:57:01.170,0.81554,0.81563,3.34,2.14
2014.05.13 05:57:01.685,0.81554,0.81562,1.40,1.32
2014.05.13 05:57:02.205,0.81554,0.81562,1.09,2.07
2014.05.13 05:57:04.855,0.81554,0.81562,1.09,2.07
2014.05.13 05:57:07.120,0.81554,0.81562,1.09,2.07
2014.05.13 05:57:07.724,0.81554,0.81562,1.84,1.32
2014.05.13 05:57:12.733,0.81554,0.81562,1.84,1.63
2014.05.13 05:57:13.489,0.81554,0.81562,1.84,1.32
2014.05.13 05:57:15.172,0.81554,0.81562,1.40,2.07
2014.05.13 05:57:16.662,0.81554,0.81562,1.40,2.07
2014.05.13 05:57:25.219,0.81554,0.81563,1.84,1.32
2014.05.13 05:57:25.937,0.81554,0.81563,4.02,1.32
2014.05.13 05:57:35.222,0.81555,0.81563,3.27,1.13
2014.05.13 05:57:35.763,0.81556,0.81564,1.09,1.63
2014.05.13 05:57:41.974,0.81558,0.81563,1.00,1.32
2014.05.13 05:57:42.480,0.81554,0.81563,4.62,2.07
2014.05.13 05:57:43.385,0.81554,0.81563,4.99,1.69
2014.05.13 05:57:45.879,0.81554,0.81563,4.99,1.69
2014.05.13 05:57:46.639,0.81559,0.81563,1.00,1.25
2014.05.13 05:57:46.943,0.81556,0.81565,2.22,1.39
2014.05.13 05:57:47.449,0.81557,0.81565,1.45,1.19
2014.05.13 05:57:47.701,0.81559,0.81566,1.10,1.69
2014.05.13 05:57:50.031,0.81558,0.81566,1.09,1.77
2014.05.13 05:57:51.122,0.81558,0.81566,1.25,1.77
2014.05.13 05:57:51.659,0.81558,0.81564,1.00,1.25
2014.05.13 05:57:52.949,0.81558,0.81566,1.00,2.22
2014.05.13 05:57:53.330,0.81561,0.81566,1.00,1.32
2014.05.13 05:57:53.734,0.81558,0.81566,1.50,1.69
2014.05.13 05:57:54.269,0.81558,0.81566,1.69,1.69
2014.05.13 05:57:54.847,0.81558,0.81566,1.69,1.69
2014.05.13 05:57:56.193,0.81558,0.81566,2.44,1.25
2014.05.13 05:57:58.908,0.81558,0.81566,2.82,1.25
2014.05.13 05:58:05.388,0.81558,0.81566,2.82,1.25
2014.05.13 05:58:10.291,0.81558,0.81566,2.82,1.00
2014.05.13 05:58:10.494,0.81559,0.81567,2.52,1.25
2014.05.13 05:58:10.999,0.81558,0.81567,7.17,1.25
2014.05.13 05:58:11.520,0.81559,0.81568,1.47,2.07
2014.05.13 05:58:13.241,0.81559,0.81568,3.64,1.25
2014.05.13 05:58:13.545,0.81558,0.81566,2.44,1.63
2014.05.13 05:58:14.150,0.81558,0.81566,2.44,1.32
2014.05.13 05:58:14.445,0.81561,0.81569,1.33,1.77
2014.05.13 05:58:15.190,0.81561,0.81569,1.84,1.02
2014.05.13 05:58:20.583,0.81561,0.81569,1.77,1.39
2014.05.13 05:58:20.886,0.81561,0.81566,1.00,2.14
2014.05.13 05:58:20.937,0.81558,0.81566,1.10,2.14
2014.05.13 05:58:21.473,0.81559,0.81565,1.00,1.25
2014.05.13 05:58:21.984,0.81559,0.81565,1.10,1.69
2014.05.13 05:58:23.027,0.81559,0.81565,1.10,1.69
2014.05.13 05:58:28.113,0.81559,0.81565,1.10,1.19
2014.05.13 05:58:28.634,0.81559,0.81565,1.18,1.19
2014.05.13 05:58:29.321,0.81559,0.81565,1.10,1.69
2014.05.13 05:58:30.181,0.81556,0.81565,2.22,1.69
2014.05.13 05:58:32.769,0.81555,0.81564,3.64,1.69
2014.05.13 05:58:34.986,0.81555,0.81564,3.64,1.69
2014.05.13 05:58:43.130,0.81555,0.81564,3.64,1.19
2014.05.13 05:58:45.329,0.81555,0.81563,2.33,1.32
2014.05.13 05:58:46.702,0.81555,0.81563,2.52,1.32
2014.05.13 05:58:49.237,0.81554,0.81563,6.19,1.32
2014.05.13 05:58:49.843,0.81554,0.81563,1.84,2.07
2014.05.13 05:58:51.345,0.81554,0.81562,1.15,1.32
2014.05.13 05:58:59.104,0.81554,0.81562,1.18,2.07
2014.05.13 05:59:03.579,0.81554,0.81561,1.15,1.25
2014.05.13 05:59:04.118,0.81554,0.81561,1.18,1.25
2014.05.13 05:59:04.642,0.81554,0.81561,1.15,1.25
2014.05.13 05:59:05.207,0.81554,0.81561,1.15,1.19
2014.05.13 05:59:06.542,0.81554,0.81561,1.18,1.19
2014.05.13 05:59:07.154,0.81554,0.81561,1.18,1.25
2014.05.13 05:59:09.040,0.81554,0.81561,1.15,1.25
2014.05.13 05:59:11.442,0.81554,0.81561,1.15,1.25
2014.05.13 05:59:12.568,0.81554,0.81561,1.15,1.25
2014.05.13 05:59:13.792,0.81554,0.81561,1.15,1.19
2014.05.13 05:59:14.981,0.81554,0.81561,1.18,1.19
2014.05.13 05:59:15.518,0.81554,0.81561,1.10,1.19
2014.05.13 05:59:17.040,0.81554,0.81561,1.10,1.25
2014.05.13 05:59:19.247,0.81556,0.81563,2.33,3.75
2014.05.13 05:59:19.777,0.81555,0.81562,2.33,1.13
2014.05.13 05:59:23.288,0.81555,0.81563,2.52,1.19
2014.05.13 05:59:23.562,0.81556,0.81564,3.27,2.44
2014.05.13 05:59:24.097,0.81556,0.81565,2.22,2.82
2014.05.13 05:59:24.660,0.81556,0.81564,1.15,1.32
2014.05.13 05:59:25.706,0.81555,0.81563,2.33,2.44
2014.05.13 05:59:26.745,0.81554,0.81563,4.02,2.44
2014.05.13 05:59:27.710,0.81555,0.81563,2.33,2.44
2014.05.13 05:59:29.247,0.81555,0.81563,3.27,1.69
2014.05.13 05:59:30.144,0.81558,0.81563,1.18,1.50
2014.05.13 05:59:30.253,0.8156,0.81567,2.33,2.44
2014.05.13 05:59:30.711,0.8156,0.81565,2.25,1.50
2014.05.13 05:59:31.326,0.81561,0.81568,2.33,2.25
2014.05.13 05:59:33.139,0.81562,0.81568,2.25,2.63
2014.05.13 05:59:36.835,0.81561,0.81566,2.25,1.50
2014.05.13 05:59:36.890,0.81559,0.81566,3.27,1.50
2014.05.13 05:59:37.043,0.81561,0.81566,2.25,1.50
2014.05.13 05:59:37.550,0.81562,0.8157,2.33,3.75
2014.05.13 05:59:38.906,0.81563,0.8157,2.33,3.38
2014.05.13 05:59:39.452,0.81563,0.81569,2.33,1.13
2014.05.13 05:59:41.195,0.81563,0.81567,2.18,1.50
2014.05.13 05:59:41.726,0.81563,0.8157,2.33,3.75
2014.05.13 05:59:45.624,0.81563,0.81567,2.18,1.50
2014.05.13 05:59:46.147,0.81562,0.81566,2.18,2.25
2014.05.13 05:59:48.017,0.81562,0.8157,2.33,5.33
2014.05.13 05:59:48.068,0.81559,0.81566,2.52,2.25
2014.05.13 05:59:48.682,0.8156,0.81568,2.33,1.69
2014.05.13 05:59:50.417,0.81558,0.81566,3.27,2.44
2014.05.13 05:59:52.267,0.81558,0.81566,1.33,2.52
2014.05.13 05:59:52.318,0.81558,0.81566,1.25,2.59
2014.05.13 05:59:52.723,0.81557,0.81565,1.25,3.34
2014.05.13 05:59:53.026,0.81557,0.81563,1.00,1.77
2014.05.13 05:59:55.236,0.81557,0.81564,1.00,1.19
2014.05.13 05:59:55.742,0.81557,0.81562,1.00,2.44
2014.05.13 05:59:56.506,0.81557,0.81562,1.00,1.19
2014.05.13 05:59:57.788,0.81557,0.81562,1.00,1.25
