2016.08.31 08:00:00.336,0.85005,0.8501,1.00,1.00
2016.08.31 08:00:00.389,0.85003,0.8501,1.00,1.00
2016.08.31 08:00:02.762,0.85003,0.85011,1.00,2.32
2016.08.31 08:00:02.915,0.85002,0.8501,1.10,1.00
2016.08.31 08:00:03.410,0.85002,0.8501,1.57,1.00
2016.08.31 08:00:03.461,0.85004,0.85009,1.00,1.00
2016.08.31 08:00:04.527,0.85002,0.85009,1.10,1.00
2016.08.31 08:00:04.644,0.85001,0.85009,3.37,1.00
2016.08.31 08:00:04.721,0.85004,0.8501,1.00,1.00
2016.08.31 08:00:05.028,0.85004,0.85011,1.00,1.57
2016.08.31 08:00:05.080,0.85004,0.85011,1.00,1.80
2016.08.31 08:00:05.185,0.85004,0.85011,1.00,1.57
2016.08.31 08:00:05.339,0.85004,0.85011,1.00,1.80
2016.08.31 08:00:05.444,0.85004,0.85011,1.00,1.57
2016.08.31 08:00:05.834,0.85003,0.8501,1.00,1.12
2016.08.31 08:00:05.885,0.85003,0.85009,1.00,1.00
2016.08.31 08:00:05.989,0.85002,0.8501,1.00,2.32
2016.08.31 08:00:06.092,0.85003,0.8501,1.00,3.37
2016.08.31 08:00:06.144,0.85003,0.8501,1.00,3.45
2016.08.31 08:00:06.320,0.85005,0.8501,1.00,1.95
2016.08.31 08:00:06.371,0.85005,0.8501,1.00,1.47
2016.08.31 08:00:06.423,0.85005,0.8501,1.00,1.20
2016.08.31 08:00:06.475,0.85005,0.85011,1.00,3.07
2016.08.31 08:00:06.526,0.85004,0.8501,1.00,1.10
2016.08.31 08:00:06.578,0.85005,0.85011,1.00,2.32
2016.08.31 08:00:06.630,0.85005,0.85009,1.00,1.10
2016.08.31 08:00:06.785,0.85005,0.85009,1.00,1.00
2016.08.31 08:00:06.926,0.85003,0.85009,1.00,1.00
2016.08.31 08:00:07.022,0.85002,0.85009,1.00,1.76
2016.08.31 08:00:07.074,0.85002,0.85009,1.00,1.87
2016.08.31 08:00:07.176,0.85002,0.85008,1.00,1.10
2016.08.31 08:00:07.594,0.85001,0.85009,1.00,2.62
2016.08.31 08:00:07.646,0.85001,0.85009,1.00,3.60
2016.08.31 08:00:07.768,0.85001,0.85007,1.00,1.24
2016.08.31 08:00:07.871,0.85,0.85008,1.00,3.56
2016.08.31 08:00:07.922,0.85001,0.85008,1.00,4.31
2016.08.31 08:00:07.974,0.85001,0.85007,1.00,1.00
2016.08.31 08:00:08.230,0.85,0.85008,1.00,4.65
2016.08.31 08:00:08.282,0.85001,0.85008,1.00,3.34
2016.08.31 08:00:08.333,0.85001,0.85008,1.00,1.84
2016.08.31 08:00:08.384,0.85001,0.85008,1.00,2.59
2016.08.31 08:00:08.487,0.85001,0.85008,1.00,1.65
2016.08.31 08:00:08.988,0.85001,0.85008,1.00,2.59
2016.08.31 08:00:09.040,0.85001,0.85008,1.00,1.65
2016.08.31 08:00:09.143,0.85001,0.85008,1.00,3.15
2016.08.31 08:00:09.245,0.85,0.85008,1.00,3.37
2016.08.31 08:00:09.372,0.85,0.85008,1.00,4.80
2016.08.31 08:00:09.440,0.85,0.85008,1.00,6.07
2016.08.31 08:00:09.511,0.85,0.85008,1.00,6.82
2016.08.31 08:00:09.562,0.85,0.85008,1.00,5.55
2016.08.31 08:00:09.637,0.85,0.85007,1.00,1.20
2016.08.31 08:00:10.172,0.85001,0.85007,1.00,1.10
2016.08.31 08:00:10.275,0.85001,0.85007,1.00,1.00
2016.08.31 08:00:10.532,0.85,0.85008,1.00,2.32
2016.08.31 08:00:10.693,0.85,0.85008,1.00,3.07
2016.08.31 08:00:10.920,0.85001,0.85008,1.00,2.32
2016.08.31 08:00:11.128,0.85001,0.85008,1.00,1.57
2016.08.31 08:00:11.231,0.85003,0.85009,1.00,1.20
2016.08.31 08:00:11.334,0.85003,0.8501,1.00,1.50
2016.08.31 08:00:11.386,0.85001,0.85009,1.50,1.20
2016.08.31 08:00:11.437,0.85001,0.85009,1.50,1.10
2016.08.31 08:00:11.488,0.85001,0.85009,1.00,1.24
2016.08.31 08:00:11.565,0.85001,0.85009,1.00,1.10
2016.08.31 08:00:11.616,0.85003,0.8501,1.00,1.50
2016.08.31 08:00:11.720,0.85004,0.8501,1.00,1.20
2016.08.31 08:00:11.874,0.85003,0.8501,1.00,1.10
2016.08.31 08:00:12.028,0.85002,0.8501,1.00,1.57
2016.08.31 08:00:12.079,0.85002,0.85008,1.00,1.50
2016.08.31 08:00:13.455,0.85002,0.85008,1.00,1.69
2016.08.31 08:00:13.506,0.85002,0.85008,1.00,2.81
2016.08.31 08:00:13.558,0.85,0.85007,1.00,2.62
2016.08.31 08:00:13.609,0.85,0.85007,1.00,1.87
2016.08.31 08:00:13.661,0.84999,0.85006,1.10,1.00
2016.08.31 08:00:13.712,0.84998,0.85006,1.00,3.00
2016.08.31 08:00:13.764,0.84998,0.85006,1.00,3.75
2016.08.31 08:00:13.815,0.84998,0.85005,1.00,1.50
2016.08.31 08:00:13.867,0.84999,0.85005,1.00,1.00
2016.08.31 08:00:13.918,0.84999,0.85006,1.00,3.07
2016.08.31 08:00:14.024,0.84999,0.85006,1.00,2.32
2016.08.31 08:00:14.127,0.85001,0.85006,1.00,2.32
2016.08.31 08:00:14.178,0.85001,0.85006,1.00,1.10
2016.08.31 08:00:14.333,0.85001,0.85007,1.00,1.65
2016.08.31 08:00:14.385,0.85001,0.85007,1.00,1.76
2016.08.31 08:00:14.447,0.85001,0.85007,1.00,1.57
2016.08.31 08:00:14.652,0.85001,0.85007,1.00,1.76
2016.08.31 08:00:14.812,0.85001,0.85006,1.00,1.00
2016.08.31 08:00:14.914,0.85001,0.85007,1.00,1.00
2016.08.31 08:00:15.119,0.85001,0.85009,1.00,2.44
2016.08.31 08:00:15.170,0.85001,0.85009,1.00,3.41
2016.08.31 08:00:16.163,0.85001,0.85009,1.00,2.25
2016.08.31 08:00:16.317,0.85001,0.85009,1.00,3.75
2016.08.31 08:00:16.368,0.85,0.85008,1.00,1.65
2016.08.31 08:00:16.421,0.85,0.85008,1.00,3.15
2016.08.31 08:00:16.473,0.85,0.85006,1.00,1.00
2016.08.31 08:00:16.524,0.84999,0.85006,1.12,1.00
2016.08.31 08:00:16.645,0.84999,0.85007,1.12,4.01
2016.08.31 08:00:16.697,0.84999,0.85006,1.12,1.00
2016.08.31 08:00:16.800,0.84999,0.85006,1.00,1.00
2016.08.31 08:00:17.875,0.84998,0.85006,1.00,1.50
2016.08.31 08:00:17.977,0.84998,0.85005,1.00,1.00
2016.08.31 08:00:18.388,0.84998,0.85006,1.00,1.50
2016.08.31 08:00:18.540,0.84999,0.85006,1.00,1.00
2016.08.31 08:00:18.592,0.84999,0.85007,1.00,2.40
2016.08.31 08:00:18.694,0.84999,0.85006,1.00,1.00
2016.08.31 08:00:18.898,0.84999,0.85005,1.00,1.00
2016.08.31 08:00:19.255,0.84997,0.85005,1.65,2.47
2016.08.31 08:00:19.307,0.84997,0.85005,1.20,3.22
2016.08.31 08:00:19.398,0.84997,0.85003,1.10,1.00
2016.08.31 08:00:19.449,0.84998,0.85003,1.00,1.00
2016.08.31 08:00:19.501,0.84998,0.85004,1.00,2.32
2016.08.31 08:00:19.558,0.84998,0.85004,1.00,1.57
2016.08.31 08:00:19.654,0.84998,0.85004,1.00,1.10
2016.08.31 08:00:20.673,0.84999,0.85006,1.00,2.25
2016.08.31 08:00:20.725,0.85,0.85007,1.00,6.04
2016.08.31 08:00:20.776,0.85,0.85007,1.00,3.37
2016.08.31 08:00:20.827,0.85,0.85007,1.00,1.47
2016.08.31 08:00:20.880,0.85001,0.85007,1.00,1.10
2016.08.31 08:00:20.979,0.85001,0.85008,1.00,1.20
2016.08.31 08:00:21.133,0.85,0.85008,1.00,1.95
2016.08.31 08:00:21.389,0.85,0.85008,1.00,2.14
2016.08.31 08:00:21.594,0.85002,0.85008,1.00,1.39
2016.08.31 08:00:21.772,0.85002,0.8501,1.00,6.60
2016.08.31 08:00:21.875,0.85003,0.8501,1.00,5.85
2016.08.31 08:00:21.926,0.85003,0.8501,1.00,5.10
2016.08.31 08:00:22.028,0.85002,0.85009,1.00,1.50
2016.08.31 08:00:22.080,0.85002,0.85009,1.00,2.47
2016.08.31 08:00:22.131,0.85002,0.85008,1.00,1.20
2016.08.31 08:00:22.388,0.85,0.85008,1.50,1.39
2016.08.31 08:00:22.508,0.85,0.85008,1.50,1.20
2016.08.31 08:00:23.645,0.85,0.85007,1.50,1.57
2016.08.31 08:00:23.851,0.85,0.85008,1.50,1.20
2016.08.31 08:00:24.131,0.85,0.85008,1.50,1.95
2016.08.31 08:00:25.101,0.85,0.85006,1.50,1.00
2016.08.31 08:00:29.036,0.85,0.85006,1.00,1.00
2016.08.31 08:00:29.191,0.84999,0.85008,4.05,1.20
2016.08.31 08:00:29.504,0.84999,0.85008,3.07,1.20
2016.08.31 08:00:29.709,0.85,0.85008,1.00,1.20
2016.08.31 08:00:29.913,0.85,0.85008,1.50,1.20
2016.08.31 08:00:30.683,0.85,0.85008,1.69,1.20
2016.08.31 08:00:30.842,0.85,0.85008,1.69,1.10
2016.08.31 08:00:30.893,0.85,0.85008,1.50,1.00
2016.08.31 08:00:32.129,0.85,0.85008,2.25,1.00
2016.08.31 08:00:32.180,0.85,0.85008,3.56,1.00
2016.08.31 08:00:32.231,0.85001,0.85008,1.00,1.00
2016.08.31 08:00:32.334,0.85,0.85008,3.56,1.00
2016.08.31 08:00:32.571,0.85,0.85008,3.37,1.00
2016.08.31 08:00:32.673,0.85,0.85008,2.62,1.00
2016.08.31 08:00:32.826,0.85,0.85008,1.87,1.00
2016.08.31 08:00:33.284,0.85001,0.85008,1.00,1.00
2016.08.31 08:00:33.675,0.85,0.85008,1.87,1.00
2016.08.31 08:00:33.727,0.85,0.85008,1.12,1.00
2016.08.31 08:00:36.707,0.85,0.85008,1.12,1.50
2016.08.31 08:00:37.911,0.85,0.85007,1.12,1.00
2016.08.31 08:00:38.115,0.85,0.85007,1.00,1.00
2016.08.31 08:00:44.461,0.84999,0.85007,2.32,1.00
2016.08.31 08:00:44.564,0.85,0.85008,1.00,2.25
2016.08.31 08:00:44.719,0.85,0.85008,1.87,1.87
2016.08.31 08:00:44.942,0.85001,0.85008,1.00,1.87
2016.08.31 08:00:44.994,0.85001,0.85008,1.00,2.62
2016.08.31 08:00:45.739,0.85,0.85007,1.12,2.32
2016.08.31 08:00:45.791,0.85,0.85007,1.12,1.57
2016.08.31 08:00:45.842,0.84999,0.85007,2.32,1.10
2016.08.31 08:00:45.894,0.84999,0.85007,3.30,1.10
2016.08.31 08:00:45.973,0.85,0.85007,1.12,1.10
2016.08.31 08:00:46.025,0.85,0.85008,1.87,1.00
2016.08.31 08:00:46.937,0.85,0.85006,1.87,1.00
2016.08.31 08:00:47.142,0.85,0.85006,1.12,1.00
2016.08.31 08:00:47.268,0.85001,0.85008,1.00,1.00
2016.08.31 08:00:47.320,0.85002,0.85009,1.50,1.10
2016.08.31 08:00:47.372,0.85002,0.85009,1.50,1.00
2016.08.31 08:00:47.458,0.85001,0.85009,3.00,1.00
2016.08.31 08:00:47.509,0.85001,0.85009,1.69,1.00
2016.08.31 08:00:47.612,0.85001,0.85009,1.50,1.00
2016.08.31 08:00:47.817,0.85001,0.85009,1.69,1.00
2016.08.31 08:00:47.895,0.85001,0.85009,1.12,1.00
2016.08.31 08:00:48.460,0.85001,0.85009,1.12,1.12
2016.08.31 08:00:48.511,0.85001,0.85008,1.12,1.00
2016.08.31 08:00:48.685,0.85,0.85006,3.00,1.00
2016.08.31 08:00:48.840,0.84999,0.85007,1.50,1.00
2016.08.31 08:00:48.943,0.84999,0.85007,2.10,1.00
2016.08.31 08:00:48.994,0.84999,0.85008,1.87,1.57
2016.08.31 08:00:49.046,0.85,0.85008,1.00,1.57
2016.08.31 08:00:49.150,0.85,0.85008,1.00,1.57
2016.08.31 08:00:49.483,0.85001,0.85008,1.00,1.57
2016.08.31 08:00:49.741,0.85001,0.85008,1.00,3.45
2016.08.31 08:00:50.149,0.85001,0.85008,1.00,2.70
2016.08.31 08:00:50.386,0.85001,0.85006,1.00,1.00
2016.08.31 08:00:50.439,0.85,0.85006,1.00,1.00
2016.08.31 08:00:50.542,0.84999,0.85006,1.12,1.00
2016.08.31 08:00:52.044,0.84998,0.85006,3.45,1.00
2016.08.31 08:00:52.148,0.85,0.85008,1.00,1.95
2016.08.31 08:00:52.726,0.85001,0.85008,1.00,1.95
2016.08.31 08:00:53.310,0.85001,0.85008,1.00,1.20
2016.08.31 08:00:53.412,0.85001,0.85008,1.00,1.95
2016.08.31 08:00:53.817,0.85001,0.85008,1.00,1.20
2016.08.31 08:00:53.868,0.85001,0.85006,1.00,1.00
2016.08.31 08:00:54.297,0.85001,0.85008,1.00,1.10
2016.08.31 08:00:54.501,0.85001,0.85007,1.00,1.00
2016.08.31 08:00:54.553,0.84999,0.85007,1.87,1.00
2016.08.31 08:00:54.604,0.84999,0.85007,1.87,1.10
2016.08.31 08:00:55.008,0.84999,0.85006,1.37,1.00
2016.08.31 08:00:55.946,0.84998,0.85006,1.50,1.00
2016.08.31 08:00:56.152,0.84998,0.85006,1.50,1.10
2016.08.31 08:00:56.510,0.84997,0.85005,2.62,1.00
2016.08.31 08:01:00.973,0.84997,0.85005,3.75,1.00
2016.08.31 08:01:01.178,0.84997,0.85004,1.75,1.00
2016.08.31 08:01:01.230,0.84997,0.85004,1.12,1.00
2016.08.31 08:01:01.281,0.84996,0.85004,3.07,1.00
2016.08.31 08:01:01.332,0.84996,0.85004,3.07,1.10
2016.08.31 08:01:02.243,0.84996,0.85003,2.32,1.00
2016.08.31 08:01:02.557,0.84996,0.85003,1.87,1.00
2016.08.31 08:01:02.659,0.84996,0.85003,1.50,1.00
2016.08.31 08:01:02.965,0.84996,0.85001,1.50,1.00
2016.08.31 08:01:03.372,0.84996,0.85003,1.50,1.10
2016.08.31 08:01:03.666,0.84996,0.85002,2.25,1.00
2016.08.31 08:01:04.384,0.84996,0.85001,1.50,1.00
2016.08.31 08:01:04.957,0.84996,0.85003,1.50,2.70
2016.08.31 08:01:05.110,0.84996,0.85003,2.25,2.70
2016.08.31 08:01:05.161,0.84996,0.85002,2.25,2.62
2016.08.31 08:01:05.303,0.84996,0.85002,1.50,1.87
2016.08.31 08:01:05.355,0.84996,0.85003,1.50,2.70
2016.08.31 08:01:05.457,0.84996,0.85002,1.50,1.87
2016.08.31 08:01:05.559,0.84996,0.85003,1.50,2.70
2016.08.31 08:01:05.610,0.84996,0.85003,2.25,1.95
2016.08.31 08:01:05.662,0.84996,0.85003,2.25,1.47
2016.08.31 08:01:06.242,0.84996,0.85003,2.25,1.10
2016.08.31 08:01:06.344,0.84996,0.85004,2.25,5.32
2016.08.31 08:01:06.625,0.84996,0.85004,2.25,6.26
2016.08.31 08:01:06.880,0.84996,0.85004,2.25,4.76
2016.08.31 08:01:07.332,0.84996,0.85004,2.25,3.82
2016.08.31 08:01:07.486,0.84996,0.85004,2.25,5.32
2016.08.31 08:01:07.589,0.84996,0.85004,2.25,4.57
2016.08.31 08:01:08.198,0.84996,0.85004,2.25,3.82
2016.08.31 08:01:08.381,0.84996,0.85004,2.25,3.07
2016.08.31 08:01:08.536,0.84997,0.85004,1.00,1.50
2016.08.31 08:01:08.588,0.84997,0.85005,1.00,3.82
2016.08.31 08:01:09.048,0.84997,0.85005,1.00,3.07
2016.08.31 08:01:09.202,0.84997,0.85005,1.00,4.20
2016.08.31 08:01:09.427,0.84997,0.85005,1.00,5.14
2016.08.31 08:01:09.754,0.84997,0.85005,1.00,4.20
2016.08.31 08:01:09.906,0.84997,0.85005,1.00,2.70
2016.08.31 08:01:10.162,0.84997,0.85005,1.00,1.95
2016.08.31 08:01:10.696,0.84997,0.85005,1.00,1.57
2016.08.31 08:01:10.950,0.84997,0.85005,1.00,2.55
2016.08.31 08:01:11.052,0.84997,0.85005,1.00,2.32
2016.08.31 08:01:11.103,0.84997,0.85004,1.00,1.12
2016.08.31 08:01:11.154,0.84996,0.85004,1.50,2.62
2016.08.31 08:01:11.205,0.84996,0.85004,1.50,2.70
2016.08.31 08:01:11.517,0.84996,0.85003,1.50,1.00
2016.08.31 08:01:12.707,0.84996,0.85004,1.50,2.70
2016.08.31 08:01:12.962,0.84996,0.85003,1.50,1.00
2016.08.31 08:01:13.013,0.84996,0.85003,1.50,1.12
2016.08.31 08:01:13.582,0.84996,0.85003,1.50,2.62
2016.08.31 08:01:13.685,0.84997,0.85003,1.00,3.37
2016.08.31 08:01:14.403,0.84997,0.85003,1.00,3.45
2016.08.31 08:01:14.736,0.84997,0.85003,1.00,3.37
2016.08.31 08:01:15.347,0.84997,0.85003,1.00,3.00
2016.08.31 08:01:15.398,0.84997,0.85003,1.00,1.00
2016.08.31 08:01:19.500,0.84996,0.85002,1.00,1.00
2016.08.31 08:01:19.604,0.84996,0.85002,1.00,1.50
2016.08.31 08:01:19.708,0.84997,0.85001,1.00,1.50
2016.08.31 08:01:19.827,0.84997,0.85002,1.00,3.75
2016.08.31 08:01:19.948,0.84997,0.85002,1.00,3.00
2016.08.31 08:01:19.999,0.84997,0.85002,1.00,1.50
2016.08.31 08:01:20.593,0.84997,0.85002,1.00,1.00
2016.08.31 08:01:20.645,0.84997,0.85002,1.00,1.00
2016.08.31 08:01:20.696,0.84997,0.85002,1.00,3.00
2016.08.31 08:01:20.898,0.84997,0.85002,1.00,2.25
2016.08.31 08:01:21.514,0.84997,0.85002,1.00,1.00
2016.08.31 08:01:21.736,0.84996,0.85002,1.00,1.50
2016.08.31 08:01:21.788,0.84996,0.85002,1.00,3.75
2016.08.31 08:01:21.891,0.84996,0.85002,1.00,2.25
2016.08.31 08:01:22.096,0.84996,0.85002,1.00,3.00
2016.08.31 08:01:22.148,0.84996,0.85002,1.00,2.25
2016.08.31 08:01:22.200,0.84996,0.85002,1.00,1.50
2016.08.31 08:01:22.437,0.84996,0.85002,1.00,1.50
2016.08.31 08:01:22.491,0.84997,0.85003,1.00,1.00
2016.08.31 08:01:22.594,0.84997,0.85002,1.00,1.50
2016.08.31 08:01:23.235,0.84996,0.85002,1.00,1.50
2016.08.31 08:01:23.440,0.84996,0.85002,1.00,1.50
2016.08.31 08:01:23.798,0.84996,0.85001,1.00,2.25
2016.08.31 08:01:23.901,0.84996,0.85,1.00,1.00
2016.08.31 08:01:23.953,0.84996,0.85001,1.00,2.25
2016.08.31 08:01:24.006,0.84996,0.85,1.00,1.87
2016.08.31 08:01:24.141,0.84996,0.85,1.00,1.50
2016.08.31 08:01:24.295,0.84996,0.85002,1.00,2.62
2016.08.31 08:01:25.080,0.84996,0.85002,1.00,2.25
2016.08.31 08:01:26.417,0.84996,0.85,1.00,1.50
2016.08.31 08:01:27.096,0.84996,0.85001,1.00,1.87
2016.08.31 08:01:27.147,0.84996,0.85001,1.00,2.62
2016.08.31 08:01:27.352,0.84996,0.85001,1.00,2.70
2016.08.31 08:01:27.513,0.84996,0.85,1.00,1.00
2016.08.31 08:01:27.814,0.84997,0.85001,1.00,2.32
2016.08.31 08:01:28.446,0.84996,0.85,1.00,1.00
2016.08.31 08:01:30.681,0.84997,0.85001,1.00,3.82
2016.08.31 08:01:30.886,0.84997,0.85001,1.00,3.45
2016.08.31 08:01:30.990,0.84997,0.85001,1.00,3.07
2016.08.31 08:01:31.041,0.84997,0.85001,1.00,1.57
2016.08.31 08:01:31.143,0.84997,0.85001,1.00,3.07
2016.08.31 08:01:31.562,0.84997,0.85001,1.00,2.25
2016.08.31 08:01:31.614,0.84996,0.85002,1.00,1.50
2016.08.31 08:01:31.665,0.84997,0.85002,1.00,1.50
2016.08.31 08:01:31.716,0.84996,0.85001,1.00,1.00
2016.08.31 08:01:31.767,0.84996,0.85001,1.00,1.00
2016.08.31 08:01:31.819,0.84996,0.85003,1.50,1.12
2016.08.31 08:01:31.870,0.84996,0.85003,1.50,1.00
2016.08.31 08:01:31.972,0.84997,0.85003,1.05,1.00
2016.08.31 08:01:32.024,0.84997,0.85003,1.54,1.00
2016.08.31 08:01:32.075,0.84997,0.85003,1.87,1.00
2016.08.31 08:01:32.127,0.84997,0.85003,1.12,1.00
2016.08.31 08:01:32.229,0.84998,0.85003,1.00,1.00
2016.08.31 08:01:32.353,0.84996,0.85003,1.80,1.50
2016.08.31 08:01:32.470,0.84996,0.85003,1.50,1.50
2016.08.31 08:01:32.573,0.84996,0.85003,1.50,1.87
2016.08.31 08:01:32.624,0.84996,0.85003,1.50,1.87
2016.08.31 08:01:32.727,0.84996,0.85003,1.50,2.62
2016.08.31 08:01:32.932,0.84996,0.85003,1.50,2.62
2016.08.31 08:01:32.983,0.84996,0.85003,1.50,3.37
2016.08.31 08:01:33.086,0.84996,0.85003,1.00,4.12
2016.08.31 08:01:33.137,0.84996,0.85003,1.00,4.87
2016.08.31 08:01:33.240,0.84996,0.85002,1.00,1.87
2016.08.31 08:01:33.369,0.84996,0.85002,1.00,1.87
2016.08.31 08:01:34.202,0.84996,0.85002,1.00,1.50
2016.08.31 08:01:34.507,0.84996,0.85002,1.00,2.25
2016.08.31 08:01:35.307,0.84996,0.85002,1.00,1.00
2016.08.31 08:01:35.533,0.84996,0.85002,1.00,2.25
2016.08.31 08:01:35.584,0.84996,0.85002,1.00,2.25
2016.08.31 08:01:35.636,0.84996,0.85002,1.00,1.00
2016.08.31 08:01:36.655,0.84996,0.85003,1.00,2.70
2016.08.31 08:01:38.845,0.84995,0.85003,1.12,2.70
2016.08.31 08:01:39.016,0.84995,0.85003,1.12,3.45
2016.08.31 08:01:39.413,0.84995,0.85002,1.12,1.50
2016.08.31 08:01:40.159,0.84994,0.85002,2.25,2.25
2016.08.31 08:01:40.519,0.84994,0.85001,2.25,1.50
2016.08.31 08:01:41.617,0.84994,0.85002,2.25,1.00
2016.08.31 08:01:41.822,0.84994,0.85002,2.25,1.12
2016.08.31 08:01:41.975,0.84994,0.85002,2.25,1.12
2016.08.31 08:01:42.102,0.84994,0.85002,2.25,1.00
2016.08.31 08:01:42.518,0.84994,0.85002,2.25,1.50
2016.08.31 08:01:42.774,0.84994,0.85002,2.25,1.50
2016.08.31 08:01:42.825,0.84994,0.85002,2.25,2.25
2016.08.31 08:01:43.433,0.84994,0.85002,2.25,1.50
2016.08.31 08:01:44.341,0.84994,0.85002,2.25,1.00
2016.08.31 08:01:44.393,0.84994,0.85002,2.25,1.12
2016.08.31 08:01:44.495,0.84996,0.85002,1.00,1.12
2016.08.31 08:01:44.547,0.84997,0.85003,1.00,2.70
2016.08.31 08:01:44.599,0.84997,0.85003,1.00,3.45
2016.08.31 08:01:44.650,0.84997,0.85003,1.00,2.62
2016.08.31 08:01:44.702,0.84997,0.85003,1.00,1.00
2016.08.31 08:01:45.725,0.84997,0.85003,1.00,1.12
2016.08.31 08:01:46.714,0.84997,0.85003,1.00,1.00
2016.08.31 08:01:47.020,0.84997,0.85003,1.00,1.12
2016.08.31 08:01:48.001,0.84997,0.85003,1.00,1.00
2016.08.31 08:01:48.834,0.84995,0.85003,3.00,1.87
2016.08.31 08:01:48.886,0.84995,0.85003,3.00,1.37
2016.08.31 08:01:48.937,0.84995,0.85003,2.25,1.00
2016.08.31 08:01:49.193,0.84995,0.85003,2.47,1.00
2016.08.31 08:01:49.244,0.84995,0.85003,1.72,1.00
2016.08.31 08:01:49.346,0.84995,0.85003,2.10,1.00
2016.08.31 08:01:49.397,0.84995,0.85003,1.87,1.00
2016.08.31 08:01:52.496,0.84995,0.85003,2.10,1.50
2016.08.31 08:01:52.876,0.84995,0.85003,1.87,1.00
2016.08.31 08:01:52.927,0.84997,0.85004,1.00,1.57
2016.08.31 08:01:52.979,0.85,0.85005,1.00,3.00
2016.08.31 08:01:53.030,0.84997,0.85003,1.00,1.00
2016.08.31 08:01:53.082,0.84997,0.85005,1.30,1.12
2016.08.31 08:01:53.192,0.84997,0.85005,1.00,1.12
2016.08.31 08:01:53.243,0.84997,0.85005,1.50,1.12
2016.08.31 08:01:53.346,0.84997,0.85005,1.87,1.00
2016.08.31 08:01:54.074,0.84997,0.85005,1.50,1.00
2016.08.31 08:01:54.176,0.84998,0.85004,1.20,1.00
2016.08.31 08:01:54.227,0.84998,0.85004,1.12,1.00
2016.08.31 08:01:54.279,0.84997,0.85004,2.70,1.00
2016.08.31 08:01:54.483,0.84997,0.85004,1.47,1.00
2016.08.31 08:01:55.033,0.84996,0.85004,4.39,1.00
2016.08.31 08:01:55.084,0.84996,0.85003,1.87,1.00
2016.08.31 08:01:55.136,0.84995,0.85003,3.82,1.00
2016.08.31 08:01:55.187,0.84995,0.85003,3.37,1.00
2016.08.31 08:01:55.240,0.84996,0.85001,1.20,1.00
2016.08.31 08:01:55.292,0.84995,0.85002,1.87,1.00
2016.08.31 08:01:55.343,0.84995,0.85002,2.32,1.00
2016.08.31 08:01:55.459,0.84995,0.85002,1.95,1.00
2016.08.31 08:01:55.562,0.84995,0.85001,1.57,1.00
2016.08.31 08:01:56.027,0.84995,0.85003,2.32,1.00
2016.08.31 08:01:56.078,0.84996,0.85003,1.00,1.00
2016.08.31 08:01:56.130,0.84996,0.85004,2.62,1.10
2016.08.31 08:01:56.181,0.84998,0.85004,1.50,1.10
2016.08.31 08:01:56.232,0.84998,0.85004,1.50,1.00
2016.08.31 08:01:56.283,0.84998,0.85004,1.87,1.00
2016.08.31 08:01:56.689,0.84998,0.85004,1.50,1.00
2016.08.31 08:01:57.114,0.84999,0.85005,1.00,1.12
2016.08.31 08:01:57.280,0.84999,0.85005,1.00,1.00
2016.08.31 08:01:57.572,0.84998,0.85005,1.00,1.00
2016.08.31 08:01:59.826,0.84996,0.85004,4.57,1.00
2016.08.31 08:01:59.877,0.84996,0.85004,3.07,1.37
2016.08.31 08:01:59.929,0.84996,0.85003,1.57,1.12
2016.08.31 08:02:00.106,0.84995,0.85003,2.32,1.87
2016.08.31 08:02:00.234,0.84995,0.85001,1.85,1.00
2016.08.31 08:02:00.285,0.84995,0.85001,1.75,1.00
2016.08.31 08:02:00.338,0.84995,0.85001,1.50,1.00
2016.08.31 08:02:00.391,0.84994,0.85001,1.57,1.12
2016.08.31 08:02:00.494,0.84994,0.85001,1.50,1.12
2016.08.31 08:02:00.596,0.84994,0.85001,1.50,1.12
2016.08.31 08:02:00.647,0.84994,0.85001,1.50,1.20
2016.08.31 08:02:00.749,0.84994,0.85001,1.50,2.02
2016.08.31 08:02:00.801,0.84994,0.85,1.50,1.00
2016.08.31 08:02:00.852,0.84994,0.84999,1.00,1.00
2016.08.31 08:02:00.950,0.84993,0.84999,1.37,1.00
2016.08.31 08:02:01.004,0.84992,0.84998,2.25,1.12
2016.08.31 08:02:01.057,0.84993,0.84998,1.00,1.12
2016.08.31 08:02:01.109,0.84992,0.84998,1.00,1.12
2016.08.31 08:02:01.161,0.8499,0.84996,1.50,1.00
2016.08.31 08:02:01.213,0.8499,0.84996,1.50,1.00
2016.08.31 08:02:01.265,0.8499,0.84996,2.25,1.00
2016.08.31 08:02:01.368,0.8499,0.84996,1.87,1.00
2016.08.31 08:02:01.521,0.8499,0.84996,1.12,1.00
2016.08.31 08:02:02.237,0.8499,0.84996,1.12,1.00
2016.08.31 08:02:02.743,0.84989,0.84996,1.50,1.00
2016.08.31 08:02:02.844,0.84988,0.84996,5.74,1.00
2016.08.31 08:02:02.896,0.8499,0.84998,1.12,1.57
2016.08.31 08:02:02.947,0.8499,0.84997,1.12,1.00
2016.08.31 08:02:02.998,0.8499,0.84998,2.62,1.57
2016.08.31 08:02:03.049,0.84991,0.84998,1.00,1.50
2016.08.31 08:02:03.100,0.84991,0.84997,1.00,1.00
2016.08.31 08:02:03.151,0.8499,0.84997,3.75,1.00
2016.08.31 08:02:03.304,0.8499,0.84997,2.25,1.12
2016.08.31 08:02:03.406,0.8499,0.84997,1.50,1.12
2016.08.31 08:02:03.458,0.8499,0.84997,1.12,1.12
2016.08.31 08:02:03.560,0.84989,0.84997,3.07,1.12
2016.08.31 08:02:03.611,0.84989,0.84997,2.32,1.12
2016.08.31 08:02:03.815,0.84989,0.84997,2.51,1.12
2016.08.31 08:02:03.918,0.84989,0.84997,3.49,1.12
2016.08.31 08:02:03.969,0.8499,0.84998,1.31,1.37
2016.08.31 08:02:04.021,0.8499,0.84998,1.12,1.37
2016.08.31 08:02:04.074,0.84991,0.84998,1.00,1.37
2016.08.31 08:02:04.204,0.84991,0.84998,3.00,1.37
2016.08.31 08:02:04.308,0.84991,0.84998,2.25,1.37
2016.08.31 08:02:04.360,0.84992,0.84998,1.50,1.37
2016.08.31 08:02:04.412,0.84992,0.84998,1.50,1.12
2016.08.31 08:02:05.046,0.84992,0.84999,1.50,1.37
2016.08.31 08:02:05.148,0.84992,0.84999,1.50,1.37
2016.08.31 08:02:05.200,0.84992,0.84997,1.00,1.00
2016.08.31 08:02:05.643,0.84992,0.84997,1.50,1.00
2016.08.31 08:02:05.849,0.84992,0.84997,1.00,1.00
2016.08.31 08:02:06.363,0.84992,0.84998,1.00,1.00
2016.08.31 08:02:11.573,0.84992,0.84999,1.00,1.20
2016.08.31 08:02:11.625,0.84992,0.85,1.00,2.70
2016.08.31 08:02:11.676,0.84995,0.85,1.00,1.12
2016.08.31 08:02:11.842,0.84995,0.85001,1.50,1.57
2016.08.31 08:02:11.894,0.84995,0.85002,1.00,1.50
2016.08.31 08:02:11.946,0.84995,0.85002,1.00,1.37
2016.08.31 08:02:11.998,0.84995,0.85002,1.00,1.12
2016.08.31 08:02:12.102,0.84995,0.85003,1.00,1.87
2016.08.31 08:02:12.153,0.84995,0.85003,1.87,1.87
2016.08.31 08:02:12.259,0.84996,0.85004,1.00,1.95
2016.08.31 08:02:12.362,0.84998,0.85004,1.00,1.47
2016.08.31 08:02:12.455,0.84998,0.85004,1.00,1.37
2016.08.31 08:02:12.670,0.84998,0.85006,1.00,4.35
2016.08.31 08:02:12.773,0.84999,0.85006,1.00,1.72
2016.08.31 08:02:12.827,0.85,0.85006,1.00,1.12
2016.08.31 08:02:12.929,0.84999,0.85006,1.00,1.00
2016.08.31 08:02:13.031,0.85,0.85007,1.00,1.20
2016.08.31 08:02:13.083,0.85001,0.85007,1.00,1.57
2016.08.31 08:02:13.134,0.85,0.85007,1.00,1.47
2016.08.31 08:02:13.185,0.85,0.85008,1.00,4.50
2016.08.31 08:02:13.237,0.85,0.85007,1.00,1.57
2016.08.31 08:02:13.289,0.84999,0.85007,1.00,3.00
2016.08.31 08:02:13.340,0.84998,0.85006,1.12,1.37
2016.08.31 08:02:13.391,0.84998,0.85006,1.00,1.37
2016.08.31 08:02:13.520,0.84998,0.85006,1.00,1.50
2016.08.31 08:02:13.725,0.84998,0.85006,1.12,1.50
2016.08.31 08:02:13.878,0.84998,0.85006,1.00,1.50
2016.08.31 08:02:13.929,0.84999,0.85006,1.00,1.87
2016.08.31 08:02:14.031,0.84999,0.85006,1.00,1.50
2016.08.31 08:02:14.082,0.84999,0.85006,1.00,1.37
2016.08.31 08:02:14.133,0.84998,0.85006,1.00,1.87
2016.08.31 08:02:14.286,0.84998,0.85006,1.00,3.00
2016.08.31 08:02:14.388,0.84999,0.85006,1.00,2.25
2016.08.31 08:02:14.439,0.84999,0.85006,1.00,1.50
2016.08.31 08:02:14.490,0.84999,0.85005,1.00,1.00
2016.08.31 08:02:14.541,0.84998,0.85005,1.12,1.00
2016.08.31 08:02:14.593,0.84998,0.85006,1.50,1.87
2016.08.31 08:02:14.661,0.84998,0.85005,1.00,1.00
2016.08.31 08:02:14.968,0.84998,0.85006,1.00,3.19
2016.08.31 08:02:15.019,0.84998,0.85006,1.00,3.26
2016.08.31 08:02:16.056,0.85,0.85006,1.00,2.55
2016.08.31 08:02:16.107,0.85,0.85006,1.00,1.80
2016.08.31 08:02:16.159,0.85,0.85005,1.00,1.00
2016.08.31 08:02:16.210,0.85,0.85007,1.00,3.07
2016.08.31 08:02:16.262,0.84998,0.85006,1.00,1.20
2016.08.31 08:02:16.315,0.84999,0.85006,1.50,1.10
2016.08.31 08:02:16.366,0.85,0.85007,1.00,1.50
2016.08.31 08:02:16.547,0.85,0.85007,1.00,1.00
2016.08.31 08:02:16.599,0.84999,0.85007,2.70,1.00
2016.08.31 08:02:16.651,0.84999,0.85007,3.45,1.37
2016.08.31 08:02:16.754,0.84999,0.85007,3.45,1.12
2016.08.31 08:02:16.856,0.84999,0.85007,2.70,1.12
2016.08.31 08:02:16.907,0.84999,0.85006,1.95,1.00
2016.08.31 08:02:17.060,0.84999,0.85006,1.47,1.00
2016.08.31 08:02:17.111,0.84999,0.85007,1.95,1.00
2016.08.31 08:02:17.162,0.84999,0.85006,1.47,1.00
2016.08.31 08:02:17.264,0.85003,0.85009,1.00,4.57
2016.08.31 08:02:17.387,0.85003,0.85008,1.00,1.50
2016.08.31 08:02:17.439,0.85,0.85007,1.95,1.00
2016.08.31 08:02:17.491,0.85,0.85007,1.14,1.00
2016.08.31 08:02:17.543,0.84999,0.85007,2.34,1.12
2016.08.31 08:02:17.594,0.84999,0.85007,1.87,1.12
2016.08.31 08:02:17.646,0.85,0.85005,1.52,1.00
2016.08.31 08:02:17.850,0.84998,0.85006,4.22,1.00
2016.08.31 08:02:17.901,0.84998,0.85006,3.17,1.00
2016.08.31 08:02:17.953,0.84998,0.85006,2.79,1.00
2016.08.31 08:02:18.261,0.84999,0.85007,1.02,1.12
2016.08.31 08:02:20.602,0.84999,0.85007,1.00,1.12
2016.08.31 08:02:21.146,0.85,0.85007,1.00,1.12
2016.08.31 08:02:21.890,0.85,0.85007,1.50,1.12
2016.08.31 08:02:22.250,0.85,0.85008,1.50,2.77
2016.08.31 08:02:22.301,0.85,0.85008,1.50,1.57
2016.08.31 08:02:22.740,0.85001,0.85008,1.00,1.57
2016.08.31 08:02:22.896,0.85001,0.85009,1.00,2.62
2016.08.31 08:02:22.948,0.85002,0.85007,1.00,1.12
2016.08.31 08:02:22.999,0.85002,0.85009,1.00,2.32
2016.08.31 08:02:23.102,0.85002,0.8501,1.00,4.12
2016.08.31 08:02:23.205,0.85001,0.85009,3.07,1.47
2016.08.31 08:02:23.364,0.85002,0.8501,1.00,3.37
2016.08.31 08:02:24.224,0.85002,0.8501,1.00,3.00
2016.08.31 08:02:24.392,0.85002,0.8501,1.00,3.37
2016.08.31 08:02:24.445,0.85003,0.85008,1.00,1.12
2016.08.31 08:02:24.599,0.85001,0.85008,1.57,1.37
2016.08.31 08:02:24.674,0.85001,0.85008,1.10,1.37
2016.08.31 08:02:24.830,0.85001,0.85008,1.00,1.72
2016.08.31 08:02:25.108,0.85001,0.85008,1.00,1.50
2016.08.31 08:02:25.163,0.85001,0.85007,1.00,1.20
2016.08.31 08:02:25.215,0.85001,0.85008,1.00,3.00
2016.08.31 08:02:25.370,0.85001,0.85007,1.00,1.20
2016.08.31 08:02:25.421,0.85001,0.85006,1.00,1.00
2016.08.31 08:02:25.472,0.84998,0.85006,1.97,1.95
2016.08.31 08:02:25.523,0.84998,0.85006,1.59,1.95
2016.08.31 08:02:25.574,0.84998,0.85006,1.02,1.95
2016.08.31 08:02:25.778,0.84998,0.85006,1.02,1.20
2016.08.31 08:02:25.879,0.84998,0.85006,1.52,1.20
2016.08.31 08:02:28.774,0.84998,0.85006,1.02,1.20
2016.08.31 08:02:29.066,0.84998,0.85006,1.02,1.10
2016.08.31 08:02:29.219,0.84997,0.85005,1.14,1.00
2016.08.31 08:02:29.270,0.84997,0.85005,2.62,1.00
2016.08.31 08:02:29.963,0.85001,0.85007,1.00,4.20
2016.08.31 08:02:30.014,0.85,0.85007,1.00,2.70
2016.08.31 08:02:30.066,0.85,0.85007,1.00,1.95
2016.08.31 08:02:30.118,0.84999,0.85007,1.00,3.45
2016.08.31 08:02:30.170,0.84998,0.85006,2.25,1.10
2016.08.31 08:02:30.273,0.84998,0.85006,1.50,1.10
2016.08.31 08:02:30.743,0.84998,0.85006,1.00,1.10
2016.08.31 08:02:31.247,0.84999,0.85006,1.00,1.10
2016.08.31 08:02:31.535,0.84997,0.85005,1.21,1.00
2016.08.31 08:02:31.586,0.84997,0.85005,1.12,1.37
2016.08.31 08:02:31.637,0.84997,0.85005,1.00,1.62
2016.08.31 08:02:31.841,0.84997,0.85005,1.00,1.37
2016.08.31 08:02:31.892,0.84997,0.85005,1.00,1.12
2016.08.31 08:02:32.488,0.84997,0.85005,1.00,1.35
2016.08.31 08:02:32.647,0.84999,0.85006,1.00,2.17
2016.08.31 08:02:32.700,0.84999,0.85006,1.00,1.80
2016.08.31 08:02:32.751,0.85,0.85005,1.00,1.00
2016.08.31 08:02:32.856,0.84998,0.85006,4.50,2.70
2016.08.31 08:02:32.908,0.85,0.85006,1.00,1.10
2016.08.31 08:02:33.010,0.85,0.85006,1.00,1.20
2016.08.31 08:02:33.061,0.85,0.85006,1.00,1.12
2016.08.31 08:02:33.169,0.84999,0.85007,3.00,1.95
2016.08.31 08:02:33.223,0.85,0.85008,1.00,1.95
2016.08.31 08:02:33.275,0.85001,0.85007,1.00,1.10
2016.08.31 08:02:33.482,0.84999,0.85007,3.00,1.10
2016.08.31 08:02:33.707,0.85001,0.85007,1.00,1.10
2016.08.31 08:02:33.860,0.84999,0.85007,2.25,1.10
2016.08.31 08:02:33.911,0.85001,0.85008,1.00,1.95
2016.08.31 08:02:33.962,0.85001,0.85008,1.00,2.17
2016.08.31 08:02:34.013,0.84999,0.85007,2.25,1.47
2016.08.31 08:02:34.142,0.85001,0.85008,1.00,1.45
2016.08.31 08:02:34.244,0.85001,0.85008,1.00,1.80
2016.08.31 08:02:34.295,0.85,0.85006,1.00,1.12
2016.08.31 08:02:34.347,0.85,0.85008,1.00,1.57
2016.08.31 08:02:34.502,0.84999,0.85007,2.62,1.47
2016.08.31 08:02:34.554,0.84998,0.85006,3.00,1.12
2016.08.31 08:02:34.605,0.84998,0.85006,3.00,1.37
2016.08.31 08:02:34.657,0.84998,0.85006,2.62,3.22
2016.08.31 08:02:34.709,0.84998,0.85004,1.00,1.37
2016.08.31 08:02:34.761,0.84997,0.85004,2.62,1.37
2016.08.31 08:02:34.812,0.84997,0.85004,1.50,1.87
2016.08.31 08:02:35.006,0.84997,0.85004,1.50,1.37
2016.08.31 08:02:35.429,0.84997,0.85004,1.00,1.37
2016.08.31 08:02:35.736,0.84997,0.85004,1.00,1.12
2016.08.31 08:02:38.448,0.84997,0.85004,1.12,1.12
2016.08.31 08:02:38.550,0.84997,0.85004,1.87,1.12
2016.08.31 08:02:38.978,0.84997,0.85004,1.12,1.12
2016.08.31 08:02:39.237,0.84997,0.85005,1.12,2.02
2016.08.31 08:02:39.599,0.84997,0.85005,1.12,2.77
2016.08.31 08:02:39.821,0.84997,0.85005,1.12,2.02
2016.08.31 08:02:41.292,0.84997,0.85004,1.50,1.12
2016.08.31 08:02:41.343,0.84997,0.85003,1.50,1.00
2016.08.31 08:02:41.394,0.84997,0.85003,1.00,1.00
2016.08.31 08:02:41.446,0.84996,0.85,1.00,1.00
2016.08.31 08:02:41.513,0.84994,0.84998,2.32,1.00
2016.08.31 08:02:41.565,0.84993,0.84998,1.47,1.00
2016.08.31 08:02:41.616,0.84991,0.84995,1.50,1.00
2016.08.31 08:02:41.745,0.84988,0.84992,1.00,1.00
2016.08.31 08:02:41.797,0.84987,0.84992,1.37,1.00
2016.08.31 08:02:41.851,0.84985,0.84992,1.10,1.00
2016.08.31 08:02:41.902,0.84984,0.84992,1.50,1.50
2016.08.31 08:02:41.954,0.84984,0.84992,1.50,2.25
2016.08.31 08:02:42.006,0.84984,0.8499,1.95,1.00
2016.08.31 08:02:42.160,0.84984,0.84992,1.95,1.57
2016.08.31 08:02:42.281,0.84984,0.84992,1.95,1.10
2016.08.31 08:02:42.336,0.84986,0.84993,1.00,1.12
2016.08.31 08:02:42.439,0.84987,0.84992,1.00,1.00
2016.08.31 08:02:42.490,0.84986,0.84993,1.50,1.00
2016.08.31 08:02:42.541,0.84986,0.84993,1.37,1.00
2016.08.31 08:02:42.643,0.84987,0.84992,1.12,1.00
2016.08.31 08:02:42.956,0.84987,0.84995,1.12,1.12
2016.08.31 08:02:43.008,0.84988,0.84996,1.00,1.47
2016.08.31 08:02:43.061,0.84988,0.84996,1.35,1.10
2016.08.31 08:02:43.164,0.84988,0.84996,1.12,1.10
2016.08.31 08:02:43.215,0.84989,0.84997,1.10,1.12
2016.08.31 08:02:43.268,0.84989,0.84996,1.20,1.00
2016.08.31 08:02:43.319,0.8499,0.84996,1.00,1.00
2016.08.31 08:02:43.370,0.8499,0.84996,1.00,1.00
2016.08.31 08:02:43.532,0.84989,0.84996,3.00,1.00
2016.08.31 08:02:43.584,0.8499,0.84997,1.12,1.12
2016.08.31 08:02:43.637,0.84991,0.84998,1.00,1.50
2016.08.31 08:02:43.688,0.84991,0.84998,1.00,1.50
2016.08.31 08:02:43.739,0.84992,0.84998,1.00,1.12
2016.08.31 08:02:44.046,0.8499,0.84998,4.20,1.12
2016.08.31 08:02:44.148,0.8499,0.84998,3.45,1.12
2016.08.31 08:02:44.462,0.8499,0.84998,2.70,1.12
2016.08.31 08:02:44.860,0.8499,0.84998,3.45,1.12
2016.08.31 08:02:44.942,0.8499,0.84997,3.45,1.00
2016.08.31 08:02:44.993,0.8499,0.84997,2.70,1.00
2016.08.31 08:02:45.350,0.8499,0.84997,4.20,1.00
2016.08.31 08:02:45.473,0.8499,0.84997,1.95,1.00
2016.08.31 08:02:46.341,0.84991,0.84997,1.12,1.00
2016.08.31 08:02:47.838,0.84992,0.84997,1.00,1.00
2016.08.31 08:02:48.157,0.8499,0.84998,1.57,1.12
2016.08.31 08:02:48.208,0.84989,0.84997,1.57,1.00
2016.08.31 08:02:48.264,0.84989,0.84997,1.27,3.37
2016.08.31 08:02:48.315,0.84989,0.84996,1.20,1.00
2016.08.31 08:02:48.366,0.84989,0.84996,1.12,1.00
2016.08.31 08:02:48.418,0.84988,0.84996,1.57,1.00
2016.08.31 08:02:48.469,0.84988,0.84996,1.50,1.00
2016.08.31 08:02:48.520,0.84989,0.84996,1.12,1.00
2016.08.31 08:02:48.571,0.84989,0.84994,1.87,1.00
2016.08.31 08:02:48.623,0.84989,0.84994,1.12,1.00
2016.08.31 08:02:48.675,0.84987,0.84995,4.57,1.00
2016.08.31 08:02:48.726,0.84987,0.84995,3.82,1.00
2016.08.31 08:02:48.777,0.84987,0.84995,3.07,1.00
2016.08.31 08:02:48.841,0.84987,0.84995,2.70,1.00
2016.08.31 08:02:50.106,0.84987,0.84995,1.95,1.00
2016.08.31 08:02:51.574,0.84987,0.84995,2.70,1.00
2016.08.31 08:02:52.074,0.84987,0.84995,1.95,1.00
2016.08.31 08:02:52.898,0.84987,0.84993,1.20,1.00
2016.08.31 08:02:52.951,0.84989,0.84997,1.00,2.70
2016.08.31 08:02:53.003,0.84991,0.84996,1.00,1.00
2016.08.31 08:02:53.054,0.84989,0.84997,1.00,1.10
2016.08.31 08:02:53.106,0.84993,0.84998,1.00,2.70
2016.08.31 08:02:53.157,0.84991,0.84997,1.00,1.10
2016.08.31 08:02:53.282,0.84991,0.84997,1.87,1.00
2016.08.31 08:02:53.335,0.84991,0.84998,1.50,1.12
2016.08.31 08:02:53.387,0.84991,0.84998,2.25,1.00
2016.08.31 08:02:53.547,0.84992,0.85,1.87,1.47
2016.08.31 08:02:53.652,0.84993,0.85,1.00,1.37
2016.08.31 08:02:53.756,0.84991,0.84999,3.07,1.12
2016.08.31 08:02:53.808,0.84991,0.84998,2.32,1.00
2016.08.31 08:02:53.943,0.84992,0.84999,1.12,1.12
2016.08.31 08:02:53.995,0.84992,0.84999,1.12,1.20
2016.08.31 08:02:54.097,0.84991,0.84997,2.32,1.00
2016.08.31 08:02:54.148,0.84992,0.84997,1.12,1.00
2016.08.31 08:02:54.200,0.84992,0.84997,1.87,1.00
2016.08.31 08:02:54.303,0.84992,0.84998,2.62,1.00
2016.08.31 08:02:54.508,0.84992,0.84998,1.87,1.00
2016.08.31 08:02:54.661,0.84992,0.84998,1.12,1.00
2016.08.31 08:02:54.762,0.84991,0.84998,2.32,1.00
2016.08.31 08:02:54.882,0.84995,0.85,1.00,1.87
2016.08.31 08:02:54.959,0.84993,0.84999,1.50,1.10
2016.08.31 08:02:55.011,0.84993,0.84999,1.00,1.10
2016.08.31 08:02:55.215,0.84991,0.84999,2.32,1.10
2016.08.31 08:02:55.868,0.84991,0.84999,2.32,1.20
2016.08.31 08:02:55.992,0.84991,0.84998,1.57,1.00
2016.08.31 08:02:56.043,0.84991,0.84999,2.32,2.70
2016.08.31 08:02:56.094,0.84991,0.84999,1.57,1.20
2016.08.31 08:02:56.196,0.84992,0.84998,1.12,1.00
2016.08.31 08:02:56.248,0.84994,0.85,1.00,2.62
2016.08.31 08:02:56.300,0.84992,0.84999,1.12,1.20
2016.08.31 08:02:56.351,0.84992,0.85,1.87,3.00
2016.08.31 08:02:56.402,0.84993,0.85,1.87,1.50
2016.08.31 08:02:56.454,0.84993,0.85,1.50,2.25
2016.08.31 08:02:56.505,0.84993,0.85,1.87,1.87
2016.08.31 08:02:56.557,0.84993,0.84998,2.62,1.00
2016.08.31 08:02:56.608,0.84993,0.84999,1.00,1.12
2016.08.31 08:02:56.660,0.84991,0.84999,2.66,1.12
2016.08.31 08:02:56.711,0.84991,0.84999,2.25,1.12
2016.08.31 08:02:56.763,0.84991,0.84999,1.75,1.12
2016.08.31 08:02:57.163,0.84992,0.84999,1.50,1.12
2016.08.31 08:02:57.316,0.84991,0.84999,1.75,1.12
2016.08.31 08:02:58.247,0.84991,0.84999,1.75,1.87
2016.08.31 08:02:58.299,0.84992,0.84997,1.00,1.00
2016.08.31 08:03:00.652,0.84992,0.85,1.00,2.32
2016.08.31 08:03:00.703,0.84991,0.84999,1.87,1.00
2016.08.31 08:03:00.884,0.84991,0.84997,1.12,1.00
2016.08.31 08:03:00.935,0.8499,0.84997,4.05,1.00
2016.08.31 08:03:00.987,0.8499,0.84997,3.07,1.00
2016.08.31 08:03:02.206,0.8499,0.84998,3.30,1.00
2016.08.31 08:03:02.257,0.84992,0.84997,1.00,1.00
2016.08.31 08:03:02.360,0.8499,0.84997,1.57,1.00
2016.08.31 08:03:02.437,0.8499,0.84997,1.15,1.00
2016.08.31 08:03:02.488,0.84989,0.84997,4.61,1.00
2016.08.31 08:03:02.540,0.8499,0.84997,1.20,1.00
2016.08.31 08:03:02.592,0.8499,0.84997,1.47,1.00
2016.08.31 08:03:02.713,0.8499,0.84997,1.57,1.00
2016.08.31 08:03:02.866,0.8499,0.84997,2.32,1.00
2016.08.31 08:03:02.917,0.8499,0.84997,3.30,1.00
2016.08.31 08:03:03.022,0.8499,0.84997,2.32,1.00
2016.08.31 08:03:03.074,0.8499,0.84998,2.32,1.12
2016.08.31 08:03:03.176,0.8499,0.84998,2.51,1.12
2016.08.31 08:03:03.278,0.8499,0.84998,3.26,1.12
2016.08.31 08:03:03.668,0.8499,0.84997,1.57,1.00
2016.08.31 08:03:03.771,0.8499,0.84997,1.57,1.12
2016.08.31 08:03:04.029,0.8499,0.84997,2.32,1.12
2016.08.31 08:03:04.080,0.8499,0.84997,3.30,1.12
2016.08.31 08:03:04.182,0.8499,0.84997,2.32,1.12
2016.08.31 08:03:04.483,0.8499,0.84997,1.57,1.12
2016.08.31 08:03:04.843,0.8499,0.84997,2.32,1.12
2016.08.31 08:03:05.048,0.8499,0.84996,2.32,1.00
2016.08.31 08:03:05.100,0.8499,0.84995,1.57,1.00
2016.08.31 08:03:05.151,0.8499,0.84995,1.10,1.00
2016.08.31 08:03:05.202,0.84989,0.84995,2.70,1.00
2016.08.31 08:03:05.326,0.8499,0.84996,1.00,1.12
2016.08.31 08:03:05.735,0.8499,0.84996,1.50,1.00
2016.08.31 08:03:06.046,0.8499,0.84996,1.00,1.00
2016.08.31 08:03:07.070,0.8499,0.84996,1.00,1.12
2016.08.31 08:03:07.844,0.8499,0.84996,1.50,1.12
2016.08.31 08:03:09.039,0.8499,0.84996,1.50,1.00
2016.08.31 08:03:10.229,0.8499,0.84997,2.25,1.12
2016.08.31 08:03:10.382,0.84991,0.84998,1.00,1.12
2016.08.31 08:03:10.433,0.84991,0.84997,1.00,1.00
2016.08.31 08:03:10.485,0.8499,0.84996,1.57,1.00
2016.08.31 08:03:10.537,0.8499,0.84995,1.10,1.00
2016.08.31 08:03:10.588,0.84989,0.84995,1.57,1.00
2016.08.31 08:03:10.727,0.84989,0.84995,1.12,1.00
2016.08.31 08:03:10.778,0.84989,0.84995,1.00,1.00
2016.08.31 08:03:10.881,0.84987,0.84994,4.12,1.00
2016.08.31 08:03:11.034,0.84987,0.84994,3.37,1.00
2016.08.31 08:03:11.449,0.84987,0.84994,2.62,1.00
2016.08.31 08:03:11.552,0.84987,0.84994,1.87,1.00
2016.08.31 08:03:11.690,0.84987,0.84993,1.50,1.00
2016.08.31 08:03:11.742,0.84987,0.84993,1.12,1.00
2016.08.31 08:03:11.793,0.84986,0.84993,3.45,1.00
2016.08.31 08:03:12.048,0.84986,0.84993,2.70,1.00
2016.08.31 08:03:12.405,0.84986,0.84993,1.20,1.00
2016.08.31 08:03:12.457,0.84985,0.84993,1.95,1.00
2016.08.31 08:03:12.508,0.84985,0.84993,1.87,1.00
2016.08.31 08:03:13.053,0.84985,0.84992,1.87,1.00
2016.08.31 08:03:14.013,0.84985,0.84992,1.12,1.00
2016.08.31 08:03:14.219,0.84985,0.84992,1.00,1.00
2016.08.31 08:03:14.373,0.84984,0.84992,3.15,1.00
2016.08.31 08:03:14.577,0.84984,0.84991,2.40,1.00
2016.08.31 08:03:14.679,0.84984,0.84991,2.32,1.00
2016.08.31 08:03:14.781,0.84984,0.84991,2.25,1.00
2016.08.31 08:03:18.191,0.84985,0.84991,1.12,1.00
2016.08.31 08:03:20.687,0.84987,0.84993,1.00,1.47
2016.08.31 08:03:20.819,0.84988,0.84993,1.37,1.57
2016.08.31 08:03:20.871,0.84988,0.84995,1.35,1.50
2016.08.31 08:03:20.923,0.84988,0.84995,1.87,1.12
2016.08.31 08:03:20.976,0.84988,0.84995,2.62,1.12
2016.08.31 08:03:21.028,0.84988,0.84995,1.12,1.37
2016.08.31 08:03:21.080,0.84987,0.84995,1.57,1.37
2016.08.31 08:03:21.131,0.84987,0.84993,1.47,1.00
2016.08.31 08:03:21.182,0.84986,0.84992,1.95,1.12
2016.08.31 08:03:21.234,0.84986,0.84993,1.57,1.37
2016.08.31 08:03:21.285,0.84985,0.84993,2.62,1.00
2016.08.31 08:03:21.337,0.84986,0.84993,1.12,1.00
2016.08.31 08:03:21.493,0.84985,0.84991,3.67,1.00
2016.08.31 08:03:21.548,0.84985,0.84993,3.90,1.00
2016.08.31 08:03:21.600,0.84985,0.84993,2.70,1.12
2016.08.31 08:03:21.651,0.84985,0.84992,1.50,1.00
2016.08.31 08:03:21.703,0.84985,0.84993,1.95,1.37
2016.08.31 08:03:21.755,0.84986,0.84992,1.00,1.12
2016.08.31 08:03:21.857,0.84985,0.84992,1.20,1.12
2016.08.31 08:03:21.911,0.84985,0.84992,1.95,1.37
2016.08.31 08:03:21.962,0.84985,0.84992,1.20,1.37
2016.08.31 08:03:22.014,0.84985,0.84991,1.10,1.12
2016.08.31 08:03:22.218,0.84985,0.84991,1.10,1.37
2016.08.31 08:03:22.383,0.84984,0.84992,4.57,1.00
2016.08.31 08:03:22.435,0.84984,0.84992,4.80,1.00
2016.08.31 08:03:22.486,0.84986,0.84992,1.00,1.00
2016.08.31 08:03:22.537,0.84986,0.84992,1.50,1.00
2016.08.31 08:03:22.588,0.84985,0.84992,2.92,1.12
2016.08.31 08:03:22.639,0.84986,0.84993,1.12,1.37
2016.08.31 08:03:22.690,0.84986,0.84993,1.87,1.20
2016.08.31 08:03:22.742,0.84986,0.84993,1.00,1.20
2016.08.31 08:03:22.796,0.84985,0.84993,4.72,1.12
2016.08.31 08:03:22.899,0.84986,0.84993,1.69,1.00
2016.08.31 08:03:23.001,0.84986,0.84993,1.91,1.00
2016.08.31 08:03:23.052,0.84986,0.84993,2.29,1.00
2016.08.31 08:03:23.104,0.84986,0.84993,2.51,1.00
2016.08.31 08:03:23.156,0.84986,0.84993,3.26,1.00
2016.08.31 08:03:23.207,0.84986,0.84994,3.49,1.12
2016.08.31 08:03:23.259,0.84986,0.84994,4.24,1.12
2016.08.31 08:03:23.516,0.84987,0.84994,1.00,1.12
2016.08.31 08:03:23.720,0.84986,0.84994,4.01,1.12
2016.08.31 08:03:25.213,0.84986,0.84994,3.26,1.12
2016.08.31 08:03:25.316,0.84986,0.84994,4.76,1.12
2016.08.31 08:03:26.093,0.84987,0.84994,1.00,1.12
2016.08.31 08:03:26.145,0.84987,0.84994,1.00,1.00
2016.08.31 08:03:26.703,0.84986,0.84994,4.57,1.00
2016.08.31 08:03:26.907,0.84986,0.84994,3.07,1.00
2016.08.31 08:03:27.096,0.84987,0.84992,1.00,1.00
2016.08.31 08:03:30.880,0.84986,0.84993,1.10,1.00
2016.08.31 08:03:30.932,0.84986,0.84993,2.32,1.00
2016.08.31 08:03:31.072,0.84987,0.84993,1.00,1.00
2016.08.31 08:03:31.175,0.84988,0.84996,2.25,2.32
2016.08.31 08:03:31.226,0.84988,0.84996,2.44,1.57
2016.08.31 08:03:31.277,0.84988,0.84994,2.44,1.00
2016.08.31 08:03:31.328,0.84988,0.84994,2.25,1.00
2016.08.31 08:03:31.848,0.84991,0.84996,1.00,1.50
2016.08.31 08:03:31.899,0.84989,0.84997,1.50,4.27
2016.08.31 08:03:31.998,0.84989,0.84997,1.12,3.52
2016.08.31 08:03:32.049,0.84988,0.84994,4.12,1.00
2016.08.31 08:03:32.101,0.84989,0.84994,1.00,1.00
2016.08.31 08:03:32.152,0.84989,0.84995,1.00,1.12
2016.08.31 08:03:32.204,0.84988,0.84995,3.37,1.12
2016.08.31 08:03:32.255,0.84988,0.84995,3.45,1.12
2016.08.31 08:03:32.410,0.84988,0.84995,1.95,1.12
2016.08.31 08:03:32.530,0.84988,0.84994,1.20,1.00
2016.08.31 08:03:32.632,0.84987,0.84994,2.70,1.00
2016.08.31 08:03:32.812,0.84988,0.84994,1.10,1.00
2016.08.31 08:03:32.918,0.84987,0.84993,1.07,1.00
2016.08.31 08:03:32.969,0.84986,0.84994,2.25,1.12
2016.08.31 08:03:33.021,0.84986,0.8499,1.12,1.00
2016.08.31 08:03:33.072,0.84986,0.84992,1.12,1.00
2016.08.31 08:03:33.124,0.84986,0.84992,1.12,1.00
2016.08.31 08:03:33.176,0.84984,0.84991,4.20,1.00
2016.08.31 08:03:33.228,0.84985,0.84991,1.50,1.00
2016.08.31 08:03:33.280,0.84985,0.84989,1.00,1.00
2016.08.31 08:03:33.332,0.84985,0.84989,1.10,1.00
2016.08.31 08:03:33.805,0.84984,0.84991,3.37,1.12
2016.08.31 08:03:34.011,0.84984,0.84991,2.85,1.12
2016.08.31 08:03:34.113,0.84984,0.84991,3.19,1.12
2016.08.31 08:03:34.164,0.84986,0.84993,1.00,1.47
2016.08.31 08:03:34.216,0.84986,0.84993,1.00,1.47
2016.08.31 08:03:34.267,0.84986,0.84993,1.00,1.20
2016.08.31 08:03:34.318,0.84986,0.84992,1.25,1.00
2016.08.31 08:03:34.369,0.84986,0.84994,2.81,1.87
2016.08.31 08:03:34.421,0.84988,0.84995,1.00,1.75
2016.08.31 08:03:34.472,0.84988,0.84995,1.50,1.50
2016.08.31 08:03:34.596,0.84989,0.84993,1.00,1.00
2016.08.31 08:03:34.648,0.84989,0.84995,1.50,1.12
2016.08.31 08:03:34.700,0.84989,0.84995,1.00,1.12
2016.08.31 08:03:34.752,0.84989,0.84997,3.00,1.95
2016.08.31 08:03:34.804,0.84989,0.84996,2.25,1.10
2016.08.31 08:03:34.857,0.8499,0.84998,2.62,1.50
2016.08.31 08:03:34.908,0.84991,0.84998,1.00,1.00
2016.08.31 08:03:34.960,0.84992,0.84999,1.50,1.10
2016.08.31 08:03:35.052,0.84992,0.84997,1.00,1.00
2016.08.31 08:03:36.177,0.84992,0.84996,1.00,1.00
2016.08.31 08:03:36.279,0.84989,0.84996,1.85,1.00
2016.08.31 08:03:36.459,0.84989,0.84996,1.95,1.00
2016.08.31 08:03:36.511,0.84989,0.84996,1.20,1.00
2016.08.31 08:03:36.562,0.84988,0.84996,4.57,1.00
2016.08.31 08:03:36.614,0.84988,0.84996,4.39,1.00
2016.08.31 08:03:36.666,0.84988,0.84995,2.89,1.00
2016.08.31 08:03:36.717,0.84988,0.84995,1.57,1.00
2016.08.31 08:03:36.769,0.84987,0.84995,6.19,1.00
2016.08.31 08:03:36.821,0.84987,0.84995,4.50,1.00
2016.08.31 08:03:36.872,0.84987,0.84995,3.75,1.00
2016.08.31 08:03:37.411,0.84987,0.84994,3.75,1.00
2016.08.31 08:03:38.587,0.84987,0.84995,3.75,1.00
2016.08.31 08:03:39.156,0.84987,0.84995,3.75,1.12
2016.08.31 08:03:39.259,0.84989,0.84995,1.12,1.12
2016.08.31 08:03:39.382,0.84988,0.84996,3.52,1.37
2016.08.31 08:03:39.433,0.84988,0.84995,3.45,1.12
2016.08.31 08:03:39.486,0.84988,0.84995,4.20,1.12
2016.08.31 08:03:39.539,0.84989,0.84996,1.12,1.37
2016.08.31 08:03:40.050,0.84989,0.84997,1.12,1.50
2016.08.31 08:03:40.261,0.84989,0.84996,1.12,1.12
2016.08.31 08:03:40.469,0.84989,0.84996,1.87,1.12
2016.08.31 08:03:40.521,0.84989,0.84996,1.12,1.12
2016.08.31 08:03:40.623,0.84989,0.84995,1.12,1.00
2016.08.31 08:03:40.674,0.84988,0.84995,3.00,1.37
2016.08.31 08:03:40.726,0.84988,0.84995,1.00,1.37
2016.08.31 08:03:40.777,0.84988,0.84995,1.00,1.47
2016.08.31 08:03:40.828,0.84988,0.84995,1.00,1.57
2016.08.31 08:03:40.880,0.84987,0.84995,2.25,1.95
2016.08.31 08:03:41.052,0.84987,0.84995,1.00,1.57
2016.08.31 08:03:41.258,0.84986,0.84994,1.87,1.47
2016.08.31 08:03:41.361,0.84986,0.84992,1.12,1.12
2016.08.31 08:03:41.463,0.84986,0.84992,1.00,1.37
2016.08.31 08:03:41.533,0.84986,0.84992,1.00,1.47
2016.08.31 08:03:41.789,0.84986,0.84992,1.00,1.20
2016.08.31 08:03:42.146,0.84986,0.84993,1.00,1.50
2016.08.31 08:03:42.931,0.84986,0.84993,1.16,1.50
2016.08.31 08:03:43.041,0.84987,0.84993,1.50,1.50
2016.08.31 08:03:43.246,0.84986,0.84993,1.69,1.50
2016.08.31 08:03:43.348,0.84986,0.84993,1.50,1.50
2016.08.31 08:03:43.552,0.84986,0.84993,1.00,1.50
2016.08.31 08:03:43.604,0.84986,0.84994,1.00,2.70
2016.08.31 08:03:43.655,0.84986,0.84994,1.00,2.32
2016.08.31 08:03:44.266,0.84986,0.84994,1.00,2.70
2016.08.31 08:03:44.368,0.84986,0.84994,1.00,2.32
2016.08.31 08:03:45.835,0.84986,0.84994,1.25,2.32
2016.08.31 08:03:46.810,0.84986,0.84994,1.25,2.25
2016.08.31 08:03:46.861,0.84986,0.84994,1.25,1.95
2016.08.31 08:03:48.026,0.84986,0.84994,1.00,1.95
2016.08.31 08:03:48.937,0.84986,0.84994,1.50,1.95
2016.08.31 08:03:48.988,0.84986,0.84994,1.50,1.57
2016.08.31 08:03:49.040,0.84986,0.84993,1.00,1.12
2016.08.31 08:03:49.091,0.84986,0.84992,1.00,1.00
2016.08.31 08:03:49.276,0.84985,0.84992,1.00,1.00
2016.08.31 08:03:49.328,0.84985,0.84992,1.00,1.50
2016.08.31 08:03:49.431,0.84985,0.84992,1.00,1.00
2016.08.31 08:03:49.533,0.84984,0.84992,3.37,1.00
2016.08.31 08:03:49.584,0.84984,0.84992,3.00,1.00
2016.08.31 08:03:49.846,0.84984,0.84992,3.22,1.00
2016.08.31 08:03:50.055,0.84984,0.84992,1.50,1.00
2016.08.31 08:03:50.267,0.84984,0.84992,1.72,1.50
2016.08.31 08:03:50.369,0.84984,0.84992,3.00,1.00
2016.08.31 08:03:50.421,0.84984,0.84992,3.75,1.00
2016.08.31 08:03:50.472,0.84984,0.84992,4.12,1.00
2016.08.31 08:03:50.524,0.84984,0.84992,4.50,1.00
2016.08.31 08:03:50.678,0.84984,0.84992,4.72,1.00
2016.08.31 08:03:50.831,0.84985,0.84992,1.50,1.00
2016.08.31 08:03:51.087,0.84985,0.84992,1.50,1.00
2016.08.31 08:03:51.342,0.84984,0.84992,4.87,1.00
2016.08.31 08:03:51.495,0.84984,0.84992,4.12,1.00
2016.08.31 08:03:52.269,0.84985,0.84992,1.50,1.00
2016.08.31 08:03:52.576,0.84985,0.84992,1.50,1.00
2016.08.31 08:03:55.028,0.84985,0.84993,2.25,1.20
2016.08.31 08:03:55.100,0.84985,0.84993,1.00,1.27
2016.08.31 08:03:55.152,0.84986,0.84992,1.00,1.00
2016.08.31 08:03:55.204,0.84987,0.84992,1.00,1.12
2016.08.31 08:03:55.256,0.84987,0.84993,1.00,2.40
2016.08.31 08:03:55.307,0.84985,0.84993,2.25,2.40
2016.08.31 08:03:55.359,0.84987,0.84993,1.00,1.65
2016.08.31 08:03:55.512,0.84987,0.84993,1.00,1.57
2016.08.31 08:03:55.563,0.84987,0.84993,1.00,1.50
2016.08.31 08:03:56.256,0.84987,0.84992,1.00,1.12
2016.08.31 08:03:56.410,0.84986,0.84992,1.00,1.37
2016.08.31 08:03:56.464,0.84986,0.84993,1.00,1.50
2016.08.31 08:03:56.515,0.84988,0.84993,1.00,1.50
2016.08.31 08:03:56.566,0.84988,0.84993,1.00,1.50
2016.08.31 08:03:56.617,0.84987,0.84993,1.00,1.87
2016.08.31 08:03:56.669,0.84988,0.84994,1.00,3.45
2016.08.31 08:03:56.721,0.84988,0.84994,1.00,3.07
2016.08.31 08:03:56.831,0.84988,0.84994,1.00,1.57
2016.08.31 08:03:56.883,0.84988,0.84994,1.00,2.25
2016.08.31 08:03:56.985,0.84988,0.84994,1.00,1.50
2016.08.31 08:03:57.037,0.84988,0.84994,1.00,1.87
2016.08.31 08:03:57.755,0.84989,0.84994,1.00,1.87
2016.08.31 08:03:58.064,0.84988,0.84994,1.00,1.37
2016.08.31 08:03:58.118,0.8499,0.84994,1.00,1.12
2016.08.31 08:03:58.377,0.84989,0.84994,1.50,1.12
2016.08.31 08:03:58.428,0.84989,0.84996,1.50,1.20
2016.08.31 08:03:58.890,0.84989,0.84996,1.50,1.95
2016.08.31 08:03:59.044,0.84989,0.84995,1.50,1.00
2016.08.31 08:04:00.030,0.84989,0.84996,1.50,3.07
2016.08.31 08:04:00.204,0.84989,0.84995,1.50,1.00
2016.08.31 08:04:00.961,0.84989,0.84995,1.00,1.00
2016.08.31 08:04:01.268,0.8499,0.84995,1.00,1.00
2016.08.31 08:04:01.422,0.8499,0.84995,1.00,1.12
2016.08.31 08:04:01.616,0.84988,0.84995,1.00,1.00
2016.08.31 08:04:01.667,0.84988,0.84995,1.00,1.00
2016.08.31 08:04:02.028,0.84988,0.84996,1.00,3.52
2016.08.31 08:04:02.561,0.84988,0.84996,1.00,4.27
2016.08.31 08:04:04.485,0.84988,0.84996,1.00,2.77
2016.08.31 08:04:05.076,0.84988,0.84996,1.00,1.65
2016.08.31 08:04:06.361,0.84991,0.84996,1.00,1.65
2016.08.31 08:04:06.413,0.8499,0.84997,1.00,6.75
2016.08.31 08:04:06.464,0.84989,0.84995,1.00,1.50
2016.08.31 08:04:06.515,0.84989,0.84995,1.00,1.37
2016.08.31 08:04:06.566,0.84991,0.84996,1.00,1.65
2016.08.31 08:04:06.617,0.84991,0.84996,1.00,1.47
2016.08.31 08:04:06.669,0.84992,0.84996,1.00,1.12
2016.08.31 08:04:06.975,0.84992,0.84999,1.50,1.85
2016.08.31 08:04:07.064,0.84992,0.84999,3.00,1.12
2016.08.31 08:04:07.115,0.84996,0.85,1.00,2.77
2016.08.31 08:04:07.167,0.84996,0.85,1.00,1.10
2016.08.31 08:04:07.218,0.84996,0.85002,1.00,1.85
2016.08.31 08:04:07.270,0.84996,0.85002,1.00,1.20
2016.08.31 08:04:07.321,0.84996,0.85003,1.00,3.82
2016.08.31 08:04:07.423,0.84996,0.85003,1.12,3.82
2016.08.31 08:04:07.576,0.84996,0.85002,1.12,1.00
2016.08.31 08:04:07.627,0.84996,0.85003,1.12,2.70
2016.08.31 08:04:07.678,0.84996,0.85003,1.12,1.95
2016.08.31 08:04:07.831,0.84996,0.85003,1.00,2.32
2016.08.31 08:04:08.022,0.84995,0.85003,1.87,3.07
2016.08.31 08:04:08.073,0.84995,0.85003,1.12,3.07
2016.08.31 08:04:08.125,0.84995,0.85003,1.00,3.45
2016.08.31 08:04:08.177,0.84994,0.85001,2.25,1.12
2016.08.31 08:04:08.229,0.84994,0.85001,1.50,1.12
2016.08.31 08:04:08.280,0.84994,0.85001,1.00,1.12
2016.08.31 08:04:08.383,0.84995,0.85002,1.00,1.37
2016.08.31 08:04:08.434,0.84995,0.85003,1.00,3.45
2016.08.31 08:04:08.486,0.84995,0.85003,1.00,1.95
2016.08.31 08:04:08.537,0.84995,0.85003,1.12,2.25
2016.08.31 08:04:08.639,0.84994,0.85002,2.70,1.57
2016.08.31 08:04:08.741,0.84997,0.85003,1.00,1.50
2016.08.31 08:04:08.792,0.84998,0.85002,1.00,1.10
2016.08.31 08:04:08.845,0.84998,0.85004,1.00,1.87
2016.08.31 08:04:08.917,0.84996,0.85003,1.12,1.37
2016.08.31 08:04:08.968,0.84997,0.85002,1.00,1.00
2016.08.31 08:04:09.082,0.84997,0.85004,1.00,1.00
2016.08.31 08:04:09.134,0.84996,0.85002,1.37,1.12
2016.08.31 08:04:09.185,0.84994,0.85002,3.37,1.37
2016.08.31 08:04:09.237,0.84994,0.85,1.50,1.12
2016.08.31 08:04:09.288,0.84993,0.85,4.50,1.00
2016.08.31 08:04:09.390,0.84993,0.85,4.12,1.00
2016.08.31 08:04:09.441,0.84993,0.85,3.82,1.00
2016.08.31 08:04:09.492,0.84993,0.85,2.32,1.00
2016.08.31 08:04:10.353,0.84993,0.85,1.95,1.00
2016.08.31 08:04:11.489,0.84994,0.85,1.00,1.00
2016.08.31 08:04:12.558,0.84991,0.84995,1.80,1.50
2016.08.31 08:04:12.610,0.8499,0.84994,6.37,1.00
2016.08.31 08:04:12.661,0.84989,0.84994,6.37,1.50
2016.08.31 08:04:12.712,0.84987,0.84992,1.37,1.50
2016.08.31 08:04:12.827,0.84986,0.8499,1.50,1.00
2016.08.31 08:04:12.880,0.84986,0.8499,1.00,1.00
2016.08.31 08:04:13.705,0.84985,0.8499,1.12,1.00
2016.08.31 08:04:13.932,0.84985,0.84992,1.87,1.50
2016.08.31 08:04:13.983,0.84987,0.84992,1.00,1.50
2016.08.31 08:04:14.035,0.84987,0.84992,1.87,1.12
2016.08.31 08:04:14.086,0.84987,0.84993,1.87,1.00
2016.08.31 08:04:14.137,0.84987,0.84993,2.62,1.00
2016.08.31 08:04:14.443,0.84987,0.84993,3.37,1.00
2016.08.31 08:04:15.138,0.84987,0.84993,2.62,1.00
2016.08.31 08:04:15.240,0.84987,0.84993,3.00,1.00
2016.08.31 08:04:15.291,0.84987,0.84993,3.75,1.00
2016.08.31 08:04:15.767,0.84987,0.84993,3.00,1.00
2016.08.31 08:04:16.093,0.84987,0.84993,3.75,1.00
2016.08.31 08:04:16.241,0.84987,0.84993,3.00,1.00
2016.08.31 08:04:16.760,0.84988,0.84993,1.12,1.00
2016.08.31 08:04:17.313,0.84988,0.84994,1.87,1.00
2016.08.31 08:04:17.364,0.84988,0.84994,2.62,1.00
2016.08.31 08:04:17.544,0.84988,0.84994,2.81,1.00
2016.08.31 08:04:18.105,0.84988,0.84994,2.62,1.00
2016.08.31 08:04:19.163,0.84988,0.84994,2.81,1.00
2016.08.31 08:04:20.210,0.84988,0.84994,2.62,1.00
2016.08.31 08:04:20.728,0.84988,0.84994,3.00,1.00
2016.08.31 08:04:20.934,0.84989,0.84994,1.00,1.00
2016.08.31 08:04:21.036,0.84989,0.84995,1.12,1.00
2016.08.31 08:04:21.087,0.84989,0.84995,1.87,1.00
2016.08.31 08:04:21.392,0.84989,0.84995,1.12,1.00
2016.08.31 08:04:21.957,0.84989,0.84995,1.87,1.00
2016.08.31 08:04:22.110,0.84989,0.84995,3.79,1.00
2016.08.31 08:04:22.161,0.8499,0.84995,1.25,1.00
2016.08.31 08:04:22.284,0.8499,0.84995,1.00,1.00
2016.08.31 08:04:22.437,0.84992,0.84997,1.00,1.10
2016.08.31 08:04:27.689,0.84991,0.84999,1.00,3.00
2016.08.31 08:04:27.741,0.84991,0.84999,1.00,4.12
2016.08.31 08:04:27.795,0.84991,0.84999,1.00,2.32
2016.08.31 08:04:28.737,0.84992,0.84999,1.00,2.32
2016.08.31 08:04:30.710,0.84992,0.84999,1.00,1.57
2016.08.31 08:04:33.265,0.84992,0.84999,1.00,2.32
2016.08.31 08:04:33.418,0.84993,0.84999,1.00,3.07
2016.08.31 08:04:33.470,0.84991,0.84999,1.00,3.07
2016.08.31 08:04:33.573,0.84991,0.84997,1.00,1.12
2016.08.31 08:04:33.624,0.84991,0.84997,1.00,1.00
2016.08.31 08:04:33.881,0.84991,0.84997,1.00,1.10
2016.08.31 08:04:36.999,0.84991,0.84998,1.00,1.95
2016.08.31 08:04:37.051,0.84991,0.84998,1.00,2.32
2016.08.31 08:04:37.163,0.84991,0.84998,1.00,1.57
2016.08.31 08:04:37.320,0.84991,0.84998,1.00,1.47
2016.08.31 08:04:37.526,0.84992,0.84999,1.00,2.70
2016.08.31 08:04:37.834,0.84992,0.84999,1.00,2.89
2016.08.31 08:04:37.936,0.84992,0.84999,1.00,2.70
2016.08.31 08:04:38.166,0.84992,0.84999,1.00,4.20
2016.08.31 08:04:38.370,0.84992,0.84999,1.00,2.70
2016.08.31 08:04:39.576,0.84991,0.84999,1.00,2.70
2016.08.31 08:04:40.248,0.84991,0.84998,1.00,1.05
2016.08.31 08:04:40.323,0.84991,0.84998,1.00,1.10
2016.08.31 08:04:40.442,0.84991,0.84998,1.00,2.32
2016.08.31 08:04:40.545,0.8499,0.84998,1.50,1.05
2016.08.31 08:04:40.749,0.8499,0.84998,1.50,1.10
2016.08.31 08:04:40.800,0.84992,0.84999,1.00,4.42
2016.08.31 08:04:40.852,0.84992,0.84999,1.00,1.57
2016.08.31 08:04:40.954,0.84992,0.85,1.00,2.70
2016.08.31 08:04:41.006,0.84993,0.84998,1.00,1.10
2016.08.31 08:04:41.058,0.84992,0.84996,1.00,1.00
2016.08.31 08:04:41.180,0.84991,0.84998,1.00,1.00
2016.08.31 08:04:41.232,0.84991,0.84995,1.00,1.00
2016.08.31 08:04:41.284,0.84991,0.84997,1.00,1.00
2016.08.31 08:04:41.490,0.8499,0.84994,1.12,1.00
2016.08.31 08:04:41.542,0.84991,0.84996,1.00,1.00
2016.08.31 08:04:42.080,0.84991,0.84997,1.00,1.00
2016.08.31 08:04:42.284,0.84989,0.84997,1.12,1.00
2016.08.31 08:04:42.386,0.84989,0.84997,1.12,2.25
2016.08.31 08:04:44.271,0.84989,0.84996,1.12,1.00
2016.08.31 08:04:44.600,0.84989,0.84997,1.12,1.12
2016.08.31 08:04:44.736,0.8499,0.84995,1.00,1.00
2016.08.31 08:04:44.788,0.84989,0.84997,1.12,1.12
2016.08.31 08:04:44.839,0.84989,0.84995,1.12,1.00
2016.08.31 08:04:44.941,0.84989,0.84997,1.12,2.62
2016.08.31 08:04:44.993,0.84989,0.84996,1.12,1.00
2016.08.31 08:04:45.098,0.84989,0.84996,1.12,2.25
2016.08.31 08:04:45.189,0.8499,0.84996,1.00,1.00
2016.08.31 08:04:45.293,0.84989,0.84996,1.87,1.00
2016.08.31 08:04:45.396,0.8499,0.84996,1.00,1.00
2016.08.31 08:04:45.498,0.84989,0.84996,1.87,1.00
2016.08.31 08:04:45.682,0.84989,0.84997,1.12,1.12
2016.08.31 08:04:45.785,0.84988,0.84996,2.25,1.00
2016.08.31 08:04:45.993,0.84989,0.84997,1.12,2.62
2016.08.31 08:04:46.045,0.8499,0.84997,1.00,3.00
2016.08.31 08:04:46.097,0.84989,0.84997,1.12,3.37
2016.08.31 08:04:46.148,0.8499,0.84997,1.00,2.62
2016.08.31 08:04:46.199,0.84988,0.84995,2.32,1.00
2016.08.31 08:04:46.292,0.84989,0.84996,1.12,1.50
2016.08.31 08:04:46.343,0.8499,0.84997,1.00,1.00
2016.08.31 08:04:46.394,0.84989,0.84997,1.12,1.00
2016.08.31 08:04:46.476,0.84989,0.84997,1.12,1.30
2016.08.31 08:04:46.527,0.84991,0.84996,1.00,1.00
2016.08.31 08:04:46.629,0.8499,0.84998,1.00,2.32
2016.08.31 08:04:46.731,0.8499,0.84998,1.00,2.62
2016.08.31 08:04:46.783,0.84991,0.84998,1.00,1.95
2016.08.31 08:04:46.834,0.84991,0.84998,1.00,1.20
2016.08.31 08:04:47.052,0.84992,0.84998,1.00,1.10
2016.08.31 08:04:47.103,0.84991,0.84998,1.00,1.00
2016.08.31 08:04:47.154,0.84991,0.84998,1.00,1.50
2016.08.31 08:04:47.308,0.84991,0.84998,1.00,1.00
2016.08.31 08:04:47.750,0.84993,0.84998,1.00,1.00
2016.08.31 08:04:48.006,0.84993,0.84999,1.00,1.12
2016.08.31 08:04:48.109,0.84993,0.84999,1.50,1.00
2016.08.31 08:04:48.161,0.84993,0.85001,1.50,3.00
2016.08.31 08:04:48.212,0.84993,0.84999,1.00,1.00
2016.08.31 08:04:48.315,0.84992,0.84999,1.00,1.00
2016.08.31 08:04:48.366,0.84992,0.84999,1.50,1.00
2016.08.31 08:04:48.734,0.84992,0.84999,2.25,1.00
2016.08.31 08:04:48.785,0.84993,0.84999,1.00,1.00
2016.08.31 08:04:50.607,0.84992,0.84999,3.00,1.00
2016.08.31 08:04:50.658,0.84992,0.84998,1.50,1.00
2016.08.31 08:04:50.762,0.84992,0.84997,1.00,1.00
2016.08.31 08:04:50.814,0.84991,0.84998,1.12,1.00
2016.08.31 08:04:50.917,0.84991,0.84997,1.00,1.00
2016.08.31 08:04:51.139,0.8499,0.84997,3.75,1.00
2016.08.31 08:04:51.809,0.84991,0.84998,1.00,1.00
2016.08.31 08:04:51.936,0.8499,0.84997,3.00,1.00
2016.08.31 08:04:52.089,0.84991,0.84997,1.12,1.00
2016.08.31 08:04:52.243,0.84991,0.84997,1.87,1.00
2016.08.31 08:04:52.396,0.84991,0.84997,1.12,1.00
2016.08.31 08:04:52.447,0.84991,0.84997,1.87,1.00
2016.08.31 08:04:52.498,0.84991,0.84997,2.62,1.00
2016.08.31 08:04:52.678,0.84991,0.84998,1.87,1.00
2016.08.31 08:04:52.834,0.84991,0.84997,1.12,1.00
2016.08.31 08:04:52.886,0.8499,0.84997,2.25,1.00
2016.08.31 08:04:52.937,0.8499,0.84997,1.87,1.00
2016.08.31 08:04:52.989,0.8499,0.84997,2.62,1.00
2016.08.31 08:04:53.401,0.8499,0.84997,3.37,1.00
2016.08.31 08:04:54.829,0.84992,0.84999,1.00,1.12
2016.08.31 08:04:54.932,0.84992,0.84999,1.12,1.00
2016.08.31 08:04:55.087,0.84992,0.84999,1.12,1.00
2016.08.31 08:04:55.189,0.84992,0.84999,1.12,1.10
2016.08.31 08:04:55.240,0.84993,0.84999,1.00,1.10
2016.08.31 08:04:55.292,0.84994,0.84999,1.00,1.10
2016.08.31 08:04:55.343,0.84994,0.85001,2.25,1.95
2016.08.31 08:04:55.486,0.84994,0.85001,1.50,1.95
2016.08.31 08:04:55.897,0.84994,0.85001,1.50,3.45
2016.08.31 08:04:56.000,0.84994,0.85001,1.50,2.70
2016.08.31 08:04:56.051,0.84995,0.85001,1.00,2.70
2016.08.31 08:04:56.102,0.84995,0.85002,1.00,2.62
2016.08.31 08:04:56.153,0.84995,0.85002,1.00,1.95
2016.08.31 08:05:00.178,0.84996,0.85001,1.00,1.12
2016.08.31 08:05:01.046,0.84996,0.85001,1.00,1.00
2016.08.31 08:05:03.442,0.84994,0.85002,2.25,1.57
2016.08.31 08:05:03.493,0.84994,0.85002,1.50,1.57
2016.08.31 08:05:03.634,0.84994,0.85002,1.00,1.57
2016.08.31 08:05:03.790,0.84994,0.85001,1.00,1.50
2016.08.31 08:05:04.039,0.84994,0.85002,1.00,1.57
2016.08.31 08:05:04.090,0.84994,0.85002,1.00,3.07
2016.08.31 08:05:04.395,0.84994,0.85002,1.00,1.57
2016.08.31 08:05:04.498,0.84994,0.85002,1.00,3.07
2016.08.31 08:05:04.719,0.84994,0.85002,1.00,1.57
2016.08.31 08:05:04.821,0.84994,0.85001,1.00,1.50
2016.08.31 08:05:04.991,0.84994,0.85002,1.00,1.57
2016.08.31 08:05:05.094,0.84994,0.85002,1.00,3.07
2016.08.31 08:05:05.311,0.84994,0.85002,1.00,1.57
2016.08.31 08:05:05.362,0.84996,0.85001,1.00,1.00
2016.08.31 08:05:05.719,0.84996,0.85002,1.00,1.20
2016.08.31 08:05:05.851,0.84996,0.85002,1.00,1.12
2016.08.31 08:05:05.902,0.84996,0.85004,1.00,2.70
2016.08.31 08:05:05.954,0.84996,0.85004,1.50,2.70
2016.08.31 08:05:06.005,0.84997,0.85004,1.00,2.40
2016.08.31 08:05:06.056,0.84997,0.85004,1.00,2.32
2016.08.31 08:05:06.261,0.84998,0.85004,1.00,1.57
2016.08.31 08:05:06.312,0.84999,0.85005,1.00,1.82
2016.08.31 08:05:06.363,0.84999,0.85006,1.00,1.47
2016.08.31 08:05:06.415,0.84999,0.85006,1.00,1.10
2016.08.31 08:05:06.567,0.84999,0.85006,1.00,1.00
2016.08.31 08:05:07.131,0.84999,0.85007,1.00,1.10
2016.08.31 08:05:07.661,0.85,0.85007,1.00,1.10
2016.08.31 08:05:12.248,0.84999,0.85007,1.87,1.10
2016.08.31 08:05:12.351,0.85001,0.85006,1.00,1.50
2016.08.31 08:05:12.454,0.85001,0.85006,1.00,1.00
2016.08.31 08:05:12.658,0.84999,0.85007,1.00,1.87
2016.08.31 08:05:12.735,0.84999,0.85005,1.00,1.12
2016.08.31 08:05:12.787,0.84998,0.85005,1.12,1.12
2016.08.31 08:05:12.839,0.84998,0.85005,1.12,4.12
2016.08.31 08:05:12.891,0.84997,0.85005,1.00,4.95
2016.08.31 08:05:12.943,0.84997,0.85005,1.12,4.27
2016.08.31 08:05:12.994,0.84997,0.85005,1.12,3.52
2016.08.31 08:05:13.046,0.84997,0.85005,1.12,4.27
2016.08.31 08:05:13.151,0.84998,0.85003,1.00,1.00
2016.08.31 08:05:13.254,0.84998,0.85003,1.00,1.10
2016.08.31 08:05:13.458,0.84997,0.85003,1.00,1.57
2016.08.31 08:05:13.709,0.84996,0.85002,1.00,1.50
2016.08.31 08:05:13.760,0.84995,0.85002,1.00,3.37
2016.08.31 08:05:13.813,0.84994,0.85002,1.12,3.45
2016.08.31 08:05:13.864,0.84994,0.85002,1.00,3.45
2016.08.31 08:05:13.916,0.84994,0.85002,1.00,4.20
2016.08.31 08:05:13.967,0.84994,0.85001,1.00,1.00
2016.08.31 08:05:14.484,0.84995,0.85,1.00,1.00
2016.08.31 08:05:15.314,0.84993,0.85,1.50,1.00
2016.08.31 08:05:16.089,0.84993,0.85,1.12,1.00
2016.08.31 08:05:17.468,0.84993,0.85,1.87,1.00
2016.08.31 08:05:17.995,0.84993,0.85001,2.25,1.00
2016.08.31 08:05:18.048,0.84993,0.85001,3.75,1.00
2016.08.31 08:05:18.100,0.84994,0.85001,1.00,1.00
2016.08.31 08:05:18.152,0.84994,0.84999,1.50,1.00
2016.08.31 08:05:18.306,0.84994,0.84999,1.00,1.00
2016.08.31 08:05:18.817,0.84995,0.85,1.00,1.00
2016.08.31 08:05:18.869,0.84995,0.85,1.12,1.00
2016.08.31 08:05:18.920,0.84994,0.85001,1.37,1.00
2016.08.31 08:05:19.067,0.84995,0.85002,1.57,1.00
2016.08.31 08:05:19.118,0.84996,0.85002,1.37,1.00
2016.08.31 08:05:19.223,0.84996,0.85003,1.37,1.57
2016.08.31 08:05:19.786,0.84995,0.85003,2.32,1.57
2016.08.31 08:05:19.990,0.84995,0.85003,3.90,1.57
2016.08.31 08:05:20.042,0.84996,0.85004,1.37,1.37
2016.08.31 08:05:20.094,0.84997,0.85003,1.00,1.12
2016.08.31 08:05:20.197,0.84997,0.85003,1.87,1.12
2016.08.31 08:05:20.260,0.84997,0.85004,4.87,1.37
2016.08.31 08:05:20.312,0.84997,0.85004,4.12,1.37
2016.08.31 08:05:20.365,0.84998,0.85004,1.37,1.00
2016.08.31 08:05:20.595,0.84998,0.85004,1.87,1.00
2016.08.31 08:05:20.647,0.84998,0.85004,1.87,1.12
2016.08.31 08:05:20.699,0.84998,0.85004,1.12,1.87
2016.08.31 08:05:20.802,0.84997,0.85003,3.00,1.00
2016.08.31 08:05:20.855,0.84997,0.85003,3.00,1.12
2016.08.31 08:05:21.213,0.84997,0.85003,3.00,1.87
2016.08.31 08:05:21.597,0.84997,0.85003,2.25,1.12
2016.08.31 08:05:21.649,0.84997,0.85003,2.25,1.00
2016.08.31 08:05:23.300,0.84997,0.85003,3.00,1.00
2016.08.31 08:05:23.406,0.84997,0.85003,2.25,1.00
2016.08.31 08:05:23.559,0.84997,0.85003,1.50,1.00
2016.08.31 08:05:23.763,0.84997,0.85004,1.50,2.62
2016.08.31 08:05:24.120,0.84997,0.85004,1.50,3.37
2016.08.31 08:05:24.171,0.84997,0.85004,1.50,1.87
2016.08.31 08:05:24.293,0.84997,0.85004,1.50,1.12
2016.08.31 08:05:24.655,0.84997,0.85004,1.50,1.00
2016.08.31 08:05:24.964,0.84997,0.85004,2.25,1.00
2016.08.31 08:05:26.217,0.84998,0.85004,1.00,1.00
2016.08.31 08:05:26.422,0.84997,0.85004,3.00,1.00
2016.08.31 08:05:26.473,0.84997,0.85004,3.00,1.12
2016.08.31 08:05:26.525,0.84997,0.85004,2.25,1.87
2016.08.31 08:05:26.576,0.84997,0.85004,2.25,3.75
2016.08.31 08:05:26.627,0.84997,0.85002,1.12,1.00
2016.08.31 08:05:26.679,0.84997,0.85002,1.12,1.12
2016.08.31 08:05:26.730,0.84996,0.85002,1.57,1.12
2016.08.31 08:05:26.804,0.84995,0.85002,1.87,1.12
2016.08.31 08:05:26.884,0.84995,0.85003,1.87,3.75
2016.08.31 08:05:26.936,0.84995,0.85003,1.50,3.37
2016.08.31 08:05:26.987,0.84995,0.85003,1.50,2.62
2016.08.31 08:05:27.447,0.84995,0.85003,1.50,2.25
2016.08.31 08:05:27.549,0.84995,0.85003,1.50,2.62
2016.08.31 08:05:27.925,0.84995,0.85003,1.50,3.37
2016.08.31 08:05:28.131,0.84995,0.85002,1.50,1.00
2016.08.31 08:05:28.335,0.84995,0.85002,1.50,2.25
2016.08.31 08:05:28.743,0.84994,0.85002,2.32,3.00
2016.08.31 08:05:28.988,0.84995,0.85002,1.37,2.25
2016.08.31 08:05:29.090,0.84995,0.85002,1.37,3.00
2016.08.31 08:05:29.396,0.84994,0.85002,1.50,3.00
2016.08.31 08:05:30.349,0.84993,0.85001,4.20,1.00
2016.08.31 08:05:31.064,0.84993,0.85001,3.82,1.00
2016.08.31 08:05:31.490,0.84993,0.85001,3.07,1.00
2016.08.31 08:05:33.086,0.84993,0.85001,3.82,1.00
2016.08.31 08:05:34.367,0.84997,0.85002,1.00,1.12
2016.08.31 08:05:34.418,0.84996,0.85003,1.50,1.47
2016.08.31 08:05:34.470,0.84996,0.85003,1.50,1.47
2016.08.31 08:05:34.521,0.84996,0.85001,1.87,1.00
2016.08.31 08:05:34.572,0.84996,0.85001,1.37,1.00
2016.08.31 08:05:34.623,0.84996,0.85001,1.00,1.00
2016.08.31 08:05:37.436,0.84995,0.85003,5.06,1.87
2016.08.31 08:05:37.487,0.84995,0.85003,4.69,1.87
2016.08.31 08:05:37.538,0.84996,0.85003,1.56,1.87
2016.08.31 08:05:38.273,0.84996,0.85003,1.31,1.87
2016.08.31 08:05:38.325,0.84996,0.85002,2.06,1.12
2016.08.31 08:05:38.458,0.84996,0.85002,2.06,1.12
2016.08.31 08:05:39.034,0.84998,0.85003,1.00,1.87
2016.08.31 08:05:39.776,0.84998,0.85003,1.00,1.12
2016.08.31 08:05:41.140,0.84998,0.85003,1.00,1.87
2016.08.31 08:05:41.195,0.84998,0.85003,1.00,1.12
2016.08.31 08:05:41.247,0.84998,0.85003,1.00,1.12
2016.08.31 08:05:41.472,0.84998,0.85003,1.00,1.12
2016.08.31 08:05:41.574,0.84996,0.85003,2.06,1.12
2016.08.31 08:05:41.626,0.84996,0.85003,1.00,1.87
2016.08.31 08:05:41.677,0.84996,0.85003,1.00,3.37
2016.08.31 08:05:41.843,0.84996,0.85003,1.00,2.62
2016.08.31 08:05:42.099,0.84996,0.85003,1.00,3.37
2016.08.31 08:05:42.744,0.84996,0.85003,1.00,2.62
2016.08.31 08:05:42.847,0.84996,0.85003,1.00,3.37
2016.08.31 08:05:42.898,0.84996,0.85003,1.00,2.62
2016.08.31 08:05:44.251,0.84996,0.85001,1.00,1.00
2016.08.31 08:05:44.354,0.84996,0.85001,1.00,1.00
2016.08.31 08:05:45.956,0.84995,0.85001,1.37,1.00
2016.08.31 08:05:46.007,0.84994,0.85001,1.87,1.00
2016.08.31 08:05:46.058,0.84994,0.85001,1.50,1.00
2016.08.31 08:05:46.109,0.84994,0.85001,1.00,1.00
2016.08.31 08:05:46.160,0.84993,0.85,1.57,1.00
2016.08.31 08:05:46.320,0.84992,0.85,1.95,1.00
2016.08.31 08:05:46.371,0.84992,0.85,1.50,1.00
2016.08.31 08:05:46.525,0.84991,0.84998,3.07,1.00
2016.08.31 08:05:46.576,0.84991,0.84999,2.32,1.00
2016.08.31 08:05:46.628,0.84991,0.84999,2.25,1.91
2016.08.31 08:05:46.679,0.84991,0.84998,3.75,1.00
2016.08.31 08:05:46.731,0.84992,0.84997,1.00,1.00
2016.08.31 08:05:46.782,0.8499,0.84998,2.25,1.50
2016.08.31 08:05:46.834,0.8499,0.84997,2.25,1.00
2016.08.31 08:05:46.937,0.84989,0.84995,1.12,1.00
2016.08.31 08:05:46.988,0.84988,0.84993,3.37,1.00
2016.08.31 08:05:47.040,0.84988,0.84993,3.00,1.50
2016.08.31 08:05:47.139,0.84988,0.84993,2.62,1.50
2016.08.31 08:05:47.190,0.84988,0.84994,1.57,1.00
2016.08.31 08:05:47.242,0.84988,0.84994,1.00,1.00
2016.08.31 08:05:47.344,0.84986,0.84994,2.32,1.00
2016.08.31 08:05:47.395,0.84986,0.84994,2.32,1.37
2016.08.31 08:05:47.629,0.84986,0.84994,3.07,1.37
2016.08.31 08:05:47.987,0.84986,0.84994,2.32,1.37
2016.08.31 08:05:48.141,0.84986,0.84994,2.55,1.87
2016.08.31 08:05:48.243,0.84986,0.84994,2.32,1.87
2016.08.31 08:05:48.295,0.84986,0.84994,2.70,1.87
2016.08.31 08:05:48.659,0.84986,0.84994,2.32,1.87
2016.08.31 08:05:49.038,0.84986,0.84993,2.32,1.12
2016.08.31 08:05:49.368,0.84986,0.84993,2.32,1.50
2016.08.31 08:05:49.419,0.84986,0.84993,2.32,1.00
2016.08.31 08:05:50.201,0.84986,0.84993,1.57,1.12
2016.08.31 08:05:51.324,0.84986,0.84994,1.57,2.25
2016.08.31 08:05:51.375,0.84987,0.84994,1.10,1.87
2016.08.31 08:05:51.502,0.84988,0.84993,1.20,1.50
2016.08.31 08:05:51.554,0.84988,0.84993,1.12,1.00
2016.08.31 08:05:51.960,0.84988,0.84995,1.12,1.50
2016.08.31 08:05:52.012,0.84988,0.84995,1.31,1.00
2016.08.31 08:05:52.063,0.84989,0.84996,1.00,1.50
2016.08.31 08:05:52.114,0.84989,0.84996,1.00,1.00
2016.08.31 08:05:52.166,0.84989,0.84996,1.50,1.00
2016.08.31 08:05:52.217,0.84989,0.84996,1.12,1.00
2016.08.31 08:05:52.319,0.84989,0.84996,1.87,1.00
2016.08.31 08:05:52.711,0.84989,0.84995,1.12,1.50
2016.08.31 08:05:52.815,0.84988,0.84995,2.32,1.50
2016.08.31 08:05:52.918,0.84988,0.84994,1.57,1.00
2016.08.31 08:05:53.021,0.84988,0.84993,1.50,1.00
2016.08.31 08:05:53.528,0.84988,0.84993,1.57,1.00
2016.08.31 08:05:53.631,0.84988,0.84993,1.50,1.00
2016.08.31 08:05:53.937,0.84988,0.84993,1.57,1.00
2016.08.31 08:05:54.142,0.84988,0.84994,1.50,1.00
2016.08.31 08:05:54.193,0.84988,0.84994,1.50,1.12
2016.08.31 08:05:54.356,0.84988,0.84994,1.57,1.87
2016.08.31 08:05:55.071,0.84988,0.84994,1.57,1.50
2016.08.31 08:05:55.122,0.84988,0.84993,2.25,1.00
2016.08.31 08:05:56.123,0.84988,0.84993,2.62,1.00
2016.08.31 08:05:59.017,0.84988,0.84993,3.37,1.00
2016.08.31 08:05:59.068,0.84989,0.84993,1.00,1.00
2016.08.31 08:05:59.940,0.84989,0.84993,1.50,1.00
2016.08.31 08:06:00.042,0.84989,0.84994,1.50,1.00
2016.08.31 08:06:00.428,0.84989,0.84994,1.69,1.50
2016.08.31 08:06:00.550,0.84989,0.84994,1.69,1.87
2016.08.31 08:06:00.652,0.84989,0.84994,1.50,1.12
2016.08.31 08:06:01.025,0.84989,0.84994,1.00,1.12
2016.08.31 08:06:01.270,0.84987,0.84994,3.90,1.12
2016.08.31 08:06:01.321,0.84988,0.84994,1.01,1.87
2016.08.31 08:06:01.372,0.84987,0.84994,3.71,1.87
2016.08.31 08:06:01.525,0.84987,0.84994,2.21,1.12
2016.08.31 08:06:01.848,0.84987,0.84995,2.96,2.25
2016.08.31 08:06:01.899,0.84988,0.84995,1.00,2.25
2016.08.31 08:06:01.950,0.84988,0.84995,1.50,2.25
2016.08.31 08:06:02.052,0.84988,0.84995,1.87,2.25
2016.08.31 08:06:02.457,0.84988,0.84994,1.87,1.12
2016.08.31 08:06:02.559,0.84988,0.84994,1.50,1.12
2016.08.31 08:06:02.662,0.84989,0.84993,1.12,1.00
2016.08.31 08:06:02.852,0.84989,0.84994,1.12,1.50
2016.08.31 08:06:02.907,0.84988,0.84994,1.00,1.00
2016.08.31 08:06:03.573,0.84988,0.84993,1.00,1.00
2016.08.31 08:06:03.676,0.84987,0.84993,1.95,1.00
2016.08.31 08:06:03.778,0.84987,0.84994,2.70,1.00
2016.08.31 08:06:03.829,0.84987,0.84994,4.39,1.00
2016.08.31 08:06:03.917,0.84987,0.84996,5.32,2.25
2016.08.31 08:06:03.975,0.84988,0.84996,1.50,2.25
2016.08.31 08:06:04.026,0.84988,0.84996,1.57,2.25
2016.08.31 08:06:04.077,0.84988,0.84996,1.20,2.25
2016.08.31 08:06:04.544,0.84988,0.84996,1.12,2.25
2016.08.31 08:06:04.595,0.84987,0.84995,4.46,1.00
2016.08.31 08:06:04.646,0.84987,0.84994,3.52,1.00
2016.08.31 08:06:04.698,0.84987,0.84993,1.95,1.00
2016.08.31 08:06:04.749,0.84987,0.84993,1.57,1.00
2016.08.31 08:06:04.800,0.84987,0.84992,1.10,1.00
2016.08.31 08:06:04.965,0.84986,0.84992,1.65,1.00
2016.08.31 08:06:05.017,0.84986,0.84992,1.27,1.00
2016.08.31 08:06:05.119,0.84986,0.84992,1.17,1.00
2016.08.31 08:06:05.222,0.84986,0.84994,1.27,1.10
2016.08.31 08:06:05.375,0.84986,0.84994,2.02,1.10
2016.08.31 08:06:05.426,0.84986,0.84994,1.27,1.10
2016.08.31 08:06:07.121,0.84986,0.84994,1.17,1.10
2016.08.31 08:06:07.866,0.84986,0.84994,1.65,1.10
2016.08.31 08:06:08.070,0.84986,0.84994,1.17,1.10
2016.08.31 08:06:10.872,0.84986,0.84993,1.17,1.00
2016.08.31 08:06:11.310,0.84986,0.84994,1.17,1.10
2016.08.31 08:06:11.415,0.84985,0.84993,2.70,1.00
2016.08.31 08:06:11.467,0.84985,0.84993,3.64,1.12
2016.08.31 08:06:11.518,0.84988,0.84993,1.00,1.12
2016.08.31 08:06:11.570,0.84985,0.84992,1.95,1.00
2016.08.31 08:06:11.740,0.84986,0.84992,1.20,1.00
2016.08.31 08:06:11.792,0.84987,0.84993,1.10,1.12
2016.08.31 08:06:11.844,0.84987,0.84994,1.10,1.87
2016.08.31 08:06:11.947,0.84986,0.84993,2.70,1.00
2016.08.31 08:06:12.100,0.84987,0.84993,1.07,1.00
2016.08.31 08:06:12.151,0.84987,0.84993,1.10,1.00
2016.08.31 08:06:12.525,0.84991,0.84995,1.00,1.10
2016.08.31 08:06:12.657,0.84991,0.84996,1.50,1.95
2016.08.31 08:06:12.709,0.84991,0.84996,1.12,1.00
2016.08.31 08:06:12.913,0.84991,0.84996,1.00,1.00
2016.08.31 08:06:13.015,0.84989,0.84996,3.00,1.00
2016.08.31 08:06:13.117,0.84989,0.84996,1.50,1.00
2016.08.31 08:06:13.169,0.84988,0.84996,3.07,1.00
2016.08.31 08:06:13.220,0.84988,0.84996,2.32,1.00
2016.08.31 08:06:13.271,0.84988,0.84996,2.59,1.00
2016.08.31 08:06:13.322,0.84988,0.84996,2.51,1.00
2016.08.31 08:06:13.374,0.84988,0.84996,2.25,1.00
2016.08.31 08:06:13.543,0.84988,0.84996,1.69,1.00
2016.08.31 08:06:14.162,0.84988,0.84996,1.50,1.00
2016.08.31 08:06:14.453,0.84988,0.84996,1.69,1.00
2016.08.31 08:06:14.875,0.84989,0.84994,1.00,1.00
2016.08.31 08:06:14.926,0.84988,0.84995,1.00,1.00
2016.08.31 08:06:14.977,0.84988,0.84995,1.25,1.00
2016.08.31 08:06:15.547,0.84988,0.84995,4.24,1.00
2016.08.31 08:06:15.599,0.84988,0.84995,4.99,1.00
2016.08.31 08:06:15.651,0.84989,0.84995,1.50,1.00
2016.08.31 08:06:15.856,0.84988,0.84995,2.44,1.00
2016.08.31 08:06:16.009,0.84988,0.84995,1.69,1.00
2016.08.31 08:06:16.264,0.84988,0.84992,1.80,1.00
2016.08.31 08:06:16.315,0.84988,0.84993,1.80,1.00
2016.08.31 08:06:16.443,0.84987,0.84995,4.76,1.00
2016.08.31 08:06:16.498,0.84987,0.84995,3.64,1.00
2016.08.31 08:06:16.549,0.84988,0.84995,2.06,1.00
2016.08.31 08:06:16.652,0.84989,0.84996,1.25,1.00
2016.08.31 08:06:16.754,0.8499,0.84996,1.00,1.00
2016.08.31 08:06:16.958,0.84989,0.84996,1.00,1.00
2016.08.31 08:06:17.060,0.84991,0.84997,1.00,2.25
2016.08.31 08:06:17.640,0.84991,0.84997,1.00,1.00
2016.08.31 08:06:20.651,0.8499,0.84998,1.00,2.70
2016.08.31 08:06:20.703,0.8499,0.84998,1.00,1.95
2016.08.31 08:06:20.755,0.84991,0.84998,1.00,1.20
2016.08.31 08:06:20.857,0.8499,0.84998,1.50,1.95
2016.08.31 08:06:21.010,0.8499,0.84998,1.00,1.95
2016.08.31 08:06:21.882,0.8499,0.84998,1.00,1.20
2016.08.31 08:06:24.108,0.84991,0.84998,1.00,1.20
2016.08.31 08:06:25.887,0.84991,0.84998,1.00,1.95
2016.08.31 08:06:25.989,0.84991,0.84998,1.00,1.20
2016.08.31 08:06:29.629,0.8499,0.84998,1.00,1.20
2016.08.31 08:06:31.983,0.8499,0.84997,1.00,1.00
2016.08.31 08:06:32.493,0.8499,0.84997,1.00,1.25
2016.08.31 08:06:32.646,0.8499,0.84997,1.00,1.31
2016.08.31 08:06:32.773,0.8499,0.84997,1.00,1.39
2016.08.31 08:06:32.978,0.8499,0.84997,1.00,1.20
2016.08.31 08:06:33.684,0.8499,0.84997,1.00,1.95
2016.08.31 08:06:33.887,0.8499,0.84997,1.00,2.14
2016.08.31 08:06:34.468,0.8499,0.84997,1.00,1.95
2016.08.31 08:06:34.778,0.8499,0.84997,1.00,1.20
2016.08.31 08:06:35.253,0.8499,0.84996,1.00,1.57
2016.08.31 08:06:35.356,0.84989,0.84994,1.00,1.00
2016.08.31 08:06:37.728,0.84985,0.84991,2.59,1.00
2016.08.31 08:06:37.779,0.84985,0.8499,1.01,1.00
2016.08.31 08:06:37.830,0.84984,0.84989,1.57,1.00
2016.08.31 08:06:37.882,0.84985,0.84989,1.00,1.00
2016.08.31 08:06:37.933,0.84981,0.84989,6.75,1.00
2016.08.31 08:06:37.985,0.84983,0.84987,1.00,1.00
2016.08.31 08:06:38.036,0.84983,0.84987,1.12,1.00
2016.08.31 08:06:38.087,0.84983,0.84987,1.00,1.00
2016.08.31 08:06:38.240,0.84982,0.84987,1.12,1.00
2016.08.31 08:06:38.338,0.84981,0.84989,4.80,1.00
2016.08.31 08:06:38.390,0.84982,0.84989,2.62,1.00
2016.08.31 08:06:38.443,0.84982,0.84989,3.00,1.00
2016.08.31 08:06:38.652,0.84982,0.84989,2.62,1.00
2016.08.31 08:06:38.705,0.84982,0.84989,3.37,1.00
2016.08.31 08:06:38.756,0.84982,0.84989,1.87,1.00
2016.08.31 08:06:38.808,0.84982,0.84989,2.10,1.00
2016.08.31 08:06:39.013,0.84982,0.84989,1.12,1.00
2016.08.31 08:06:41.500,0.84982,0.84989,1.35,1.00
2016.08.31 08:06:41.602,0.84982,0.84989,1.12,1.00
2016.08.31 08:06:43.221,0.84981,0.84988,4.42,1.00
2016.08.31 08:06:43.275,0.84981,0.84988,6.11,1.00
2016.08.31 08:06:44.746,0.84981,0.84988,5.74,1.00
2016.08.31 08:06:44.797,0.84981,0.84988,4.05,1.00
2016.08.31 08:06:44.900,0.84981,0.84988,4.24,1.00
2016.08.31 08:06:44.951,0.84981,0.84988,3.49,1.00
2016.08.31 08:06:45.105,0.84982,0.84988,1.54,1.00
2016.08.31 08:06:45.207,0.84983,0.84989,1.30,1.00
2016.08.31 08:06:45.259,0.84983,0.8499,2.47,1.00
2016.08.31 08:06:45.310,0.84983,0.8499,2.25,1.00
2016.08.31 08:06:45.364,0.84983,0.8499,1.00,1.00
2016.08.31 08:06:45.904,0.84984,0.8499,1.30,1.00
2016.08.31 08:06:46.006,0.84983,0.8499,2.06,1.00
2016.08.31 08:06:46.108,0.84983,0.8499,1.54,1.00
2016.08.31 08:06:46.846,0.84983,0.8499,2.29,1.00
2016.08.31 08:06:46.897,0.84983,0.8499,2.06,1.00
2016.08.31 08:06:47.102,0.84983,0.8499,2.29,1.00
2016.08.31 08:06:47.205,0.84983,0.8499,2.10,1.00
2016.08.31 08:06:47.308,0.84983,0.8499,1.87,1.00
2016.08.31 08:06:49.823,0.84983,0.84989,1.87,1.00
2016.08.31 08:06:49.907,0.84983,0.84989,2.10,1.00
2016.08.31 08:06:50.009,0.84986,0.84993,1.00,4.20
2016.08.31 08:06:50.166,0.84986,0.84993,1.00,5.70
2016.08.31 08:06:50.219,0.84986,0.84993,1.00,3.07
2016.08.31 08:06:50.532,0.84986,0.84993,1.00,2.32
2016.08.31 08:06:50.841,0.84986,0.84993,1.00,3.82
2016.08.31 08:06:52.379,0.84986,0.84993,1.00,1.57
2016.08.31 08:06:52.483,0.84988,0.84993,1.00,1.07
2016.08.31 08:06:52.534,0.84988,0.84994,1.00,1.20
2016.08.31 08:06:52.587,0.84989,0.84994,1.00,1.45
2016.08.31 08:06:52.639,0.8499,0.84994,1.00,1.20
2016.08.31 08:06:52.692,0.8499,0.84994,1.00,1.10
2016.08.31 08:06:52.822,0.8499,0.84997,1.00,3.90
2016.08.31 08:06:52.925,0.8499,0.84997,1.00,3.52
2016.08.31 08:06:53.029,0.8499,0.84997,1.00,2.77
2016.08.31 08:06:53.080,0.8499,0.84997,1.00,2.02
2016.08.31 08:06:53.131,0.8499,0.84997,1.00,2.96
2016.08.31 08:06:53.233,0.8499,0.84997,1.00,2.21
2016.08.31 08:06:54.397,0.84989,0.84997,1.00,3.19
2016.08.31 08:06:54.557,0.84989,0.84995,1.00,3.75
2016.08.31 08:06:54.609,0.84989,0.84993,1.00,1.50
2016.08.31 08:06:54.712,0.84987,0.84993,1.12,1.50
2016.08.31 08:06:54.764,0.84987,0.84993,1.00,1.50
2016.08.31 08:06:54.867,0.84987,0.84993,1.00,1.50
2016.08.31 08:06:55.278,0.84987,0.84994,1.00,1.57
2016.08.31 08:06:55.329,0.84987,0.84994,1.00,1.50
2016.08.31 08:06:55.443,0.84987,0.84994,1.00,1.50
2016.08.31 08:06:55.989,0.84988,0.84994,1.00,1.50
2016.08.31 08:06:56.492,0.84987,0.84994,1.00,1.50
2016.08.31 08:06:57.276,0.84987,0.84995,1.00,3.82
2016.08.31 08:06:57.477,0.84986,0.84992,1.12,1.50
2016.08.31 08:06:57.541,0.84986,0.84991,1.12,1.00
2016.08.31 08:06:57.594,0.84985,0.84991,1.00,1.00
2016.08.31 08:06:57.646,0.84985,0.84991,1.00,1.10
2016.08.31 08:06:57.698,0.84985,0.84991,1.00,1.57
2016.08.31 08:06:57.749,0.84985,0.8499,1.00,1.00
2016.08.31 08:06:57.801,0.84985,0.84992,1.00,1.95
2016.08.31 08:06:57.853,0.84986,0.84992,1.00,1.20
2016.08.31 08:06:57.904,0.84988,0.84993,1.00,1.57
2016.08.31 08:06:57.956,0.84988,0.84994,1.00,2.62
2016.08.31 08:06:58.069,0.84989,0.84994,1.00,1.87
2016.08.31 08:06:58.121,0.84989,0.84996,1.00,4.20
2016.08.31 08:06:58.173,0.84989,0.84996,1.00,3.45
2016.08.31 08:06:58.326,0.84989,0.84996,1.00,1.95
2016.08.31 08:06:58.377,0.84989,0.84996,1.00,1.57
2016.08.31 08:06:58.430,0.84989,0.84996,1.00,2.32
2016.08.31 08:06:58.483,0.84989,0.84996,1.00,2.25
2016.08.31 08:06:58.586,0.84989,0.84996,1.00,1.50
2016.08.31 08:06:58.915,0.8499,0.84996,1.00,1.00
2016.08.31 08:06:58.967,0.8499,0.84996,1.00,1.50
2016.08.31 08:06:59.121,0.84989,0.84996,1.00,3.75
2016.08.31 08:06:59.173,0.84989,0.84996,1.00,4.12
2016.08.31 08:06:59.224,0.84989,0.84994,1.00,1.50
2016.08.31 08:07:00.113,0.84989,0.84996,1.00,3.82
2016.08.31 08:07:00.216,0.8499,0.84996,1.00,3.45
2016.08.31 08:07:00.267,0.8499,0.84996,1.00,3.07
2016.08.31 08:07:00.472,0.84989,0.84996,1.00,2.70
2016.08.31 08:07:00.640,0.84989,0.84996,1.00,3.45
2016.08.31 08:07:00.843,0.84989,0.84996,1.00,2.70
2016.08.31 08:07:00.894,0.84989,0.84996,1.00,1.95
2016.08.31 08:07:02.122,0.84989,0.84997,1.00,4.50
2016.08.31 08:07:02.807,0.8499,0.84995,1.00,1.10
2016.08.31 08:07:02.859,0.84989,0.84996,1.00,2.32
2016.08.31 08:07:02.910,0.84989,0.84995,1.00,1.57
2016.08.31 08:07:02.962,0.84988,0.84995,1.00,2.70
2016.08.31 08:07:03.064,0.84988,0.84995,1.00,3.07
2016.08.31 08:07:03.523,0.84988,0.84995,1.00,2.32
2016.08.31 08:07:03.695,0.84988,0.84995,1.00,3.07
2016.08.31 08:07:03.950,0.84988,0.84995,1.00,2.32
2016.08.31 08:07:04.103,0.84988,0.84995,1.00,1.95
2016.08.31 08:07:04.329,0.84988,0.84995,1.00,3.45
2016.08.31 08:07:04.635,0.84988,0.84995,1.00,1.95
2016.08.31 08:07:04.686,0.84988,0.84995,1.00,1.57
2016.08.31 08:07:04.737,0.84988,0.84996,1.00,4.05
2016.08.31 08:07:04.809,0.84988,0.84996,1.00,3.82
2016.08.31 08:07:04.861,0.84988,0.84996,1.00,3.07
2016.08.31 08:07:06.181,0.84988,0.84996,1.00,3.82
2016.08.31 08:07:06.232,0.84987,0.84994,1.12,1.47
2016.08.31 08:07:06.334,0.84987,0.84994,1.12,1.95
2016.08.31 08:07:06.385,0.84988,0.84993,1.00,1.00
2016.08.31 08:07:06.436,0.84986,0.84993,1.00,1.00
2016.08.31 08:07:06.538,0.84986,0.84993,1.00,1.12
2016.08.31 08:07:07.299,0.84988,0.84993,1.00,1.12
2016.08.31 08:07:07.350,0.84988,0.84993,1.00,1.87
2016.08.31 08:07:07.402,0.84988,0.84993,1.00,1.12
2016.08.31 08:07:07.471,0.84988,0.84994,1.00,2.70
2016.08.31 08:07:07.522,0.84988,0.84994,1.00,1.95
2016.08.31 08:07:07.692,0.84988,0.84994,1.00,1.57
2016.08.31 08:07:07.743,0.84988,0.84994,1.00,1.50
2016.08.31 08:07:08.529,0.84987,0.84994,1.12,1.50
2016.08.31 08:07:08.580,0.84989,0.84994,1.00,2.25
2016.08.31 08:07:08.698,0.84989,0.84996,1.00,3.45
2016.08.31 08:07:08.749,0.84989,0.84996,1.00,2.70
2016.08.31 08:07:08.902,0.84989,0.84996,1.12,2.32
2016.08.31 08:07:09.004,0.84989,0.84996,1.12,1.95
2016.08.31 08:07:10.521,0.84989,0.84997,1.12,5.44
2016.08.31 08:07:10.623,0.84989,0.84997,1.12,5.25
2016.08.31 08:07:10.879,0.8499,0.84997,1.00,5.25
2016.08.31 08:07:11.035,0.8499,0.84997,1.00,1.95
2016.08.31 08:07:11.546,0.8499,0.84996,1.00,1.95
2016.08.31 08:07:13.036,0.84989,0.84996,1.12,1.57
2016.08.31 08:07:13.088,0.8499,0.84996,1.00,1.57
2016.08.31 08:07:13.241,0.8499,0.84997,1.00,3.07
2016.08.31 08:07:13.992,0.84989,0.84997,1.00,3.07
2016.08.31 08:07:14.043,0.84989,0.84996,1.00,1.12
2016.08.31 08:07:14.095,0.84988,0.84996,1.12,2.70
2016.08.31 08:07:14.198,0.8499,0.84995,1.00,1.10
2016.08.31 08:07:14.403,0.84989,0.84996,1.00,1.95
2016.08.31 08:07:14.833,0.84989,0.84996,1.00,2.32
2016.08.31 08:07:15.037,0.8499,0.84996,1.00,1.95
2016.08.31 08:07:15.662,0.8499,0.84996,1.00,1.65
2016.08.31 08:07:15.713,0.8499,0.84996,1.00,1.57
2016.08.31 08:07:16.333,0.8499,0.84996,1.00,1.10
2016.08.31 08:07:18.537,0.84987,0.84995,2.92,2.25
2016.08.31 08:07:18.640,0.84988,0.84995,1.20,1.50
2016.08.31 08:07:18.691,0.84987,0.84995,2.70,1.50
2016.08.31 08:07:18.742,0.84987,0.84994,2.32,2.62
2016.08.31 08:07:18.794,0.84987,0.84994,1.50,2.62
2016.08.31 08:07:18.845,0.84987,0.84994,1.12,1.95
2016.08.31 08:07:18.897,0.84986,0.84993,1.00,1.12
2016.08.31 08:07:18.948,0.84985,0.84993,1.50,1.12
2016.08.31 08:07:19.051,0.84985,0.84991,1.37,1.50
2016.08.31 08:07:19.169,0.84985,0.84993,1.00,1.20
2016.08.31 08:07:19.220,0.84985,0.84993,1.00,1.95
2016.08.31 08:07:19.424,0.84985,0.84993,1.00,3.45
2016.08.31 08:07:19.577,0.84985,0.84992,1.00,1.00
2016.08.31 08:07:19.629,0.84985,0.84992,1.00,2.25
2016.08.31 08:07:19.680,0.84985,0.84992,1.00,3.00
2016.08.31 08:07:19.731,0.84985,0.84992,1.00,4.12
2016.08.31 08:07:20.241,0.84985,0.84992,1.00,4.31
2016.08.31 08:07:20.455,0.84985,0.84992,1.00,3.56
2016.08.31 08:07:20.557,0.84985,0.84992,1.00,3.37
2016.08.31 08:07:21.160,0.84984,0.84992,1.00,3.37
2016.08.31 08:07:21.211,0.84985,0.84992,1.00,2.62
2016.08.31 08:07:21.263,0.84986,0.84992,1.00,1.12
2016.08.31 08:07:21.315,0.84986,0.84993,1.00,2.32
2016.08.31 08:07:21.417,0.84986,0.84993,1.00,1.65
2016.08.31 08:07:21.468,0.84986,0.84993,1.00,1.57
2016.08.31 08:07:21.928,0.84986,0.84994,1.00,4.95
2016.08.31 08:07:22.015,0.84986,0.84994,1.00,4.20
2016.08.31 08:07:22.067,0.84986,0.84994,1.00,3.90
2016.08.31 08:07:22.118,0.84986,0.84994,1.00,3.82
2016.08.31 08:07:22.322,0.84987,0.84994,1.00,1.10
2016.08.31 08:07:22.375,0.84987,0.84995,1.00,5.02
2016.08.31 08:07:22.470,0.84988,0.84995,1.00,1.95
2016.08.31 08:07:22.521,0.84988,0.84996,1.50,1.57
2016.08.31 08:07:22.572,0.84989,0.84996,1.00,1.57
2016.08.31 08:07:22.623,0.84989,0.84997,1.00,4.06
2016.08.31 08:07:22.797,0.84989,0.84996,1.00,2.02
2016.08.31 08:07:22.848,0.8499,0.84997,1.00,2.25
2016.08.31 08:07:22.951,0.84992,0.84997,1.00,1.87
2016.08.31 08:07:23.156,0.84991,0.84997,1.00,2.62
2016.08.31 08:07:23.469,0.84991,0.84997,1.00,1.87
2016.08.31 08:07:23.573,0.84991,0.84997,1.00,1.95
2016.08.31 08:07:23.726,0.84989,0.84997,1.00,4.12
2016.08.31 08:07:23.777,0.84989,0.84996,1.00,1.07
2016.08.31 08:07:24.313,0.84989,0.84996,1.00,1.57
2016.08.31 08:07:24.364,0.84989,0.84996,1.00,1.07
2016.08.31 08:07:24.466,0.84989,0.84996,1.00,1.57
2016.08.31 08:07:24.517,0.84989,0.84996,1.00,1.07
2016.08.31 08:07:24.875,0.84989,0.84996,1.00,2.32
2016.08.31 08:07:25.356,0.84989,0.84996,1.00,3.07
2016.08.31 08:07:25.459,0.84989,0.84995,1.00,1.57
2016.08.31 08:07:25.714,0.8499,0.84996,1.00,1.07
2016.08.31 08:07:27.024,0.8499,0.84996,1.00,2.32
2016.08.31 08:07:27.795,0.84989,0.84996,1.00,3.07
2016.08.31 08:07:27.949,0.84989,0.84995,1.00,1.57
2016.08.31 08:07:28.482,0.84989,0.84996,1.00,2.70
2016.08.31 08:07:28.533,0.8499,0.84996,1.00,1.95
2016.08.31 08:07:28.636,0.84991,0.84997,1.00,1.20
2016.08.31 08:07:28.688,0.84992,0.84998,1.00,1.57
2016.08.31 08:07:28.791,0.84992,0.84998,1.00,1.27
2016.08.31 08:07:28.843,0.84992,0.84998,1.00,1.10
2016.08.31 08:07:29.295,0.84992,0.84998,1.00,1.00
2016.08.31 08:07:29.983,0.84991,0.84998,1.00,1.00
2016.08.31 08:07:30.034,0.84991,0.84998,1.00,1.12
2016.08.31 08:07:30.085,0.84991,0.84998,1.00,3.75
2016.08.31 08:07:30.240,0.84991,0.84998,1.00,1.00
2016.08.31 08:07:30.291,0.84992,0.84998,1.00,1.00
2016.08.31 08:07:30.342,0.84992,0.84999,1.00,1.20
2016.08.31 08:07:30.394,0.84992,0.85,1.00,4.20
2016.08.31 08:07:30.445,0.84992,0.85,1.00,3.45
2016.08.31 08:07:30.621,0.84993,0.85,1.00,1.45
2016.08.31 08:07:30.721,0.84993,0.84998,1.00,1.12
2016.08.31 08:07:30.776,0.84992,0.84999,1.12,1.57
2016.08.31 08:07:30.827,0.84992,0.84998,1.00,1.37
2016.08.31 08:07:30.878,0.84992,0.84998,1.00,2.70
2016.08.31 08:07:31.237,0.84992,0.84998,1.00,3.07
2016.08.31 08:07:31.289,0.84992,0.84997,1.00,2.25
2016.08.31 08:07:31.340,0.84992,0.84997,1.00,2.32
2016.08.31 08:07:31.510,0.84992,0.84998,1.00,4.50
2016.08.31 08:07:31.613,0.84992,0.84997,1.00,1.07
2016.08.31 08:07:36.590,0.84993,0.84998,1.00,1.45
2016.08.31 08:07:36.642,0.84993,0.84998,1.00,1.10
2016.08.31 08:07:36.744,0.84993,0.84999,1.00,3.00
2016.08.31 08:07:36.897,0.84993,0.84998,1.00,1.47
2016.08.31 08:07:36.999,0.84993,0.84999,1.00,4.50
2016.08.31 08:07:37.051,0.84993,0.84999,1.00,4.12
2016.08.31 08:07:37.102,0.84993,0.84999,1.00,1.50
2016.08.31 08:07:37.261,0.84993,0.84999,1.00,3.00
2016.08.31 08:07:37.568,0.84993,0.84999,1.00,3.75
2016.08.31 08:07:37.671,0.84993,0.85,1.00,3.45
2016.08.31 08:07:37.723,0.84993,0.85,1.00,2.70
2016.08.31 08:07:37.775,0.84993,0.85,1.00,4.20
2016.08.31 08:07:37.827,0.84995,0.85,1.00,4.95
2016.08.31 08:07:37.878,0.84995,0.85,1.00,3.45
2016.08.31 08:07:37.930,0.84993,0.85,1.00,1.47
2016.08.31 08:07:38.007,0.84993,0.85,1.00,1.95
2016.08.31 08:07:38.061,0.84993,0.85,1.00,2.70
2016.08.31 08:07:38.164,0.84993,0.85,1.00,1.95
2016.08.31 08:07:38.216,0.84995,0.85,1.00,1.20
2016.08.31 08:07:38.267,0.84995,0.85,1.00,1.47
2016.08.31 08:07:38.320,0.84995,0.85,1.00,1.57
2016.08.31 08:07:38.371,0.84995,0.85,1.00,2.32
2016.08.31 08:07:38.423,0.84994,0.85,1.00,2.70
2016.08.31 08:07:38.474,0.84994,0.85,1.00,1.95
2016.08.31 08:07:38.576,0.84994,0.85,1.00,3.45
2016.08.31 08:07:38.730,0.84994,0.85,1.00,2.70
2016.08.31 08:07:38.857,0.84994,0.85,1.00,1.57
2016.08.31 08:07:38.959,0.84993,0.85,1.00,2.70
2016.08.31 08:07:39.010,0.84992,0.85,1.00,3.82
2016.08.31 08:07:39.062,0.84992,0.84998,1.00,1.00
2016.08.31 08:07:39.113,0.84992,0.84998,1.00,1.10
2016.08.31 08:07:39.165,0.84992,0.84998,1.00,1.57
2016.08.31 08:07:39.272,0.84993,0.84998,1.00,1.10
2016.08.31 08:07:39.604,0.84991,0.84998,1.50,1.10
2016.08.31 08:07:39.656,0.84993,0.84999,1.00,1.57
2016.08.31 08:07:39.707,0.84993,0.84999,1.00,1.20
2016.08.31 08:07:40.217,0.84992,0.84999,1.00,1.20
2016.08.31 08:07:40.268,0.84992,0.84999,1.00,1.57
2016.08.31 08:07:40.319,0.84991,0.84999,1.00,2.32
2016.08.31 08:07:40.370,0.84991,0.84999,1.00,3.07
2016.08.31 08:07:40.798,0.84991,0.84999,1.00,1.57
2016.08.31 08:07:40.849,0.84993,0.84999,1.00,1.20
2016.08.31 08:07:41.053,0.84994,0.85,1.00,3.37
2016.08.31 08:07:41.104,0.84993,0.85,1.00,4.87
2016.08.31 08:07:41.155,0.84993,0.85,1.00,4.50
2016.08.31 08:07:41.206,0.84992,0.85,1.00,5.25
2016.08.31 08:07:41.309,0.84993,0.84999,1.00,1.20
2016.08.31 08:07:41.411,0.84993,0.85,1.00,3.37
2016.08.31 08:07:41.462,0.84994,0.85,1.00,1.87
2016.08.31 08:07:41.571,0.84994,0.85,1.00,1.12
2016.08.31 08:07:41.629,0.84996,0.85001,1.00,2.70
2016.08.31 08:07:42.161,0.84996,0.85001,1.00,2.89
2016.08.31 08:07:42.678,0.84996,0.85001,1.00,2.70
2016.08.31 08:07:42.729,0.84996,0.85001,1.00,3.45
2016.08.31 08:07:43.111,0.84996,0.85001,1.00,2.70
2016.08.31 08:07:44.267,0.84994,0.85001,1.00,1.95
2016.08.31 08:07:44.370,0.84994,0.85,1.00,1.20
2016.08.31 08:07:44.422,0.84994,0.85,1.50,1.20
2016.08.31 08:07:44.619,0.84993,0.85,1.50,1.10
2016.08.31 08:07:44.671,0.84993,0.85,1.00,1.10
2016.08.31 08:07:44.928,0.84993,0.85,1.12,1.10
2016.08.31 08:07:44.979,0.84993,0.85,1.50,1.10
2016.08.31 08:07:45.031,0.84993,0.85,1.12,1.10
2016.08.31 08:07:45.083,0.84995,0.85,1.00,1.10
2016.08.31 08:07:45.603,0.84995,0.85001,1.00,1.20
2016.08.31 08:07:45.807,0.84995,0.85,1.00,1.10
2016.08.31 08:07:46.335,0.84994,0.85,1.00,1.10
2016.08.31 08:07:48.001,0.84993,0.85,1.12,1.10
2016.08.31 08:07:49.072,0.84993,0.85,1.00,1.10
2016.08.31 08:07:50.851,0.84993,0.85,1.00,1.57
2016.08.31 08:07:50.953,0.84993,0.85,1.00,1.10
2016.08.31 08:07:51.123,0.84993,0.85,1.00,1.57
2016.08.31 08:07:51.378,0.84993,0.85,1.00,1.95
2016.08.31 08:07:51.582,0.84993,0.85001,1.00,4.39
2016.08.31 08:07:51.685,0.84993,0.84999,1.00,1.00
2016.08.31 08:07:51.787,0.84993,0.84999,1.00,1.00
2016.08.31 08:07:52.614,0.84993,0.84999,1.00,1.50
2016.08.31 08:07:52.665,0.84993,0.84999,1.00,2.25
2016.08.31 08:07:52.897,0.84993,0.84999,1.00,1.00
2016.08.31 08:07:52.949,0.84993,0.85,1.00,1.20
2016.08.31 08:07:53.464,0.84993,0.85001,1.00,6.49
2016.08.31 08:07:53.566,0.84993,0.85001,1.00,6.86
2016.08.31 08:07:53.719,0.84993,0.85001,1.00,6.49
2016.08.31 08:07:53.924,0.84993,0.85001,1.00,5.36
2016.08.31 08:07:54.620,0.84993,0.85001,1.00,5.17
2016.08.31 08:07:54.723,0.84993,0.85,1.00,1.20
2016.08.31 08:07:54.876,0.84993,0.85001,1.00,5.89
2016.08.31 08:07:54.928,0.84992,0.84999,1.00,1.00
2016.08.31 08:07:55.206,0.84992,0.84999,1.37,1.00
2016.08.31 08:07:55.261,0.84992,0.85,1.50,1.57
2016.08.31 08:07:55.313,0.84992,0.85,1.50,2.32
2016.08.31 08:07:55.365,0.84992,0.85,1.12,2.70
2016.08.31 08:07:55.417,0.84992,0.85,1.12,2.89
2016.08.31 08:07:55.472,0.84992,0.85,1.00,2.89
2016.08.31 08:07:55.571,0.84992,0.85,1.00,2.70
2016.08.31 08:07:55.936,0.84992,0.85,1.00,4.20
2016.08.31 08:07:56.102,0.84992,0.84998,1.00,1.00
2016.08.31 08:07:59.116,0.84992,0.84999,1.00,1.10
2016.08.31 08:08:00.120,0.84992,0.84998,1.00,1.00
2016.08.31 08:08:01.022,0.84992,0.84999,1.00,1.10
2016.08.31 08:08:01.813,0.84992,0.85,1.00,6.07
2016.08.31 08:08:01.864,0.84992,0.85,1.00,7.20
2016.08.31 08:08:01.915,0.84992,0.84999,1.00,1.47
2016.08.31 08:08:01.967,0.84992,0.84999,1.00,1.20
2016.08.31 08:08:02.117,0.84992,0.84999,1.00,1.10
2016.08.31 08:08:02.170,0.84992,0.85,1.00,3.45
2016.08.31 08:08:02.430,0.84991,0.84998,1.00,1.50
2016.08.31 08:08:02.532,0.84991,0.84998,1.00,1.50
2016.08.31 08:08:02.584,0.84991,0.84998,1.00,1.87
2016.08.31 08:08:02.738,0.84991,0.84999,1.00,4.20
2016.08.31 08:08:02.789,0.84991,0.84997,1.00,1.00
2016.08.31 08:08:03.148,0.84989,0.84997,1.57,2.25
2016.08.31 08:08:03.199,0.84989,0.84997,1.50,2.25
2016.08.31 08:08:03.301,0.84989,0.84997,1.12,2.62
2016.08.31 08:08:03.354,0.84989,0.84997,1.12,3.00
2016.08.31 08:08:03.406,0.84989,0.84997,1.12,3.75
2016.08.31 08:08:03.458,0.84989,0.84996,1.12,1.65
2016.08.31 08:08:03.509,0.84989,0.84997,1.12,2.25
2016.08.31 08:08:03.615,0.84989,0.84997,1.12,3.00
2016.08.31 08:08:03.844,0.84989,0.84997,1.12,1.50
2016.08.31 08:08:04.102,0.8499,0.84998,1.00,4.50
2016.08.31 08:08:04.153,0.8499,0.84997,1.00,2.25
2016.08.31 08:08:04.357,0.8499,0.84998,1.00,5.25
2016.08.31 08:08:04.409,0.8499,0.84998,1.00,4.50
2016.08.31 08:08:04.512,0.8499,0.84998,1.00,2.70
2016.08.31 08:08:04.628,0.8499,0.84998,1.00,1.57
2016.08.31 08:08:05.676,0.8499,0.84998,1.00,3.07
2016.08.31 08:08:06.089,0.8499,0.84998,1.00,2.32
2016.08.31 08:08:06.446,0.8499,0.84998,1.00,3.82
2016.08.31 08:08:07.111,0.8499,0.84998,1.00,3.07
2016.08.31 08:08:07.266,0.84989,0.84997,2.62,1.00
2016.08.31 08:08:07.317,0.8499,0.84997,1.00,1.00
2016.08.31 08:08:07.706,0.8499,0.84998,1.00,3.82
2016.08.31 08:08:07.812,0.8499,0.84998,1.00,3.07
2016.08.31 08:08:07.965,0.8499,0.84998,1.00,2.32
2016.08.31 08:08:08.016,0.8499,0.84998,1.00,2.51
2016.08.31 08:08:08.220,0.8499,0.84998,1.00,2.32
2016.08.31 08:08:08.701,0.8499,0.84998,1.00,1.57
2016.08.31 08:08:09.073,0.84991,0.84998,1.00,1.10
2016.08.31 08:08:09.227,0.84991,0.84998,1.00,1.57
2016.08.31 08:08:11.522,0.84991,0.84998,1.00,1.10
2016.08.31 08:08:14.503,0.8499,0.84998,1.00,1.57
2016.08.31 08:08:14.598,0.8499,0.84996,1.00,1.50
2016.08.31 08:08:14.650,0.8499,0.84995,1.00,1.00
2016.08.31 08:08:15.111,0.8499,0.84996,1.00,3.82
2016.08.31 08:08:15.265,0.84988,0.84995,1.87,1.00
2016.08.31 08:08:15.522,0.84988,0.84995,1.12,1.87
2016.08.31 08:08:15.687,0.84988,0.84995,1.00,1.12
2016.08.31 08:08:16.146,0.84988,0.84994,1.00,1.00
2016.08.31 08:08:16.248,0.84987,0.84995,1.12,3.00
2016.08.31 08:08:16.315,0.84987,0.84994,1.00,1.50
2016.08.31 08:08:16.368,0.84987,0.84994,1.00,2.25
2016.08.31 08:08:16.419,0.84987,0.84994,1.00,3.37
2016.08.31 08:08:16.532,0.84987,0.84994,2.25,1.50
2016.08.31 08:08:16.583,0.84987,0.84995,2.25,3.82
2016.08.31 08:08:16.737,0.84987,0.84994,1.00,1.37
2016.08.31 08:08:16.790,0.84987,0.84994,1.00,1.37
2016.08.31 08:08:18.023,0.84987,0.84995,1.00,2.70
2016.08.31 08:08:18.331,0.84987,0.84995,1.00,3.45
2016.08.31 08:08:18.934,0.84989,0.84995,1.00,3.45
2016.08.31 08:08:18.985,0.84989,0.84995,1.00,2.70
2016.08.31 08:08:19.036,0.84989,0.84995,1.50,1.10
2016.08.31 08:08:19.139,0.84989,0.84995,1.00,1.10
2016.08.31 08:08:19.293,0.84988,0.84996,1.00,4.20
2016.08.31 08:08:19.599,0.84988,0.84995,1.00,1.10
2016.08.31 08:08:20.742,0.84988,0.84995,1.87,1.10
2016.08.31 08:08:21.653,0.84988,0.84995,1.12,1.10
2016.08.31 08:08:21.705,0.84988,0.84996,1.12,3.07
2016.08.31 08:08:21.756,0.84988,0.84996,2.62,3.82
2016.08.31 08:08:21.858,0.84988,0.84996,1.12,3.82
2016.08.31 08:08:22.063,0.84988,0.84996,1.12,5.32
2016.08.31 08:08:22.116,0.84988,0.84994,1.12,1.12
2016.08.31 08:08:22.216,0.84988,0.84994,1.12,1.87
2016.08.31 08:08:22.478,0.84988,0.84994,1.12,2.62
2016.08.31 08:08:22.529,0.84986,0.84993,3.37,1.00
2016.08.31 08:08:22.580,0.84986,0.84993,1.12,1.87
2016.08.31 08:08:22.632,0.84985,0.84992,1.87,1.00
2016.08.31 08:08:22.683,0.84985,0.84992,1.50,1.12
2016.08.31 08:08:22.735,0.84985,0.84992,1.12,2.25
2016.08.31 08:08:22.786,0.84985,0.84991,1.12,1.00
2016.08.31 08:08:22.837,0.84984,0.84991,1.50,1.50
2016.08.31 08:08:23.100,0.84986,0.84991,1.00,1.00
2016.08.31 08:08:23.151,0.84984,0.84991,2.25,1.00
2016.08.31 08:08:23.457,0.84984,0.84991,2.62,1.00
2016.08.31 08:08:23.765,0.84984,0.84991,1.12,1.00
2016.08.31 08:08:24.400,0.84984,0.84991,1.12,1.12
2016.08.31 08:08:24.655,0.84984,0.84991,1.87,1.12
2016.08.31 08:08:24.757,0.84984,0.84991,1.12,1.12
2016.08.31 08:08:25.628,0.84984,0.84991,1.87,1.12
2016.08.31 08:08:26.721,0.84984,0.84991,1.12,1.12
2016.08.31 08:08:28.757,0.84984,0.84991,1.87,1.12
2016.08.31 08:08:29.792,0.84985,0.84991,1.00,1.00
2016.08.31 08:08:29.843,0.84984,0.84991,1.00,1.00
2016.08.31 08:08:30.149,0.84984,0.84991,1.00,1.50
2016.08.31 08:08:31.404,0.84984,0.8499,1.00,1.00
2016.08.31 08:08:31.674,0.84984,0.8499,1.00,1.50
2016.08.31 08:08:32.237,0.84985,0.8499,1.00,1.50
2016.08.31 08:08:32.289,0.84986,0.8499,1.00,1.00
2016.08.31 08:08:32.392,0.84986,0.84993,1.00,3.07
2016.08.31 08:08:32.445,0.84986,0.84993,3.00,1.12
2016.08.31 08:08:32.497,0.84988,0.84993,1.00,1.12
2016.08.31 08:08:32.549,0.84988,0.84993,1.00,1.00
2016.08.31 08:08:32.600,0.84988,0.84995,1.00,3.07
2016.08.31 08:08:33.473,0.84988,0.84994,1.00,1.12
2016.08.31 08:08:33.524,0.84988,0.84993,1.00,1.00
2016.08.31 08:08:34.109,0.84988,0.84993,1.00,1.00
2016.08.31 08:08:34.211,0.84988,0.84995,1.00,4.39
2016.08.31 08:08:34.524,0.84988,0.84995,1.00,5.14
2016.08.31 08:08:34.626,0.84987,0.84993,1.00,1.37
2016.08.31 08:08:34.728,0.84986,0.84994,1.00,1.12
2016.08.31 08:08:34.830,0.84988,0.84995,1.00,3.45
2016.08.31 08:08:34.913,0.84988,0.84995,1.00,2.32
2016.08.31 08:08:37.837,0.84988,0.84995,1.00,1.95
2016.08.31 08:08:37.990,0.84988,0.84995,1.00,2.70
2016.08.31 08:08:38.220,0.84988,0.84994,1.00,1.37
2016.08.31 08:08:38.271,0.84988,0.84993,1.00,1.12
2016.08.31 08:08:38.323,0.84988,0.84993,1.00,1.37
2016.08.31 08:08:40.045,0.84988,0.84993,1.00,1.12
2016.08.31 08:08:40.934,0.84988,0.84993,1.00,1.12
2016.08.31 08:08:41.036,0.84988,0.84993,1.00,1.00
2016.08.31 08:08:41.400,0.84988,0.84994,1.00,1.12
2016.08.31 08:08:41.570,0.84988,0.84995,1.00,3.07
2016.08.31 08:08:41.672,0.84988,0.84995,1.00,1.50
2016.08.31 08:08:41.724,0.84987,0.84995,1.57,2.25
2016.08.31 08:08:41.775,0.84987,0.84995,1.10,1.87
2016.08.31 08:08:41.928,0.84987,0.84995,1.10,2.25
2016.08.31 08:08:41.979,0.84987,0.84995,1.10,2.62
2016.08.31 08:08:42.030,0.84987,0.84994,1.10,1.00
2016.08.31 08:08:42.081,0.84987,0.84994,1.20,1.00
2016.08.31 08:08:42.133,0.84986,0.84994,4.12,1.50
2016.08.31 08:08:42.260,0.84986,0.84992,2.62,1.00
2016.08.31 08:08:42.312,0.84986,0.84992,1.00,1.00
2016.08.31 08:08:42.363,0.84985,0.84992,1.50,1.12
2016.08.31 08:08:42.466,0.84985,0.84993,1.10,2.25
2016.08.31 08:08:42.518,0.84985,0.84993,1.10,2.62
2016.08.31 08:08:43.079,0.84985,0.84992,1.10,1.00
2016.08.31 08:08:43.284,0.84987,0.84992,1.00,1.00
2016.08.31 08:08:43.488,0.84987,0.84993,1.00,2.62
2016.08.31 08:08:43.641,0.84987,0.84993,1.00,1.50
2016.08.31 08:08:43.692,0.84987,0.84993,1.00,1.00
2016.08.31 08:08:44.274,0.84987,0.84992,1.00,1.12
2016.08.31 08:08:44.376,0.84987,0.84992,1.00,1.87
2016.08.31 08:08:44.427,0.84986,0.84992,1.00,1.12
2016.08.31 08:08:44.478,0.84986,0.84993,1.00,1.87
2016.08.31 08:08:44.581,0.84986,0.84993,1.00,1.50
2016.08.31 08:08:44.632,0.84986,0.84993,1.00,1.87
2016.08.31 08:08:45.087,0.84986,0.84993,1.00,1.50
2016.08.31 08:08:45.861,0.84986,0.84992,1.00,1.12
2016.08.31 08:08:45.912,0.84986,0.84992,1.00,1.87
2016.08.31 08:08:45.963,0.84986,0.84992,1.00,2.62
2016.08.31 08:08:46.116,0.84984,0.84992,3.00,2.62
2016.08.31 08:08:46.167,0.84984,0.84992,2.25,2.25
2016.08.31 08:08:46.241,0.84984,0.84992,1.00,2.25
2016.08.31 08:08:46.292,0.84985,0.84991,1.00,1.00
2016.08.31 08:08:46.395,0.84984,0.84991,3.00,1.00
2016.08.31 08:08:47.191,0.84984,0.84991,1.00,1.00
2016.08.31 08:08:50.077,0.84984,0.84991,1.00,1.12
2016.08.31 08:08:51.085,0.84984,0.84991,1.00,1.37
2016.08.31 08:08:53.071,0.84984,0.84991,1.00,1.50
2016.08.31 08:08:53.612,0.84984,0.84992,1.00,2.62
2016.08.31 08:08:53.663,0.84986,0.84992,1.00,1.50
2016.08.31 08:08:53.714,0.84986,0.84993,1.00,2.77
2016.08.31 08:08:53.765,0.84986,0.84993,1.00,2.02
2016.08.31 08:08:53.868,0.84984,0.84992,1.12,1.37
2016.08.31 08:08:53.919,0.84984,0.8499,1.12,1.12
2016.08.31 08:08:53.970,0.84984,0.8499,1.00,1.00
2016.08.31 08:08:54.892,0.84984,0.8499,1.00,1.50
2016.08.31 08:08:56.221,0.84983,0.84989,1.50,1.00
2016.08.31 08:08:56.702,0.84983,0.84989,1.50,1.00
2016.08.31 08:08:58.773,0.84983,0.84988,1.50,1.00
2016.08.31 08:08:58.824,0.84981,0.84988,1.07,1.00
2016.08.31 08:08:58.875,0.8498,0.84987,5.25,1.00
2016.08.31 08:08:58.927,0.8498,0.84986,1.82,1.37
2016.08.31 08:08:58.979,0.84979,0.84986,1.57,1.37
2016.08.31 08:08:59.030,0.84979,0.84986,1.20,1.00
