2016.08.18 04:00:02.245,0.86647,0.86658,1.95,1.12
2016.08.18 04:00:06.948,0.86647,0.86658,3.45,1.12
2016.08.18 04:00:08.253,0.86647,0.86658,1.95,1.12
2016.08.18 04:00:10.147,0.86647,0.86658,1.57,1.57
2016.08.18 04:00:10.198,0.86646,0.86657,1.50,1.50
2016.08.18 04:00:13.563,0.86645,0.86657,2.32,1.50
2016.08.18 04:00:16.986,0.86645,0.86657,2.32,3.00
2016.08.18 04:00:17.140,0.86645,0.86655,2.32,1.00
2016.08.18 04:00:17.191,0.86646,0.86657,1.50,3.00
2016.08.18 04:00:17.243,0.86646,0.86658,3.37,4.20
2016.08.18 04:00:17.294,0.86649,0.86658,1.00,3.45
2016.08.18 04:00:17.575,0.86649,0.86658,1.00,2.62
2016.08.18 04:00:17.627,0.86648,0.86659,1.12,2.25
2016.08.18 04:00:18.087,0.86648,0.86659,1.87,1.50
2016.08.18 04:00:18.138,0.86648,0.86659,1.12,2.25
2016.08.18 04:00:18.240,0.86648,0.86659,1.12,3.37
2016.08.18 04:00:18.291,0.86648,0.86658,1.12,1.10
2016.08.18 04:00:20.793,0.86649,0.86659,1.95,1.50
2016.08.18 04:00:21.483,0.86649,0.86659,3.45,1.50
2016.08.18 04:00:22.580,0.86649,0.8666,3.45,1.20
2016.08.18 04:00:23.230,0.86649,0.8666,3.45,1.95
2016.08.18 04:00:23.282,0.86649,0.8666,3.45,1.65
2016.08.18 04:00:23.333,0.86649,0.8666,3.45,1.57
2016.08.18 04:00:23.846,0.86649,0.86661,3.45,4.95
2016.08.18 04:00:25.017,0.86649,0.8666,3.45,1.57
2016.08.18 04:00:25.183,0.8665,0.8666,1.00,1.57
2016.08.18 04:00:25.234,0.8665,0.86661,1.50,3.45
2016.08.18 04:00:25.286,0.8665,0.86661,1.50,2.32
2016.08.18 04:00:25.338,0.8665,0.86661,1.50,1.57
2016.08.18 04:00:25.389,0.8665,0.8666,1.50,1.10
2016.08.18 04:00:25.888,0.8665,0.8666,1.00,1.10
2016.08.18 04:00:25.939,0.86649,0.8666,2.70,1.10
2016.08.18 04:00:25.990,0.86649,0.8666,1.57,1.57
2016.08.18 04:00:26.299,0.86649,0.8666,1.10,1.57
2016.08.18 04:00:26.503,0.86649,0.86658,1.10,1.00
2016.08.18 04:00:26.554,0.86648,0.86658,1.20,1.00
2016.08.18 04:00:26.607,0.86648,0.86658,1.00,1.20
2016.08.18 04:00:26.659,0.86646,0.86657,1.87,1.00
2016.08.18 04:00:26.711,0.86646,0.86657,1.20,1.27
2016.08.18 04:00:27.566,0.86646,0.86657,1.65,1.27
2016.08.18 04:00:29.078,0.86646,0.86656,1.00,1.00
2016.08.18 04:00:30.220,0.86647,0.86656,1.00,1.00
2016.08.18 04:00:30.547,0.86646,0.86656,1.00,1.00
2016.08.18 04:00:40.347,0.86646,0.86656,1.10,2.62
2016.08.18 04:00:40.453,0.86644,0.86653,1.57,1.00
2016.08.18 04:00:40.504,0.86644,0.86649,1.50,1.00
2016.08.18 04:00:40.556,0.86643,0.86648,1.65,1.00
2016.08.18 04:00:40.608,0.86643,0.86648,1.20,1.00
2016.08.18 04:00:40.660,0.86643,0.86648,1.12,1.00
2016.08.18 04:00:40.712,0.86643,0.86648,1.00,1.00
2016.08.18 04:00:41.632,0.86641,0.86648,1.50,1.00
2016.08.18 04:00:41.683,0.86641,0.86648,1.50,1.00
2016.08.18 04:00:41.974,0.86642,0.86648,1.00,1.00
2016.08.18 04:00:43.229,0.86643,0.86648,1.00,1.00
2016.08.18 04:00:44.306,0.86642,0.86646,1.00,1.00
2016.08.18 04:00:44.357,0.8664,0.86646,3.15,1.00
2016.08.18 04:00:44.438,0.8664,0.86646,1.00,1.00
2016.08.18 04:00:44.490,0.86638,0.86646,3.00,1.00
2016.08.18 04:00:44.776,0.86638,0.86646,2.62,1.00
2016.08.18 04:00:44.828,0.86638,0.86645,3.37,1.00
2016.08.18 04:00:44.879,0.86638,0.86645,1.87,1.00
2016.08.18 04:00:45.033,0.86638,0.86645,1.50,1.00
2016.08.18 04:00:45.084,0.86638,0.86645,1.10,1.00
2016.08.18 04:00:46.114,0.8664,0.86645,1.00,1.00
2016.08.18 04:00:49.893,0.86639,0.86645,1.00,1.00
2016.08.18 04:00:52.529,0.86639,0.86644,1.00,1.00
2016.08.18 04:00:52.580,0.86637,0.86644,2.62,1.00
2016.08.18 04:00:52.682,0.86637,0.86644,1.50,1.00
2016.08.18 04:00:53.644,0.86638,0.86644,1.00,1.00
2016.08.18 04:00:54.422,0.86638,0.86645,1.00,1.00
2016.08.18 04:00:54.984,0.86638,0.86645,1.50,1.00
2016.08.18 04:00:55.564,0.86638,0.86645,1.00,1.00
2016.08.18 04:00:58.585,0.86636,0.86644,1.20,1.00
2016.08.18 04:00:58.636,0.86637,0.86644,1.50,1.00
2016.08.18 04:00:58.738,0.86636,0.86645,2.62,1.00
2016.08.18 04:00:58.790,0.86635,0.86645,5.17,1.00
2016.08.18 04:00:58.841,0.86637,0.86645,1.57,1.00
2016.08.18 04:00:59.148,0.86638,0.86644,1.00,1.00
2016.08.18 04:00:59.200,0.86638,0.86646,1.50,1.00
2016.08.18 04:01:00.148,0.86639,0.86646,1.00,1.00
2016.08.18 04:01:02.504,0.86639,0.86646,1.50,1.00
2016.08.18 04:01:03.104,0.86639,0.86646,1.00,1.00
2016.08.18 04:01:04.146,0.86639,0.86645,1.00,1.00
2016.08.18 04:01:04.684,0.86639,0.86646,1.00,1.00
2016.08.18 04:01:04.786,0.86638,0.86645,1.00,1.00
2016.08.18 04:01:05.202,0.86637,0.86645,1.01,1.00
2016.08.18 04:01:05.966,0.86637,0.86645,1.10,1.00
2016.08.18 04:01:06.017,0.86638,0.86645,1.00,1.00
2016.08.18 04:01:08.822,0.86638,0.86645,1.00,1.00
2016.08.18 04:01:08.925,0.86639,0.86646,1.00,1.00
2016.08.18 04:01:09.608,0.86637,0.86646,1.10,1.00
2016.08.18 04:01:09.711,0.86636,0.86646,1.57,1.00
2016.08.18 04:01:09.866,0.86636,0.86646,3.07,1.00
2016.08.18 04:01:10.021,0.86637,0.86645,1.10,1.00
2016.08.18 04:01:10.545,0.86636,0.86644,1.10,1.00
2016.08.18 04:01:10.905,0.86636,0.86644,1.00,1.00
2016.08.18 04:01:10.968,0.86635,0.86644,1.10,1.00
2016.08.18 04:01:11.121,0.86634,0.86643,2.25,1.00
2016.08.18 04:01:11.172,0.86634,0.86643,2.44,1.00
2016.08.18 04:01:11.224,0.86634,0.86642,1.69,1.00
2016.08.18 04:01:11.275,0.86634,0.86642,1.10,1.00
2016.08.18 04:01:11.871,0.86633,0.86642,1.20,1.00
2016.08.18 04:01:11.974,0.86633,0.86642,1.39,1.00
2016.08.18 04:01:12.086,0.86633,0.86641,1.95,1.00
2016.08.18 04:01:12.188,0.86634,0.86643,1.57,1.00
2016.08.18 04:01:12.291,0.86635,0.86643,1.00,1.00
2016.08.18 04:01:12.497,0.86635,0.86644,1.00,1.20
2016.08.18 04:01:12.787,0.86637,0.86644,1.10,1.12
2016.08.18 04:01:12.857,0.86638,0.86647,2.25,1.75
2016.08.18 04:01:12.908,0.86639,0.86647,1.00,1.50
2016.08.18 04:01:12.959,0.86639,0.86648,1.00,1.37
2016.08.18 04:01:13.010,0.8664,0.86648,1.50,1.00
2016.08.18 04:01:13.113,0.86639,0.86648,1.10,1.00
2016.08.18 04:01:13.368,0.8664,0.86648,1.50,1.00
2016.08.18 04:01:13.732,0.86639,0.86648,1.50,1.00
2016.08.18 04:01:13.939,0.86638,0.86647,3.75,1.00
2016.08.18 04:01:14.194,0.86638,0.86647,2.25,1.00
2016.08.18 04:01:14.296,0.86638,0.86647,1.87,1.00
2016.08.18 04:01:14.347,0.86638,0.86647,1.10,1.00
2016.08.18 04:01:15.206,0.86637,0.86647,1.95,1.00
2016.08.18 04:01:16.578,0.86637,0.86647,1.20,1.00
2016.08.18 04:01:18.327,0.86637,0.86647,2.32,1.00
2016.08.18 04:01:18.878,0.86637,0.86647,1.57,1.00
2016.08.18 04:01:20.388,0.86637,0.86647,1.27,1.00
2016.08.18 04:01:21.826,0.86637,0.86647,2.02,1.00
2016.08.18 04:01:23.103,0.86637,0.86647,2.62,1.00
2016.08.18 04:01:26.522,0.86638,0.86647,1.20,1.00
2016.08.18 04:01:26.624,0.86637,0.86647,2.62,1.00
2016.08.18 04:01:26.995,0.86638,0.86647,1.20,1.00
2016.08.18 04:01:27.099,0.86637,0.86647,1.87,1.00
2016.08.18 04:01:27.407,0.86637,0.86647,2.06,1.00
2016.08.18 04:01:27.510,0.86637,0.86647,1.87,1.00
2016.08.18 04:01:28.195,0.86637,0.86647,2.06,1.00
2016.08.18 04:01:28.247,0.86638,0.86647,1.20,1.00
2016.08.18 04:01:28.558,0.86637,0.86647,1.31,1.00
2016.08.18 04:01:28.609,0.86639,0.86648,1.50,1.00
2016.08.18 04:01:28.661,0.86639,0.86649,2.32,1.12
2016.08.18 04:01:28.763,0.8664,0.86649,1.10,1.00
2016.08.18 04:01:29.274,0.8664,0.86648,1.10,1.00
2016.08.18 04:01:29.325,0.86639,0.86648,1.57,1.00
2016.08.18 04:01:29.428,0.86639,0.86648,1.07,1.00
2016.08.18 04:01:29.530,0.86639,0.86648,1.57,1.00
2016.08.18 04:01:30.275,0.86639,0.86648,1.07,1.00
2016.08.18 04:01:30.327,0.86638,0.86648,3.37,1.12
2016.08.18 04:01:30.429,0.86638,0.86648,2.32,1.12
2016.08.18 04:01:33.777,0.86638,0.86648,3.07,1.12
2016.08.18 04:01:34.875,0.86639,0.86648,1.10,1.12
2016.08.18 04:01:37.853,0.86638,0.86648,3.07,1.12
2016.08.18 04:01:38.899,0.86638,0.86648,2.32,1.12
2016.08.18 04:01:40.732,0.86638,0.86648,1.57,1.12
2016.08.18 04:01:40.846,0.86638,0.86648,1.27,1.12
2016.08.18 04:01:40.898,0.86638,0.86648,1.20,1.12
2016.08.18 04:01:41.154,0.86638,0.86647,1.20,1.00
2016.08.18 04:01:41.257,0.86637,0.86647,1.57,1.00
2016.08.18 04:01:42.352,0.86637,0.86647,1.20,1.00
2016.08.18 04:01:44.860,0.86637,0.86646,1.20,1.00
2016.08.18 04:01:47.068,0.86636,0.86646,2.62,1.00
2016.08.18 04:01:47.763,0.86636,0.86645,2.62,1.00
2016.08.18 04:01:54.348,0.86636,0.86645,1.87,1.00
2016.08.18 04:01:57.914,0.86636,0.86647,3.37,1.00
2016.08.18 04:01:57.965,0.86638,0.86647,1.00,1.00
2016.08.18 04:01:58.016,0.86638,0.86647,2.32,1.00
2016.08.18 04:01:58.068,0.86638,0.86646,1.57,1.12
2016.08.18 04:01:58.638,0.86637,0.86646,2.70,1.12
2016.08.18 04:01:58.740,0.86638,0.86646,1.10,1.12
2016.08.18 04:02:00.471,0.86638,0.86646,1.10,1.00
2016.08.18 04:02:00.611,0.86638,0.86646,1.57,1.00
2016.08.18 04:02:00.764,0.86638,0.86646,1.10,1.00
2016.08.18 04:02:00.815,0.86638,0.86642,1.10,1.00
2016.08.18 04:02:00.867,0.86633,0.86639,1.12,1.50
2016.08.18 04:02:00.918,0.86632,0.86639,3.00,2.25
2016.08.18 04:02:01.489,0.86631,0.86635,3.00,1.00
2016.08.18 04:02:01.541,0.86629,0.86635,1.00,1.00
2016.08.18 04:02:01.593,0.86629,0.86637,1.00,1.00
2016.08.18 04:02:01.644,0.86628,0.86637,1.57,1.00
2016.08.18 04:02:01.852,0.86629,0.86637,1.00,1.00
2016.08.18 04:02:02.060,0.86629,0.86638,1.00,1.12
2016.08.18 04:02:02.112,0.86629,0.86637,1.10,1.00
2016.08.18 04:02:02.791,0.86629,0.86636,1.10,1.00
2016.08.18 04:02:02.867,0.86627,0.86637,2.25,1.00
2016.08.18 04:02:02.969,0.86627,0.86637,1.95,1.00
2016.08.18 04:02:03.174,0.86628,0.86637,1.10,1.00
2016.08.18 04:02:06.425,0.86628,0.86637,2.32,1.00
2016.08.18 04:02:08.769,0.86628,0.86637,1.10,1.00
2016.08.18 04:02:09.403,0.86628,0.86638,1.10,1.12
2016.08.18 04:02:10.166,0.86629,0.86638,1.00,1.12
2016.08.18 04:02:17.740,0.86628,0.86638,1.10,1.12
2016.08.18 04:02:18.215,0.86628,0.86638,1.20,1.12
2016.08.18 04:02:18.596,0.86631,0.86641,1.50,1.57
2016.08.18 04:02:18.650,0.86631,0.86641,1.00,1.57
2016.08.18 04:02:18.856,0.86631,0.86641,1.00,1.57
2016.08.18 04:02:18.908,0.8663,0.86641,1.12,1.50
2016.08.18 04:02:18.960,0.8663,0.86641,1.20,1.50
2016.08.18 04:02:19.011,0.8663,0.86641,1.20,2.25
2016.08.18 04:02:19.113,0.8663,0.86641,1.20,1.50
2016.08.18 04:02:21.483,0.8663,0.86641,1.95,1.50
2016.08.18 04:02:27.802,0.8663,0.86641,1.20,1.50
2016.08.18 04:02:29.468,0.86632,0.86641,1.00,1.00
2016.08.18 04:02:29.519,0.86632,0.86641,1.50,1.00
2016.08.18 04:02:29.622,0.86632,0.86642,1.00,1.57
2016.08.18 04:02:29.674,0.86632,0.86642,1.00,1.20
2016.08.18 04:02:30.173,0.86632,0.86642,2.25,1.20
2016.08.18 04:02:30.276,0.86631,0.86642,2.64,1.20
2016.08.18 04:02:30.327,0.86631,0.86642,1.89,1.20
2016.08.18 04:02:30.378,0.86631,0.86642,2.27,1.12
2016.08.18 04:02:30.724,0.8663,0.86642,5.25,1.37
2016.08.18 04:02:30.813,0.8663,0.86641,4.50,1.12
2016.08.18 04:02:32.862,0.86631,0.86641,1.95,1.12
2016.08.18 04:02:33.283,0.86631,0.86641,2.70,1.12
2016.08.18 04:02:35.473,0.86631,0.86641,1.95,1.12
2016.08.18 04:02:38.184,0.86631,0.86641,2.70,1.12
2016.08.18 04:02:38.286,0.86632,0.86642,1.57,1.50
2016.08.18 04:02:38.388,0.86632,0.86643,1.57,2.32
2016.08.18 04:02:38.439,0.86632,0.86641,2.32,1.00
2016.08.18 04:02:38.491,0.86632,0.86641,1.10,1.00
2016.08.18 04:02:39.110,0.86632,0.86642,1.10,1.00
2016.08.18 04:02:40.706,0.86631,0.86642,1.95,1.00
2016.08.18 04:02:43.147,0.86631,0.86642,1.20,1.00
2016.08.18 04:02:45.071,0.86631,0.86642,1.20,1.10
2016.08.18 04:02:45.122,0.86631,0.86642,1.10,1.10
2016.08.18 04:02:46.459,0.86632,0.86642,1.50,1.10
2016.08.18 04:02:46.562,0.86632,0.86642,2.25,1.10
2016.08.18 04:02:46.976,0.86632,0.86642,1.00,1.10
2016.08.18 04:02:47.079,0.86632,0.86642,1.50,1.10
2016.08.18 04:02:48.158,0.86632,0.86642,3.00,1.10
2016.08.18 04:02:48.613,0.86632,0.86642,3.07,1.00
2016.08.18 04:02:48.919,0.86633,0.86642,1.00,1.00
2016.08.18 04:02:51.768,0.86632,0.86643,2.32,1.57
2016.08.18 04:02:51.921,0.86633,0.86643,1.50,1.57
2016.08.18 04:02:54.742,0.86633,0.86643,2.25,1.57
2016.08.18 04:02:54.895,0.86633,0.86643,2.25,2.32
2016.08.18 04:02:55.166,0.86633,0.86643,2.40,2.25
2016.08.18 04:02:55.218,0.86634,0.86643,1.00,1.50
2016.08.18 04:02:57.813,0.86634,0.86643,1.00,1.50
2016.08.18 04:02:57.870,0.86633,0.86643,2.40,1.50
2016.08.18 04:02:58.297,0.86633,0.86643,1.65,1.12
2016.08.18 04:03:07.903,0.86632,0.86643,1.50,1.12
2016.08.18 04:03:08.108,0.86632,0.86643,1.10,1.20
2016.08.18 04:03:18.394,0.86632,0.86643,1.20,1.47
2016.08.18 04:03:20.295,0.86632,0.86643,1.20,1.95
2016.08.18 04:03:20.638,0.86631,0.86643,4.57,1.95
2016.08.18 04:03:23.327,0.86631,0.86643,3.07,1.95
2016.08.18 04:03:23.380,0.86631,0.86643,3.07,1.47
2016.08.18 04:03:23.711,0.8663,0.86641,1.50,1.50
2016.08.18 04:03:23.815,0.8663,0.86641,1.12,1.87
2016.08.18 04:03:23.917,0.86631,0.86641,1.10,1.87
2016.08.18 04:03:24.665,0.8663,0.86641,1.87,1.87
2016.08.18 04:03:25.653,0.8663,0.86641,1.87,2.62
2016.08.18 04:03:27.113,0.8663,0.8664,1.87,1.20
2016.08.18 04:03:28.887,0.8663,0.86639,1.12,1.12
2016.08.18 04:03:29.840,0.8663,0.8664,2.62,2.32
2016.08.18 04:03:29.891,0.8663,0.86641,2.62,2.62
2016.08.18 04:03:29.994,0.8663,0.86641,3.37,1.87
2016.08.18 04:03:30.045,0.8663,0.8664,1.87,1.20
2016.08.18 04:03:30.098,0.8663,0.8664,2.62,1.20
2016.08.18 04:03:30.149,0.86632,0.8664,1.00,1.20
2016.08.18 04:03:30.369,0.8663,0.8664,2.62,1.10
2016.08.18 04:03:30.420,0.8663,0.8664,1.87,1.57
2016.08.18 04:03:30.687,0.8663,0.8664,1.12,1.57
2016.08.18 04:03:38.075,0.8663,0.8664,1.87,1.57
2016.08.18 04:03:38.730,0.86631,0.8664,1.10,1.57
2016.08.18 04:03:41.661,0.8663,0.8664,1.12,1.57
2016.08.18 04:03:41.949,0.8663,0.8664,1.00,1.57
2016.08.18 04:03:42.575,0.86631,0.8664,1.00,1.57
2016.08.18 04:03:49.040,0.8663,0.8664,1.50,1.57
2016.08.18 04:03:49.308,0.8663,0.8664,1.00,1.57
2016.08.18 04:03:49.820,0.86629,0.8664,3.45,1.57
2016.08.18 04:03:49.923,0.86631,0.8664,1.00,1.57
2016.08.18 04:03:50.479,0.86631,0.86641,1.00,1.95
2016.08.18 04:03:51.112,0.8663,0.86641,1.00,1.95
2016.08.18 04:03:52.533,0.86632,0.86641,1.00,1.95
2016.08.18 04:03:52.584,0.86632,0.86641,1.00,1.95
2016.08.18 04:03:52.890,0.86632,0.86641,1.00,1.20
2016.08.18 04:03:52.941,0.86632,0.86642,1.00,3.00
2016.08.18 04:03:52.992,0.86632,0.86642,1.00,2.25
2016.08.18 04:03:53.044,0.86632,0.86642,1.00,2.25
2016.08.18 04:03:53.503,0.86632,0.86641,1.00,1.57
2016.08.18 04:03:53.585,0.8663,0.86641,1.10,1.57
2016.08.18 04:03:54.067,0.8663,0.86641,2.32,1.57
2016.08.18 04:03:54.170,0.8663,0.86641,1.10,1.57
2016.08.18 04:03:54.272,0.8663,0.86641,1.57,1.57
2016.08.18 04:03:56.778,0.8663,0.86641,1.10,1.57
2016.08.18 04:03:57.740,0.86629,0.86641,3.45,1.57
2016.08.18 04:03:57.978,0.86629,0.86641,1.95,1.57
2016.08.18 04:03:58.341,0.86629,0.86641,1.95,1.89
2016.08.18 04:04:00.532,0.86629,0.86641,1.95,1.57
2016.08.18 04:04:00.685,0.86629,0.86641,3.45,1.57
2016.08.18 04:04:00.736,0.8663,0.86642,1.57,2.70
2016.08.18 04:04:01.330,0.8663,0.86641,1.57,1.40
2016.08.18 04:04:02.981,0.8663,0.86641,3.07,1.40
2016.08.18 04:04:03.552,0.86632,0.86642,1.00,1.95
2016.08.18 04:04:03.604,0.86632,0.86642,1.50,1.95
2016.08.18 04:04:03.657,0.86633,0.86642,1.87,1.95
2016.08.18 04:04:03.709,0.86633,0.86642,3.37,1.20
2016.08.18 04:04:03.760,0.86636,0.86645,1.00,1.95
2016.08.18 04:04:03.812,0.86636,0.86645,2.25,1.45
2016.08.18 04:04:04.105,0.86638,0.86645,1.00,1.45
2016.08.18 04:04:04.161,0.86638,0.86648,1.00,2.32
2016.08.18 04:04:04.212,0.86638,0.86648,1.00,1.57
2016.08.18 04:04:04.673,0.86638,0.86648,1.00,3.07
2016.08.18 04:04:05.033,0.86637,0.86648,1.00,3.07
2016.08.18 04:04:06.148,0.86635,0.86646,2.62,1.87
2016.08.18 04:04:06.257,0.86635,0.86646,1.12,2.62
2016.08.18 04:04:06.513,0.86635,0.86646,1.12,1.87
2016.08.18 04:04:07.780,0.86635,0.86646,1.12,2.62
2016.08.18 04:04:10.376,0.86635,0.86646,1.12,1.87
2016.08.18 04:04:10.479,0.86636,0.86646,1.10,1.87
2016.08.18 04:04:11.674,0.86636,0.86646,1.10,2.62
2016.08.18 04:04:11.760,0.86634,0.86646,1.95,4.12
2016.08.18 04:04:11.811,0.86634,0.86645,1.47,1.57
2016.08.18 04:04:11.862,0.86633,0.86645,3.37,1.57
2016.08.18 04:04:11.913,0.86633,0.86645,1.10,1.95
2016.08.18 04:04:12.015,0.86632,0.86644,3.07,1.20
2016.08.18 04:04:12.297,0.86632,0.86644,3.07,1.85
2016.08.18 04:04:12.349,0.86633,0.86644,1.10,1.85
2016.08.18 04:04:13.020,0.86633,0.86644,1.10,2.32
2016.08.18 04:04:13.118,0.86633,0.86644,1.10,1.85
2016.08.18 04:04:13.418,0.86633,0.86644,1.10,2.32
2016.08.18 04:04:13.518,0.86633,0.86644,1.10,1.85
2016.08.18 04:04:15.665,0.86633,0.86644,2.32,1.85
2016.08.18 04:04:16.236,0.86633,0.86644,3.07,1.85
2016.08.18 04:04:16.288,0.86633,0.86644,5.32,1.85
2016.08.18 04:04:17.743,0.86634,0.86644,1.00,1.85
2016.08.18 04:04:17.794,0.86634,0.86644,1.50,1.85
2016.08.18 04:04:17.868,0.86634,0.86645,1.50,4.20
2016.08.18 04:04:18.023,0.86634,0.86645,1.50,3.45
2016.08.18 04:04:18.386,0.86634,0.86645,1.50,1.95
2016.08.18 04:04:21.755,0.86633,0.86645,4.95,1.95
2016.08.18 04:04:21.806,0.86634,0.86645,1.50,1.95
2016.08.18 04:04:22.167,0.86634,0.86645,1.50,2.70
2016.08.18 04:04:23.675,0.86634,0.86645,1.50,3.45
2016.08.18 04:04:24.021,0.86633,0.86645,4.20,3.45
2016.08.18 04:04:24.531,0.86633,0.86645,3.45,3.45
2016.08.18 04:04:25.676,0.86633,0.86645,3.45,2.70
2016.08.18 04:04:25.727,0.86633,0.86645,4.20,2.70
2016.08.18 04:04:25.779,0.86633,0.86645,3.45,2.70
2016.08.18 04:04:26.086,0.86633,0.86645,3.45,3.45
2016.08.18 04:04:27.366,0.86633,0.86645,3.45,2.70
2016.08.18 04:04:28.045,0.86633,0.86643,1.95,1.12
2016.08.18 04:04:28.097,0.86634,0.86645,1.00,2.70
2016.08.18 04:04:28.469,0.86634,0.86642,1.00,1.00
2016.08.18 04:04:28.778,0.86633,0.86642,3.37,1.00
2016.08.18 04:04:28.881,0.86633,0.86642,2.62,1.00
2016.08.18 04:04:29.263,0.86633,0.86642,1.87,1.00
2016.08.18 04:04:29.641,0.86632,0.86642,4.01,1.00
2016.08.18 04:04:30.051,0.86632,0.86642,3.82,1.00
2016.08.18 04:04:30.102,0.86633,0.86644,1.12,3.07
2016.08.18 04:04:30.870,0.86633,0.86644,1.12,2.32
2016.08.18 04:04:31.075,0.86633,0.86643,1.12,1.12
2016.08.18 04:04:31.357,0.86633,0.86644,1.12,2.32
2016.08.18 04:04:32.459,0.86633,0.86643,1.12,1.12
2016.08.18 04:04:32.663,0.86633,0.86645,1.12,1.95
2016.08.18 04:04:33.871,0.86633,0.86645,1.12,1.95
2016.08.18 04:04:34.024,0.86633,0.86645,1.12,1.95
2016.08.18 04:04:34.177,0.86633,0.86645,1.12,2.70
2016.08.18 04:04:34.547,0.86633,0.86645,1.12,1.95
2016.08.18 04:04:35.395,0.86633,0.86645,2.62,1.95
2016.08.18 04:04:37.440,0.86633,0.86645,2.62,2.70
2016.08.18 04:04:38.468,0.86633,0.86645,2.25,1.95
2016.08.18 04:04:38.803,0.86633,0.86645,2.25,2.70
2016.08.18 04:04:38.954,0.86633,0.86645,2.25,1.95
2016.08.18 04:04:40.755,0.86633,0.86645,2.25,2.70
2016.08.18 04:04:40.956,0.86633,0.86645,2.25,1.95
2016.08.18 04:04:41.558,0.86633,0.86645,2.25,2.70
2016.08.18 04:04:41.968,0.86633,0.86645,2.25,1.95
2016.08.18 04:04:42.759,0.86633,0.86645,2.25,2.70
2016.08.18 04:04:43.381,0.86633,0.86645,2.25,1.95
2016.08.18 04:04:44.130,0.86633,0.86645,2.25,2.70
2016.08.18 04:04:44.405,0.86633,0.86645,2.25,1.95
2016.08.18 04:04:44.689,0.86633,0.86645,2.25,2.70
2016.08.18 04:04:44.855,0.86633,0.86645,2.25,2.70
2016.08.18 04:04:45.056,0.86633,0.86645,2.25,2.70
2016.08.18 04:04:45.107,0.86633,0.86645,2.25,1.95
2016.08.18 04:04:45.161,0.86633,0.86645,2.25,2.70
2016.08.18 04:04:45.661,0.86633,0.86645,2.25,1.95
2016.08.18 04:04:46.262,0.86633,0.86645,2.25,2.70
2016.08.18 04:04:47.095,0.86633,0.86645,2.25,1.95
2016.08.18 04:04:47.581,0.86633,0.86645,2.25,2.70
2016.08.18 04:04:47.883,0.86633,0.86645,2.25,1.95
2016.08.18 04:04:48.170,0.86633,0.86645,1.00,3.45
2016.08.18 04:04:49.104,0.86633,0.86645,1.00,4.20
2016.08.18 04:04:49.992,0.86633,0.86645,1.00,4.95
2016.08.18 04:04:50.195,0.86633,0.86645,1.00,4.20
2016.08.18 04:04:50.788,0.86633,0.86645,1.00,4.95
2016.08.18 04:04:50.994,0.86633,0.86645,1.00,4.20
2016.08.18 04:04:53.001,0.86633,0.86645,1.00,4.95
2016.08.18 04:04:54.017,0.86633,0.86645,1.00,4.20
2016.08.18 04:04:57.789,0.86633,0.86641,1.00,1.00
2016.08.18 04:04:58.580,0.86633,0.86642,1.00,1.50
2016.08.18 04:05:01.928,0.86633,0.86642,1.50,1.50
2016.08.18 04:05:01.979,0.86633,0.86642,3.00,1.50
2016.08.18 04:05:02.031,0.86636,0.86644,1.00,1.20
2016.08.18 04:05:02.626,0.86634,0.86641,1.00,1.00
2016.08.18 04:05:02.678,0.86632,0.86641,1.10,1.00
2016.08.18 04:05:03.228,0.86632,0.86642,1.10,1.50
2016.08.18 04:05:05.622,0.86632,0.86641,1.10,1.00
2016.08.18 04:05:06.461,0.86633,0.86642,1.00,1.50
2016.08.18 04:05:10.116,0.86633,0.86641,1.00,1.00
2016.08.18 04:05:10.646,0.86633,0.86642,1.00,1.50
2016.08.18 04:05:12.444,0.86631,0.86642,4.57,1.50
2016.08.18 04:05:15.940,0.86631,0.86642,4.57,3.00
2016.08.18 04:05:17.432,0.86631,0.86641,4.57,1.00
2016.08.18 04:05:19.043,0.86631,0.86641,3.82,1.00
2016.08.18 04:05:19.146,0.86631,0.86641,3.07,1.00
2016.08.18 04:05:20.050,0.86631,0.86641,1.57,1.00
2016.08.18 04:05:21.000,0.86631,0.86642,1.57,2.25
2016.08.18 04:05:21.051,0.86631,0.86642,1.57,1.50
2016.08.18 04:05:23.439,0.86631,0.8664,2.32,1.50
2016.08.18 04:05:23.490,0.86631,0.8664,1.95,1.50
2016.08.18 04:05:23.542,0.8663,0.86639,1.57,1.50
2016.08.18 04:05:23.644,0.8663,0.8664,1.00,3.37
2016.08.18 04:05:23.695,0.8663,0.8664,1.00,4.12
2016.08.18 04:05:23.747,0.86629,0.86639,1.10,1.20
2016.08.18 04:05:23.954,0.86628,0.86639,1.07,2.70
2016.08.18 04:05:24.331,0.86627,0.86639,3.45,3.00
2016.08.18 04:05:24.662,0.86628,0.86639,1.20,3.00
2016.08.18 04:05:24.713,0.86628,0.86638,1.20,1.07
2016.08.18 04:05:25.675,0.86627,0.86638,2.32,1.07
2016.08.18 04:05:29.076,0.86629,0.86638,1.00,1.07
2016.08.18 04:05:29.391,0.86629,0.86639,2.25,1.10
2016.08.18 04:05:29.493,0.86629,0.86639,2.25,1.10
2016.08.18 04:05:30.109,0.86629,0.86638,2.25,1.00
2016.08.18 04:05:30.426,0.86629,0.86638,1.50,1.00
2016.08.18 04:05:31.325,0.86629,0.86639,1.50,1.57
2016.08.18 04:05:31.376,0.86629,0.86639,1.50,2.32
2016.08.18 04:05:31.948,0.86629,0.86639,1.50,1.57
2016.08.18 04:05:32.341,0.86629,0.86639,3.00,3.07
2016.08.18 04:05:32.393,0.86629,0.86639,2.25,3.07
2016.08.18 04:05:32.665,0.86629,0.86639,2.25,3.82
2016.08.18 04:05:33.257,0.86629,0.86639,1.00,3.07
2016.08.18 04:05:35.726,0.86628,0.86639,1.95,3.07
2016.08.18 04:05:35.777,0.86627,0.86636,1.45,1.50
2016.08.18 04:05:35.828,0.86626,0.86636,3.00,1.50
2016.08.18 04:05:35.879,0.86625,0.86635,1.85,2.25
2016.08.18 04:05:35.931,0.86624,0.86634,4.65,1.00
2016.08.18 04:05:36.021,0.86626,0.86636,1.12,2.70
2016.08.18 04:05:36.072,0.86626,0.86636,1.87,1.20
2016.08.18 04:05:36.363,0.86627,0.86636,1.00,1.20
2016.08.18 04:05:36.414,0.86627,0.86638,1.00,5.25
2016.08.18 04:05:36.771,0.86627,0.86638,1.00,5.25
2016.08.18 04:05:36.873,0.86627,0.86638,1.00,3.75
2016.08.18 04:05:37.281,0.86627,0.86638,1.00,3.75
2016.08.18 04:05:37.332,0.86627,0.86638,1.00,3.00
2016.08.18 04:05:37.383,0.86627,0.86638,1.00,1.87
2016.08.18 04:05:37.727,0.86627,0.86638,1.00,1.95
2016.08.18 04:05:37.779,0.86627,0.86638,1.00,1.20
2016.08.18 04:05:38.786,0.86627,0.86638,1.10,1.20
2016.08.18 04:05:40.755,0.86627,0.86638,1.12,1.12
2016.08.18 04:05:40.807,0.86627,0.86638,1.20,1.12
2016.08.18 04:05:43.373,0.86626,0.86636,2.62,1.00
2016.08.18 04:05:44.654,0.86626,0.86636,3.37,1.00
2016.08.18 04:05:44.807,0.86627,0.86636,1.20,1.00
2016.08.18 04:05:45.243,0.86627,0.86636,1.12,1.00
2016.08.18 04:05:45.346,0.86626,0.86636,1.57,1.00
2016.08.18 04:05:45.398,0.86627,0.86638,2.70,1.87
2016.08.18 04:05:45.449,0.86627,0.86638,3.45,1.87
2016.08.18 04:05:45.500,0.86627,0.86638,3.45,1.12
2016.08.18 04:05:45.552,0.86627,0.86638,3.45,1.50
2016.08.18 04:05:45.603,0.86627,0.86638,1.95,1.50
2016.08.18 04:05:45.706,0.86629,0.86638,1.50,1.50
2016.08.18 04:05:45.757,0.86629,0.86637,1.50,1.12
2016.08.18 04:05:45.859,0.86627,0.86637,4.20,1.12
2016.08.18 04:05:46.183,0.86627,0.86637,3.45,1.12
2016.08.18 04:05:46.303,0.86627,0.86637,4.20,1.12
2016.08.18 04:05:46.354,0.86627,0.86639,3.45,3.07
2016.08.18 04:05:46.405,0.86628,0.86639,1.57,3.07
2016.08.18 04:05:49.142,0.8663,0.86638,1.50,1.50
2016.08.18 04:05:51.124,0.8663,0.86639,1.50,3.75
2016.08.18 04:05:51.175,0.8663,0.86639,3.00,2.25
2016.08.18 04:05:51.226,0.8663,0.86639,3.00,1.75
2016.08.18 04:05:51.278,0.8663,0.86638,1.50,1.12
2016.08.18 04:05:51.331,0.8663,0.86638,2.25,1.12
2016.08.18 04:05:51.383,0.8663,0.86639,1.50,1.50
2016.08.18 04:05:51.435,0.8663,0.86639,1.50,1.50
2016.08.18 04:05:51.487,0.86631,0.86638,1.00,1.12
2016.08.18 04:05:51.589,0.8663,0.8664,1.50,3.15
2016.08.18 04:05:51.742,0.8663,0.8664,1.50,3.15
2016.08.18 04:05:52.202,0.8663,0.8664,1.50,3.15
2016.08.18 04:05:52.308,0.8663,0.86639,1.50,1.50
2016.08.18 04:05:52.807,0.8663,0.86639,1.50,1.50
2016.08.18 04:05:54.065,0.86631,0.86639,1.00,1.50
2016.08.18 04:05:55.829,0.86631,0.86639,1.00,1.50
2016.08.18 04:05:55.880,0.86629,0.86639,1.65,1.50
2016.08.18 04:05:56.379,0.8663,0.86639,1.00,1.50
2016.08.18 04:05:56.835,0.8663,0.8664,1.00,4.09
2016.08.18 04:05:58.871,0.86629,0.8664,1.65,3.15
2016.08.18 04:05:58.922,0.86629,0.8664,2.40,3.15
2016.08.18 04:05:59.280,0.8663,0.8664,1.00,4.84
2016.08.18 04:05:59.331,0.8663,0.86639,1.00,1.50
2016.08.18 04:05:59.382,0.86629,0.8664,2.40,3.15
2016.08.18 04:06:00.310,0.8663,0.8664,2.25,2.40
2016.08.18 04:06:00.361,0.8663,0.8664,3.00,2.40
2016.08.18 04:06:01.386,0.86632,0.8664,1.50,2.40
2016.08.18 04:06:01.682,0.86632,0.8664,1.50,1.65
2016.08.18 04:06:02.031,0.86632,0.8664,1.50,1.20
2016.08.18 04:06:02.188,0.86634,0.8664,1.00,1.20
2016.08.18 04:06:02.240,0.86634,0.8664,1.00,1.00
2016.08.18 04:06:02.291,0.86632,0.8664,1.57,1.00
2016.08.18 04:06:02.342,0.86632,0.86642,1.50,3.00
2016.08.18 04:06:02.393,0.86631,0.86641,2.32,1.00
2016.08.18 04:06:02.445,0.86632,0.86641,1.00,1.00
2016.08.18 04:06:02.496,0.86633,0.86641,1.00,1.12
2016.08.18 04:06:02.547,0.86633,0.86641,1.00,1.50
2016.08.18 04:06:02.598,0.86632,0.86641,1.57,1.50
2016.08.18 04:06:02.920,0.86632,0.86641,1.57,1.50
2016.08.18 04:06:02.971,0.86632,0.8664,1.57,1.00
2016.08.18 04:06:03.414,0.86632,0.86641,1.10,1.87
2016.08.18 04:06:03.465,0.86631,0.8664,1.95,1.00
2016.08.18 04:06:03.516,0.86631,0.86639,1.95,1.37
2016.08.18 04:06:03.569,0.86631,0.86639,1.87,1.37
2016.08.18 04:06:03.622,0.86631,0.86639,1.12,1.37
2016.08.18 04:06:04.008,0.8663,0.86639,1.47,1.37
2016.08.18 04:06:04.059,0.86629,0.86639,4.12,1.37
2016.08.18 04:06:04.496,0.86629,0.86639,2.62,1.37
2016.08.18 04:06:04.598,0.86629,0.8664,2.62,2.25
2016.08.18 04:06:04.649,0.86629,0.8664,1.95,2.32
2016.08.18 04:06:04.701,0.86629,0.86638,1.95,1.12
2016.08.18 04:06:05.147,0.86628,0.86638,6.00,1.12
2016.08.18 04:06:05.353,0.86628,0.86638,4.50,1.12
2016.08.18 04:06:05.404,0.86629,0.86638,1.95,1.12
2016.08.18 04:06:06.512,0.86629,0.86639,1.95,1.87
2016.08.18 04:06:06.590,0.86629,0.86639,1.95,1.95
2016.08.18 04:06:06.692,0.86628,0.86638,1.12,1.12
2016.08.18 04:06:06.744,0.86627,0.86637,2.32,1.00
2016.08.18 04:06:06.846,0.86627,0.86637,1.95,1.00
2016.08.18 04:06:07.102,0.86626,0.86637,3.37,1.00
2016.08.18 04:06:10.975,0.86626,0.86637,3.37,1.00
2016.08.18 04:06:11.026,0.86626,0.86636,2.25,1.12
2016.08.18 04:06:11.103,0.86626,0.86636,2.25,1.12
2016.08.18 04:06:11.155,0.86626,0.86636,1.95,1.12
2016.08.18 04:06:11.207,0.86627,0.86636,1.57,1.12
2016.08.18 04:06:11.258,0.86627,0.86636,1.57,1.12
2016.08.18 04:06:13.204,0.86627,0.86637,1.57,3.75
2016.08.18 04:06:13.255,0.86627,0.86637,1.57,4.57
2016.08.18 04:06:13.306,0.86627,0.86635,1.57,1.00
2016.08.18 04:06:17.266,0.86626,0.86635,1.87,1.00
2016.08.18 04:06:17.319,0.86626,0.86636,1.87,1.12
2016.08.18 04:06:19.730,0.86627,0.86636,1.57,1.12
2016.08.18 04:06:23.461,0.86627,0.86636,1.57,1.87
2016.08.18 04:06:23.512,0.86627,0.86636,1.57,1.12
2016.08.18 04:06:23.564,0.86629,0.86637,1.50,1.57
2016.08.18 04:06:23.615,0.86629,0.86638,1.50,1.85
2016.08.18 04:06:23.667,0.86629,0.86638,1.50,1.57
2016.08.18 04:06:23.718,0.86629,0.86638,1.50,1.50
2016.08.18 04:06:23.769,0.86629,0.86638,1.50,1.50
2016.08.18 04:06:23.820,0.86629,0.86639,1.50,2.32
2016.08.18 04:06:24.138,0.86629,0.86638,1.50,1.00
2016.08.18 04:06:26.273,0.86628,0.86638,1.57,1.00
2016.08.18 04:06:26.325,0.86628,0.86638,1.57,1.50
2016.08.18 04:06:26.378,0.8663,0.86638,1.50,1.50
2016.08.18 04:06:26.585,0.86628,0.86638,1.57,1.50
2016.08.18 04:06:26.944,0.86629,0.86638,1.50,1.50
2016.08.18 04:06:28.139,0.86629,0.86638,1.50,3.00
2016.08.18 04:06:28.348,0.86628,0.86638,1.50,3.00
2016.08.18 04:06:29.123,0.86628,0.86638,1.50,3.00
2016.08.18 04:06:29.176,0.86627,0.86638,1.57,2.25
2016.08.18 04:06:31.312,0.86627,0.86638,1.57,3.00
2016.08.18 04:06:31.809,0.86627,0.86636,1.57,1.00
2016.08.18 04:06:31.861,0.86626,0.86636,2.70,1.00
2016.08.18 04:06:32.363,0.86626,0.86636,2.62,1.00
2016.08.18 04:06:32.415,0.86626,0.86637,1.87,2.70
2016.08.18 04:06:33.193,0.86626,0.86637,1.87,1.95
2016.08.18 04:06:37.422,0.86626,0.86637,2.25,1.57
2016.08.18 04:06:37.473,0.86626,0.86637,2.25,1.10
2016.08.18 04:06:37.576,0.86625,0.86637,3.45,1.10
2016.08.18 04:06:37.678,0.86625,0.86637,4.20,1.10
2016.08.18 04:06:37.885,0.86625,0.86637,3.45,1.10
2016.08.18 04:06:38.392,0.86625,0.86638,4.20,3.75
2016.08.18 04:06:38.597,0.86626,0.86638,1.50,3.75
2016.08.18 04:06:39.013,0.86626,0.86638,1.50,2.25
2016.08.18 04:06:39.709,0.86626,0.86638,3.00,2.25
2016.08.18 04:06:41.000,0.86627,0.86638,1.57,2.25
2016.08.18 04:06:48.601,0.86628,0.86638,1.87,1.57
2016.08.18 04:06:48.652,0.86629,0.8664,1.00,1.45
2016.08.18 04:06:48.704,0.86629,0.86641,1.50,1.75
2016.08.18 04:06:48.755,0.8663,0.8664,1.87,1.20
2016.08.18 04:06:48.806,0.8663,0.8664,1.87,1.10
2016.08.18 04:06:48.858,0.8663,0.86642,1.87,2.62
2016.08.18 04:06:48.909,0.8663,0.86642,3.37,2.62
2016.08.18 04:06:48.960,0.8663,0.86642,3.37,1.87
2016.08.18 04:06:49.062,0.8663,0.86642,3.37,2.62
2016.08.18 04:06:49.524,0.8663,0.86642,3.45,2.62
2016.08.18 04:06:49.802,0.8663,0.86642,3.45,2.32
2016.08.18 04:06:49.871,0.8663,0.86642,3.45,1.57
2016.08.18 04:06:51.333,0.8663,0.86642,4.20,1.57
2016.08.18 04:06:54.092,0.86631,0.86642,1.00,1.57
2016.08.18 04:06:55.193,0.8663,0.86642,4.20,1.57
2016.08.18 04:06:56.994,0.86631,0.86642,1.00,1.57
2016.08.18 04:06:57.360,0.86631,0.86642,1.00,3.07
2016.08.18 04:06:57.513,0.8663,0.86642,3.45,3.07
2016.08.18 04:06:57.881,0.8663,0.86642,2.70,3.82
2016.08.18 04:07:02.138,0.8663,0.86642,1.47,1.57
2016.08.18 04:07:02.189,0.8663,0.86642,3.45,1.57
2016.08.18 04:07:03.178,0.86633,0.86643,1.00,2.25
2016.08.18 04:07:03.230,0.86633,0.86643,1.00,1.95
2016.08.18 04:07:03.281,0.86633,0.86643,1.00,1.20
2016.08.18 04:07:04.835,0.86633,0.86643,1.50,1.20
2016.08.18 04:07:04.887,0.86633,0.86643,1.50,1.95
2016.08.18 04:07:04.939,0.86633,0.86643,1.87,1.95
2016.08.18 04:07:04.990,0.86633,0.86643,1.87,1.20
2016.08.18 04:07:05.042,0.86633,0.86643,1.50,1.20
2016.08.18 04:07:06.262,0.86633,0.86643,1.00,1.20
2016.08.18 04:07:07.152,0.86632,0.86643,2.62,1.20
2016.08.18 04:07:09.112,0.86632,0.86643,2.62,2.70
2016.08.18 04:07:09.282,0.86632,0.86643,1.87,2.70
2016.08.18 04:07:09.333,0.86632,0.86642,1.87,1.10
2016.08.18 04:07:09.384,0.86631,0.86641,1.57,1.50
2016.08.18 04:07:09.435,0.86631,0.86641,1.95,1.50
2016.08.18 04:07:09.537,0.86631,0.86641,1.57,1.50
2016.08.18 04:07:12.012,0.86632,0.86642,1.12,1.57
2016.08.18 04:07:13.378,0.86631,0.86643,2.32,1.95
2016.08.18 04:07:13.429,0.86632,0.86643,1.00,1.95
2016.08.18 04:07:13.482,0.86633,0.86642,1.12,1.10
2016.08.18 04:07:13.585,0.86633,0.86642,1.00,1.10
2016.08.18 04:07:14.368,0.86631,0.86641,2.70,1.50
2016.08.18 04:07:14.420,0.86631,0.86642,2.70,1.10
2016.08.18 04:07:14.523,0.86632,0.86641,1.12,1.50
2016.08.18 04:07:15.137,0.86632,0.86642,1.12,2.32
2016.08.18 04:07:16.048,0.86631,0.86642,1.57,1.57
2016.08.18 04:07:16.632,0.86631,0.86643,1.57,2.70
2016.08.18 04:07:18.407,0.86631,0.86642,1.57,1.57
2016.08.18 04:07:20.141,0.86631,0.86641,1.57,1.50
2016.08.18 04:07:20.691,0.86631,0.86641,1.57,1.50
2016.08.18 04:07:20.743,0.86632,0.86642,1.00,1.57
2016.08.18 04:07:20.794,0.86632,0.86642,1.00,1.20
2016.08.18 04:07:20.847,0.8663,0.86642,1.47,1.07
2016.08.18 04:07:20.900,0.8663,0.86642,1.10,1.95
2016.08.18 04:07:20.953,0.8663,0.86642,2.70,1.57
2016.08.18 04:07:21.004,0.8663,0.86642,3.07,1.57
2016.08.18 04:07:21.254,0.86631,0.86641,1.00,1.10
2016.08.18 04:07:24.821,0.86631,0.86641,1.50,1.10
2016.08.18 04:07:25.621,0.86631,0.86641,1.57,1.00
2016.08.18 04:07:26.307,0.86631,0.86643,1.57,3.26
2016.08.18 04:07:26.359,0.86632,0.86643,2.25,1.01
2016.08.18 04:07:26.411,0.86632,0.86643,3.07,1.01
2016.08.18 04:07:26.463,0.86635,0.86643,1.50,1.01
2016.08.18 04:07:26.515,0.86635,0.86644,1.50,2.44
2016.08.18 04:07:26.567,0.86635,0.86644,1.50,1.37
2016.08.18 04:07:26.619,0.86635,0.86645,1.50,1.50
2016.08.18 04:07:26.672,0.86636,0.86645,1.87,1.37
2016.08.18 04:07:26.724,0.86636,0.86646,1.87,3.00
2016.08.18 04:07:27.088,0.86636,0.86645,1.87,1.37
2016.08.18 04:07:27.140,0.86638,0.86646,1.50,2.25
2016.08.18 04:07:27.191,0.86638,0.86646,1.87,1.50
2016.08.18 04:07:27.243,0.86638,0.86647,1.87,3.00
2016.08.18 04:07:27.294,0.86638,0.86647,1.95,3.00
2016.08.18 04:07:27.757,0.86638,0.86646,1.95,1.50
2016.08.18 04:07:28.550,0.86637,0.86647,1.87,3.00
2016.08.18 04:07:28.704,0.86637,0.86647,1.87,3.75
2016.08.18 04:07:28.806,0.86637,0.86647,1.87,3.00
2016.08.18 04:07:28.857,0.86637,0.86647,1.87,3.60
2016.08.18 04:07:29.011,0.86637,0.86647,1.87,4.35
2016.08.18 04:07:29.062,0.86637,0.86647,1.87,3.75
2016.08.18 04:07:29.164,0.86637,0.86646,1.87,1.50
2016.08.18 04:07:29.944,0.86637,0.86646,1.87,2.25
2016.08.18 04:07:29.996,0.86637,0.86646,1.87,1.50
2016.08.18 04:07:30.047,0.86637,0.86646,1.50,1.50
2016.08.18 04:07:30.882,0.86636,0.86645,1.57,1.37
2016.08.18 04:07:30.934,0.86634,0.86645,2.70,1.37
2016.08.18 04:07:30.986,0.86634,0.86645,3.45,1.37
2016.08.18 04:07:31.037,0.86634,0.86646,3.07,4.01
2016.08.18 04:07:31.089,0.86635,0.86646,1.10,4.01
2016.08.18 04:07:31.192,0.86636,0.86646,1.00,4.76
2016.08.18 04:07:31.266,0.86636,0.86645,1.50,1.50
2016.08.18 04:07:31.319,0.86636,0.86645,1.00,1.50
2016.08.18 04:07:31.577,0.86636,0.86645,1.00,2.25
2016.08.18 04:07:31.882,0.86633,0.86644,1.95,1.87
2016.08.18 04:07:32.244,0.86633,0.86644,1.20,1.87
2016.08.18 04:07:32.296,0.86632,0.86644,4.12,1.87
2016.08.18 04:07:32.632,0.86632,0.86644,4.12,2.62
2016.08.18 04:07:39.240,0.86632,0.86644,4.12,1.87
2016.08.18 04:07:39.478,0.86633,0.86644,1.20,1.87
2016.08.18 04:07:43.342,0.86633,0.86644,1.20,2.62
2016.08.18 04:07:43.394,0.86633,0.86644,1.95,2.62
2016.08.18 04:07:43.445,0.86633,0.86644,1.95,3.37
2016.08.18 04:07:43.496,0.86633,0.86644,1.20,3.37
2016.08.18 04:07:43.547,0.86633,0.86644,1.47,3.45
2016.08.18 04:07:43.700,0.86633,0.86643,2.70,1.50
2016.08.18 04:07:44.083,0.86633,0.86644,1.47,1.95
2016.08.18 04:07:44.458,0.86634,0.86644,1.12,1.95
2016.08.18 04:07:44.509,0.86634,0.86644,1.87,1.95
2016.08.18 04:07:46.059,0.86635,0.86644,1.10,1.95
2016.08.18 04:07:46.878,0.86636,0.86645,1.00,2.25
2016.08.18 04:07:46.945,0.86636,0.86646,1.00,2.51
2016.08.18 04:07:46.996,0.86636,0.86646,2.32,2.51
2016.08.18 04:07:47.048,0.86636,0.86646,3.07,3.26
2016.08.18 04:07:47.150,0.86636,0.86646,2.32,2.51
2016.08.18 04:07:48.565,0.86636,0.86646,2.32,2.32
2016.08.18 04:07:49.497,0.86637,0.86646,1.00,2.32
2016.08.18 04:07:49.548,0.86637,0.86646,1.00,1.85
2016.08.18 04:07:52.116,0.86637,0.86646,1.00,1.75
2016.08.18 04:07:55.466,0.86637,0.86646,1.00,2.00
2016.08.18 04:07:55.517,0.86637,0.86646,2.25,2.00
2016.08.18 04:07:56.119,0.86638,0.86646,1.00,1.75
2016.08.18 04:07:56.171,0.86642,0.86648,1.00,1.75
2016.08.18 04:07:56.224,0.86643,0.86648,1.00,1.00
2016.08.18 04:07:56.328,0.86642,0.86648,1.50,1.00
2016.08.18 04:07:57.214,0.86641,0.86648,1.00,1.00
2016.08.18 04:07:57.317,0.86641,0.86648,1.00,1.00
2016.08.18 04:07:58.305,0.86641,0.86649,1.00,3.00
2016.08.18 04:07:58.425,0.86641,0.86649,1.00,2.25
2016.08.18 04:07:58.477,0.86644,0.86648,1.00,1.00
2016.08.18 04:07:58.529,0.86644,0.8665,1.00,1.87
2016.08.18 04:07:58.581,0.86642,0.86651,1.00,3.45
2016.08.18 04:07:58.634,0.86642,0.86652,3.00,1.57
2016.08.18 04:07:58.685,0.86643,0.86653,1.00,2.14
2016.08.18 04:07:58.737,0.86643,0.86653,2.25,1.95
2016.08.18 04:07:59.040,0.86645,0.86654,1.50,3.07
2016.08.18 04:07:59.092,0.86645,0.86653,1.50,1.00
2016.08.18 04:07:59.246,0.86645,0.86653,1.50,1.00
2016.08.18 04:08:00.145,0.86641,0.86653,4.50,3.45
2016.08.18 04:08:00.197,0.86642,0.86653,1.57,3.45
2016.08.18 04:08:00.449,0.86642,0.86652,1.10,3.00
2016.08.18 04:08:00.500,0.86642,0.86651,1.10,1.50
2016.08.18 04:08:00.552,0.86642,0.86651,1.10,1.00
2016.08.18 04:08:00.604,0.86642,0.86651,1.00,1.00
2016.08.18 04:08:01.404,0.8664,0.86651,2.70,1.00
2016.08.18 04:08:01.911,0.8664,0.86651,3.45,1.00
2016.08.18 04:08:02.013,0.86641,0.86651,1.10,1.00
2016.08.18 04:08:02.318,0.86641,0.86651,1.10,1.50
2016.08.18 04:08:03.081,0.8664,0.86651,1.95,1.50
2016.08.18 04:08:03.234,0.8664,0.86651,2.70,1.50
2016.08.18 04:08:04.310,0.8664,0.86651,1.95,1.50
2016.08.18 04:08:07.910,0.8664,0.86651,2.70,1.50
2016.08.18 04:08:09.305,0.86641,0.86651,1.10,1.50
2016.08.18 04:08:10.983,0.8664,0.86651,2.70,1.50
2016.08.18 04:08:11.034,0.8664,0.86651,1.95,1.50
2016.08.18 04:08:13.835,0.8664,0.86651,2.70,1.50
2016.08.18 04:08:13.938,0.8664,0.86651,1.95,1.50
2016.08.18 04:08:15.896,0.86641,0.86651,1.10,1.50
2016.08.18 04:08:18.292,0.8664,0.86651,1.95,1.12
2016.08.18 04:08:24.434,0.8664,0.86651,2.70,1.12
2016.08.18 04:08:24.495,0.86641,0.86651,1.10,1.12
2016.08.18 04:08:27.483,0.86641,0.86652,1.57,3.07
2016.08.18 04:08:27.536,0.86642,0.86652,1.57,3.00
2016.08.18 04:08:27.587,0.86642,0.86654,4.57,2.70
2016.08.18 04:08:27.639,0.86644,0.86654,1.50,2.70
2016.08.18 04:08:27.691,0.86644,0.86654,2.25,1.57
2016.08.18 04:08:27.743,0.86644,0.86654,2.25,1.27
2016.08.18 04:08:27.795,0.86644,0.86655,1.50,3.00
2016.08.18 04:08:28.271,0.86644,0.86655,1.50,3.75
2016.08.18 04:08:28.340,0.86644,0.86655,1.50,3.00
2016.08.18 04:08:28.647,0.86645,0.86655,1.50,3.00
2016.08.18 04:08:31.810,0.86645,0.86655,1.00,3.00
2016.08.18 04:08:31.861,0.86644,0.86655,1.50,3.00
2016.08.18 04:08:32.871,0.86645,0.86655,1.00,3.19
2016.08.18 04:08:34.045,0.86644,0.86655,1.50,3.00
2016.08.18 04:08:38.219,0.86644,0.86654,1.50,1.20
2016.08.18 04:08:38.270,0.86645,0.86655,1.00,4.69
2016.08.18 04:08:41.069,0.86644,0.86655,1.50,3.75
2016.08.18 04:08:43.121,0.86644,0.86654,1.50,1.65
2016.08.18 04:08:47.691,0.86644,0.86654,1.50,2.40
2016.08.18 04:08:50.095,0.86644,0.86654,1.50,1.65
2016.08.18 04:08:50.627,0.86644,0.86654,1.00,1.65
2016.08.18 04:08:54.254,0.86644,0.86654,1.00,1.65
2016.08.18 04:08:58.200,0.86644,0.86654,1.50,1.65
2016.08.18 04:08:58.252,0.86644,0.86653,1.50,1.00
2016.08.18 04:09:02.271,0.86644,0.86653,3.00,1.00
2016.08.18 04:09:07.209,0.86645,0.86653,1.00,1.00
2016.08.18 04:09:12.062,0.86645,0.86654,1.50,2.02
2016.08.18 04:09:12.164,0.86645,0.86654,1.50,1.57
2016.08.18 04:09:12.886,0.86645,0.86654,1.00,1.57
2016.08.18 04:09:13.041,0.86644,0.86654,1.00,2.77
2016.08.18 04:09:13.144,0.86644,0.86654,1.00,1.57
2016.08.18 04:09:13.349,0.86646,0.86654,1.00,1.57
2016.08.18 04:09:13.400,0.86646,0.86654,1.00,1.57
2016.08.18 04:09:13.452,0.86646,0.86656,1.00,3.64
2016.08.18 04:09:13.504,0.86647,0.86656,1.00,3.45
2016.08.18 04:09:13.836,0.86646,0.86655,1.00,1.87
2016.08.18 04:09:13.887,0.86646,0.86655,1.00,1.87
2016.08.18 04:09:13.938,0.86646,0.86655,1.00,1.87
2016.08.18 04:09:14.041,0.86646,0.86656,1.00,3.07
2016.08.18 04:09:14.116,0.86646,0.86656,1.00,3.67
2016.08.18 04:09:14.553,0.86646,0.86656,1.00,3.07
2016.08.18 04:09:14.983,0.86646,0.86656,1.00,3.82
2016.08.18 04:09:17.741,0.86645,0.86656,1.50,3.82
2016.08.18 04:09:17.793,0.86645,0.86656,1.00,3.82
2016.08.18 04:09:18.242,0.86645,0.86655,1.00,1.12
2016.08.18 04:09:18.293,0.86645,0.86655,1.00,1.50
2016.08.18 04:09:18.344,0.86644,0.86655,2.32,1.75
2016.08.18 04:09:20.121,0.86644,0.86655,3.07,1.75
2016.08.18 04:09:20.292,0.86644,0.86655,2.32,1.75
2016.08.18 04:09:20.550,0.86645,0.86655,1.00,3.75
2016.08.18 04:09:20.602,0.86645,0.86655,1.00,3.37
2016.08.18 04:09:20.654,0.86643,0.86655,3.82,3.37
2016.08.18 04:09:20.705,0.86643,0.86655,3.07,4.12
2016.08.18 04:09:20.757,0.86643,0.86655,2.32,4.12
2016.08.18 04:09:21.413,0.86644,0.86655,1.10,4.12
2016.08.18 04:09:21.483,0.86644,0.86655,1.57,2.62
2016.08.18 04:09:21.586,0.86644,0.86656,3.07,2.32
2016.08.18 04:09:21.638,0.86644,0.86656,4.57,2.32
2016.08.18 04:09:21.791,0.86645,0.86656,1.00,2.32
2016.08.18 04:09:22.187,0.86645,0.86656,2.25,2.32
2016.08.18 04:09:22.239,0.86646,0.86656,1.00,2.32
2016.08.18 04:09:22.684,0.86645,0.86656,3.00,1.57
2016.08.18 04:09:22.735,0.86646,0.86656,1.00,1.57
2016.08.18 04:09:29.449,0.86645,0.86657,5.25,2.70
2016.08.18 04:09:29.501,0.86646,0.86657,1.10,1.47
2016.08.18 04:09:29.552,0.86646,0.86657,1.20,1.47
2016.08.18 04:09:30.663,0.86646,0.86657,1.95,1.47
2016.08.18 04:09:33.583,0.86646,0.86657,1.20,1.47
2016.08.18 04:09:33.848,0.86646,0.86657,1.95,1.47
2016.08.18 04:09:36.928,0.86646,0.86657,2.70,1.47
2016.08.18 04:09:36.979,0.86646,0.86657,3.45,1.47
2016.08.18 04:09:37.715,0.86646,0.86658,3.45,3.64
2016.08.18 04:09:37.768,0.86648,0.86658,1.00,3.64
2016.08.18 04:09:38.613,0.86648,0.86658,1.00,1.84
2016.08.18 04:09:38.664,0.86648,0.86658,1.00,1.76
2016.08.18 04:09:38.961,0.86647,0.86658,1.57,1.76
2016.08.18 04:09:39.286,0.86647,0.86658,2.32,1.76
2016.08.18 04:09:40.361,0.86648,0.86658,1.00,1.76
2016.08.18 04:09:41.622,0.86647,0.86658,2.32,1.57
2016.08.18 04:09:43.255,0.86648,0.86658,1.50,1.57
2016.08.18 04:09:43.418,0.86648,0.86658,1.00,1.57
2016.08.18 04:09:43.470,0.86647,0.86658,2.32,1.57
2016.08.18 04:09:43.718,0.86648,0.86658,1.00,1.57
2016.08.18 04:09:43.769,0.86649,0.86658,1.00,1.57
2016.08.18 04:09:51.984,0.86648,0.86658,1.50,1.57
2016.08.18 04:09:59.381,0.86648,0.86658,1.50,3.07
2016.08.18 04:09:59.763,0.86649,0.86658,1.00,2.70
2016.08.18 04:10:00.059,0.86648,0.86658,1.00,2.70
2016.08.18 04:10:00.810,0.86648,0.86658,1.50,2.70
2016.08.18 04:10:01.190,0.86648,0.86658,1.50,1.95
2016.08.18 04:10:01.713,0.86648,0.86659,1.50,4.20
2016.08.18 04:10:02.473,0.86648,0.86659,2.25,4.20
2016.08.18 04:10:03.106,0.86648,0.86659,1.50,4.20
2016.08.18 04:10:03.585,0.86648,0.86659,2.25,4.20
2016.08.18 04:10:05.316,0.86649,0.86659,1.00,4.20
2016.08.18 04:10:05.367,0.86648,0.86659,2.25,4.20
2016.08.18 04:10:05.846,0.86649,0.86659,2.25,4.20
2016.08.18 04:10:05.897,0.86649,0.86659,2.25,2.70
2016.08.18 04:10:06.001,0.86649,0.86659,2.25,2.40
2016.08.18 04:10:06.052,0.86649,0.86659,2.25,2.40
2016.08.18 04:10:06.373,0.86649,0.86659,1.50,2.40
2016.08.18 04:10:06.530,0.86649,0.86659,1.50,2.40
2016.08.18 04:10:08.638,0.8665,0.86659,1.00,1.65
2016.08.18 04:10:08.966,0.86652,0.8666,1.00,1.50
2016.08.18 04:10:09.295,0.86653,0.86663,1.00,3.07
2016.08.18 04:10:09.347,0.86653,0.86663,1.00,2.70
2016.08.18 04:10:09.449,0.86653,0.86663,1.00,2.40
2016.08.18 04:10:09.787,0.86653,0.86663,1.50,2.40
2016.08.18 04:10:10.679,0.86653,0.86663,1.00,2.40
2016.08.18 04:10:11.576,0.86653,0.86663,1.00,3.15
2016.08.18 04:10:11.949,0.86652,0.86661,1.10,2.32
2016.08.18 04:10:12.001,0.86651,0.86661,1.87,1.65
2016.08.18 04:10:12.052,0.8665,0.86661,1.95,4.20
2016.08.18 04:10:12.103,0.8665,0.86661,1.87,4.20
2016.08.18 04:10:12.155,0.8665,0.86661,1.12,4.20
2016.08.18 04:10:12.206,0.8665,0.86659,1.12,1.50
2016.08.18 04:10:12.359,0.8665,0.86659,1.12,1.50
2016.08.18 04:10:13.404,0.8665,0.8666,1.12,2.32
2016.08.18 04:10:14.515,0.8665,0.86658,1.12,1.50
2016.08.18 04:10:15.824,0.8665,0.8666,1.12,1.10
2016.08.18 04:10:15.876,0.8665,0.86661,1.12,2.70
2016.08.18 04:10:16.195,0.86652,0.86661,1.00,1.00
2016.08.18 04:10:16.247,0.86652,0.8666,1.00,1.50
2016.08.18 04:10:16.298,0.86651,0.8666,1.10,1.50
2016.08.18 04:10:18.534,0.86652,0.8666,1.00,1.50
2016.08.18 04:10:20.375,0.86651,0.86659,1.10,1.50
2016.08.18 04:10:20.478,0.8665,0.86659,2.32,1.50
2016.08.18 04:10:22.699,0.86655,0.86661,1.00,1.00
2016.08.18 04:10:22.750,0.86655,0.86665,1.00,2.32
2016.08.18 04:10:22.954,0.86655,0.86665,1.00,1.07
2016.08.18 04:10:24.635,0.86654,0.86665,2.32,1.07
2016.08.18 04:10:24.686,0.86655,0.86665,1.00,1.07
2016.08.18 04:10:25.181,0.86655,0.86665,1.00,3.07
2016.08.18 04:10:25.283,0.86654,0.86665,1.00,3.07
2016.08.18 04:10:25.386,0.86653,0.86664,1.95,1.57
2016.08.18 04:10:25.488,0.86654,0.86664,1.50,1.57
2016.08.18 04:10:25.539,0.86654,0.86665,2.25,3.07
2016.08.18 04:10:25.590,0.86655,0.86665,1.00,3.07
2016.08.18 04:10:25.641,0.86655,0.86665,1.00,1.57
2016.08.18 04:10:25.929,0.86654,0.86665,3.00,1.57
2016.08.18 04:10:26.086,0.86654,0.86665,3.00,3.07
2016.08.18 04:10:28.846,0.86654,0.86665,3.00,1.57
2016.08.18 04:10:35.394,0.86654,0.86665,1.50,2.17
2016.08.18 04:10:35.445,0.86654,0.86664,1.50,1.10
2016.08.18 04:10:35.496,0.86653,0.86664,1.20,2.32
2016.08.18 04:10:35.796,0.86652,0.86664,2.70,2.32
2016.08.18 04:10:35.847,0.86652,0.86664,3.45,2.32
2016.08.18 04:10:35.898,0.86652,0.86664,3.45,3.07
2016.08.18 04:10:35.949,0.86652,0.86662,2.70,1.00
2016.08.18 04:10:36.001,0.86652,0.86662,2.32,1.00
2016.08.18 04:10:36.052,0.86652,0.86662,1.95,1.00
2016.08.18 04:10:37.417,0.86652,0.86662,2.70,1.00
2016.08.18 04:10:38.178,0.86652,0.86662,1.95,1.00
2016.08.18 04:10:39.466,0.86652,0.86662,3.45,1.00
2016.08.18 04:10:44.779,0.86654,0.86662,1.00,1.00
2016.08.18 04:10:49.495,0.86652,0.86662,1.95,1.00
2016.08.18 04:10:53.533,0.86653,0.86662,1.00,1.00
2016.08.18 04:11:00.245,0.86653,0.86662,1.00,1.00
2016.08.18 04:11:00.348,0.86653,0.86661,1.00,2.25
2016.08.18 04:11:00.399,0.86651,0.86659,1.20,1.50
2016.08.18 04:11:00.553,0.86651,0.86659,1.12,1.50
2016.08.18 04:11:00.604,0.86651,0.86659,1.12,1.50
2016.08.18 04:11:01.256,0.86651,0.86659,1.12,1.50
2016.08.18 04:11:01.334,0.86651,0.86661,1.12,2.25
2016.08.18 04:11:01.488,0.86651,0.86661,1.12,2.25
2016.08.18 04:11:01.540,0.86652,0.86662,1.00,1.75
2016.08.18 04:11:01.592,0.86652,0.86662,1.00,1.10
2016.08.18 04:11:04.202,0.86651,0.86662,2.70,1.10
2016.08.18 04:11:04.874,0.86651,0.86663,2.70,3.07
2016.08.18 04:11:04.976,0.86651,0.86663,2.70,3.82
2016.08.18 04:11:05.340,0.86651,0.86663,3.45,4.57
2016.08.18 04:11:05.392,0.86651,0.86663,3.45,3.82
2016.08.18 04:11:05.443,0.86652,0.86663,1.00,3.82
2016.08.18 04:11:05.649,0.86652,0.86663,1.50,3.07
2016.08.18 04:11:05.802,0.86652,0.86663,1.87,3.07
2016.08.18 04:11:06.783,0.86653,0.86663,1.12,2.32
2016.08.18 04:11:07.131,0.86652,0.86663,1.87,2.32
2016.08.18 04:11:07.437,0.86652,0.86663,1.87,1.07
2016.08.18 04:11:07.488,0.86652,0.86663,1.95,1.07
2016.08.18 04:11:08.017,0.86652,0.86663,1.95,2.32
2016.08.18 04:11:12.748,0.86651,0.86661,3.45,1.50
2016.08.18 04:11:12.799,0.86651,0.86661,3.07,1.50
2016.08.18 04:11:13.174,0.86651,0.86661,1.57,1.50
2016.08.18 04:11:13.274,0.86651,0.86662,1.20,1.57
2016.08.18 04:11:13.431,0.86651,0.86661,1.20,1.50
2016.08.18 04:11:13.534,0.86651,0.86661,1.95,2.25
2016.08.18 04:11:13.740,0.86651,0.86661,1.95,1.00
2016.08.18 04:11:14.214,0.86652,0.86661,1.00,1.00
2016.08.18 04:11:20.713,0.86652,0.86662,1.00,1.57
2016.08.18 04:11:21.263,0.86652,0.86663,1.00,1.57
2016.08.18 04:11:25.776,0.86653,0.86663,1.00,1.57
2016.08.18 04:11:27.549,0.86653,0.86662,1.00,1.57
2016.08.18 04:11:28.148,0.86652,0.86662,1.00,1.57
2016.08.18 04:11:31.832,0.86652,0.86661,1.00,1.00
2016.08.18 04:11:31.883,0.86651,0.86661,1.95,1.00
2016.08.18 04:11:31.985,0.86651,0.86661,1.95,2.25
2016.08.18 04:11:32.037,0.86651,0.86661,1.20,1.50
2016.08.18 04:11:32.431,0.86651,0.86661,1.20,1.87
2016.08.18 04:11:32.513,0.86652,0.8666,1.00,1.50
2016.08.18 04:11:32.564,0.86651,0.8666,1.95,1.00
2016.08.18 04:11:32.873,0.86651,0.8666,1.20,1.00
2016.08.18 04:11:32.924,0.86651,0.86661,1.20,3.37
2016.08.18 04:11:32.976,0.86651,0.86661,1.95,2.62
2016.08.18 04:11:33.412,0.8665,0.86661,1.57,1.87
2016.08.18 04:11:33.668,0.86651,0.86662,1.20,2.70
2016.08.18 04:11:34.180,0.86652,0.86662,1.00,2.70
2016.08.18 04:11:34.925,0.86651,0.86662,1.20,2.70
2016.08.18 04:11:35.458,0.86651,0.86662,2.70,1.47
2016.08.18 04:11:35.510,0.86651,0.86663,3.82,1.95
2016.08.18 04:11:35.562,0.86653,0.86663,1.00,1.95
2016.08.18 04:11:37.766,0.86652,0.86663,1.00,1.95
2016.08.18 04:11:40.850,0.86653,0.86663,1.00,1.20
2016.08.18 04:11:40.901,0.86652,0.86663,2.32,1.12
2016.08.18 04:11:41.003,0.86652,0.86663,3.07,1.12
2016.08.18 04:11:41.106,0.86653,0.86664,2.25,1.95
2016.08.18 04:11:41.414,0.86653,0.86664,2.25,1.65
2016.08.18 04:11:41.465,0.86653,0.86664,2.25,1.57
2016.08.18 04:11:41.517,0.86653,0.86664,2.62,1.57
2016.08.18 04:11:41.568,0.86654,0.86664,1.50,1.10
2016.08.18 04:11:41.941,0.86654,0.86664,2.25,1.10
2016.08.18 04:11:42.695,0.86654,0.86664,1.00,1.10
2016.08.18 04:11:44.059,0.86654,0.86664,1.10,1.12
2016.08.18 04:11:46.821,0.86654,0.86664,1.57,1.87
2016.08.18 04:11:47.694,0.86654,0.86664,1.10,1.87
2016.08.18 04:11:58.401,0.86654,0.86664,1.10,1.50
2016.08.18 04:11:59.431,0.86653,0.86664,3.37,1.57
2016.08.18 04:11:59.482,0.86653,0.86663,1.00,1.57
2016.08.18 04:12:02.726,0.86653,0.86663,1.00,1.57
2016.08.18 04:12:05.069,0.86653,0.86663,1.00,1.57
2016.08.18 04:12:06.412,0.86653,0.86661,1.00,1.50
2016.08.18 04:12:06.515,0.86652,0.86661,1.20,1.50
2016.08.18 04:12:06.566,0.86652,0.86661,1.12,1.50
2016.08.18 04:12:06.617,0.86652,0.86661,1.00,1.50
2016.08.18 04:12:08.685,0.86653,0.86663,1.00,3.45
2016.08.18 04:12:08.738,0.86653,0.86663,1.00,2.70
2016.08.18 04:12:08.840,0.86652,0.86663,3.00,2.32
2016.08.18 04:12:08.891,0.86652,0.86663,3.37,1.95
2016.08.18 04:12:08.994,0.86652,0.86664,3.37,1.87
2016.08.18 04:12:10.643,0.86653,0.86664,1.00,1.87
2016.08.18 04:12:15.303,0.86652,0.86664,1.87,1.87
2016.08.18 04:12:15.507,0.86653,0.86664,1.00,1.87
2016.08.18 04:12:16.696,0.86653,0.86664,1.50,1.87
2016.08.18 04:12:24.773,0.86653,0.86664,1.50,1.57
2016.08.18 04:12:49.016,0.86654,0.86664,1.00,1.57
2016.08.18 04:12:58.007,0.86654,0.86664,1.00,1.07
2016.08.18 04:13:05.426,0.86653,0.86664,2.25,1.07
2016.08.18 04:13:05.844,0.86654,0.86664,1.00,1.07
2016.08.18 04:13:05.946,0.86654,0.86665,1.00,2.62
2016.08.18 04:13:05.997,0.86654,0.86665,1.00,2.32
2016.08.18 04:13:06.049,0.86654,0.86665,1.00,2.32
2016.08.18 04:13:06.651,0.86654,0.86665,1.10,2.62
2016.08.18 04:13:08.982,0.86653,0.86663,1.12,2.25
2016.08.18 04:13:09.034,0.86653,0.86663,1.20,3.75
2016.08.18 04:13:09.085,0.86652,0.86663,1.87,3.75
2016.08.18 04:13:09.137,0.86652,0.86663,1.50,3.75
2016.08.18 04:13:09.189,0.86652,0.86661,1.10,1.00
2016.08.18 04:13:09.291,0.86651,0.86662,1.57,1.00
2016.08.18 04:13:09.343,0.86651,0.86662,1.57,1.37
2016.08.18 04:13:09.395,0.86651,0.86661,1.20,1.00
2016.08.18 04:13:09.497,0.86653,0.86661,1.00,1.00
2016.08.18 04:13:10.147,0.86654,0.86664,1.50,3.07
2016.08.18 04:13:10.250,0.86654,0.86664,1.57,4.12
2016.08.18 04:13:10.506,0.86653,0.86664,1.87,2.62
2016.08.18 04:13:10.659,0.86653,0.86664,1.87,3.37
2016.08.18 04:13:10.842,0.86653,0.86664,1.87,2.62
2016.08.18 04:13:11.903,0.86653,0.86664,2.62,2.62
2016.08.18 04:13:13.159,0.86653,0.86664,2.62,3.37
2016.08.18 04:13:13.754,0.86653,0.86664,2.62,2.62
2016.08.18 04:13:14.978,0.86653,0.86664,2.62,3.37
2016.08.18 04:13:15.080,0.86653,0.86664,2.62,2.62
2016.08.18 04:13:16.627,0.86653,0.86664,3.37,1.50
2016.08.18 04:13:16.678,0.86653,0.86664,3.37,2.25
2016.08.18 04:13:16.730,0.86654,0.86664,1.57,1.50
2016.08.18 04:13:17.074,0.86654,0.86664,1.57,1.12
2016.08.18 04:13:18.322,0.86654,0.86664,1.57,1.50
2016.08.18 04:13:22.098,0.86654,0.86664,1.57,3.00
2016.08.18 04:13:23.242,0.86653,0.86664,3.75,1.50
2016.08.18 04:13:25.633,0.86653,0.86664,3.00,1.50
2016.08.18 04:13:25.684,0.86653,0.86664,2.25,1.50
2016.08.18 04:13:25.736,0.86653,0.86664,1.50,3.45
2016.08.18 04:13:25.788,0.86653,0.86664,1.20,4.20
2016.08.18 04:13:25.839,0.86653,0.86664,1.10,4.20
2016.08.18 04:13:26.230,0.86653,0.86664,1.57,4.95
2016.08.18 04:13:28.254,0.86653,0.86664,1.57,5.70
2016.08.18 04:13:28.305,0.86653,0.86663,1.57,1.50
2016.08.18 04:13:28.904,0.86653,0.86663,1.10,1.50
2016.08.18 04:13:30.136,0.86652,0.86663,1.12,1.50
2016.08.18 04:13:31.806,0.86652,0.86662,1.12,1.10
2016.08.18 04:13:31.858,0.86652,0.86662,1.12,1.57
2016.08.18 04:13:31.910,0.86652,0.8666,1.87,1.50
2016.08.18 04:13:31.991,0.86653,0.8666,1.10,2.25
2016.08.18 04:13:32.043,0.86649,0.8666,1.95,1.10
2016.08.18 04:13:32.095,0.8665,0.8666,1.00,1.20
2016.08.18 04:13:32.146,0.8665,0.8666,1.00,2.70
2016.08.18 04:13:32.199,0.86648,0.8666,4.20,2.70
2016.08.18 04:13:32.506,0.86648,0.8666,3.45,3.07
2016.08.18 04:13:32.929,0.86649,0.8666,1.00,1.57
2016.08.18 04:13:32.982,0.86649,0.8666,1.50,1.57
2016.08.18 04:13:33.034,0.86649,0.8666,3.75,1.07
2016.08.18 04:13:33.137,0.86651,0.8666,1.00,1.07
2016.08.18 04:13:33.241,0.86651,0.86661,1.00,1.87
2016.08.18 04:13:33.394,0.86651,0.86661,1.00,1.12
2016.08.18 04:13:33.446,0.86651,0.86662,1.00,3.82
2016.08.18 04:13:33.761,0.86651,0.86662,1.00,3.45
2016.08.18 04:13:39.194,0.86651,0.8666,1.00,1.00
2016.08.18 04:13:39.921,0.86651,0.8666,1.00,2.25
2016.08.18 04:13:49.686,0.86651,0.8666,1.00,2.25
2016.08.18 04:13:50.140,0.8665,0.8666,1.57,1.00
2016.08.18 04:14:05.779,0.8665,0.8666,3.07,1.00
2016.08.18 04:14:05.881,0.8665,0.8666,3.07,2.25
2016.08.18 04:14:06.163,0.8665,0.8666,3.07,1.00
2016.08.18 04:14:06.266,0.8665,0.8666,3.82,1.00
2016.08.18 04:14:06.575,0.86651,0.8666,1.00,1.00
2016.08.18 04:14:07.692,0.86651,0.86661,1.00,2.70
2016.08.18 04:14:09.177,0.8665,0.86661,2.32,2.70
2016.08.18 04:14:09.420,0.8665,0.86661,1.57,2.70
2016.08.18 04:14:12.608,0.8665,0.86661,3.07,1.20
2016.08.18 04:14:12.874,0.86652,0.86661,1.50,1.20
2016.08.18 04:14:14.910,0.86651,0.86661,1.00,1.20
2016.08.18 04:14:15.363,0.8665,0.86661,3.82,1.20
2016.08.18 04:14:15.415,0.8665,0.86661,2.32,1.20
2016.08.18 04:14:15.466,0.8665,0.86661,3.82,1.20
2016.08.18 04:14:15.955,0.8665,0.86661,1.57,1.20
2016.08.18 04:14:16.391,0.8665,0.86661,3.07,1.20
2016.08.18 04:14:16.494,0.8665,0.86661,1.57,2.70
2016.08.18 04:14:19.872,0.8665,0.86661,3.07,1.20
2016.08.18 04:14:20.085,0.8665,0.86661,1.57,2.70
2016.08.18 04:14:20.373,0.8665,0.86661,3.07,1.20
2016.08.18 04:14:21.104,0.8665,0.86661,1.57,2.70
2016.08.18 04:14:21.308,0.86651,0.86661,1.00,2.70
2016.08.18 04:14:23.103,0.8665,0.86661,1.57,2.70
2016.08.18 04:14:23.536,0.8665,0.86661,2.32,2.70
2016.08.18 04:14:24.482,0.8665,0.86661,3.82,1.20
2016.08.18 04:14:25.298,0.8665,0.86661,2.32,2.70
2016.08.18 04:14:28.625,0.8665,0.86661,1.57,2.70
2016.08.18 04:14:39.597,0.8665,0.86661,1.57,1.20
2016.08.18 04:14:42.497,0.8665,0.86661,1.10,1.20
2016.08.18 04:14:42.701,0.86649,0.8666,3.07,1.00
2016.08.18 04:14:42.752,0.86649,0.8666,2.70,1.12
2016.08.18 04:14:43.084,0.86653,0.86661,1.00,1.57
2016.08.18 04:14:43.142,0.86653,0.86661,2.25,1.00
2016.08.18 04:14:43.193,0.86653,0.86663,2.25,2.32
2016.08.18 04:14:43.244,0.86653,0.86663,1.00,2.32
2016.08.18 04:14:43.551,0.86653,0.86662,1.00,1.00
2016.08.18 04:14:44.321,0.86655,0.86665,1.00,1.95
2016.08.18 04:14:44.373,0.86655,0.86665,1.00,2.70
2016.08.18 04:14:44.798,0.86655,0.86665,1.00,2.62
2016.08.18 04:14:44.857,0.86655,0.86665,1.10,2.62
2016.08.18 04:14:45.127,0.86655,0.86665,2.32,2.62
2016.08.18 04:14:57.089,0.86655,0.86665,2.32,1.87
2016.08.18 04:14:58.894,0.86655,0.86665,2.32,2.62
2016.08.18 04:14:59.094,0.86655,0.86665,2.32,1.87
2016.08.18 04:15:00.122,0.86655,0.86665,1.10,1.87
2016.08.18 04:15:00.561,0.86655,0.86665,2.32,1.87
2016.08.18 04:15:01.325,0.86655,0.86665,2.32,2.62
2016.08.18 04:15:02.598,0.86655,0.86665,2.32,1.87
2016.08.18 04:15:03.100,0.86655,0.86665,2.32,2.62
2016.08.18 04:15:03.685,0.86655,0.86665,2.32,1.87
2016.08.18 04:15:11.206,0.86655,0.86663,1.00,1.87
2016.08.18 04:15:11.776,0.86655,0.86665,1.00,3.75
2016.08.18 04:15:11.878,0.86655,0.86665,1.00,2.25
2016.08.18 04:15:11.981,0.86654,0.86665,1.50,3.00
2016.08.18 04:15:12.032,0.86654,0.86665,1.50,3.75
2016.08.18 04:15:12.134,0.86654,0.86665,1.50,3.00
2016.08.18 04:15:13.160,0.86654,0.86665,1.50,3.75
2016.08.18 04:15:13.213,0.86654,0.86665,1.50,3.00
2016.08.18 04:15:14.014,0.86654,0.86665,1.50,3.75
2016.08.18 04:15:14.116,0.86654,0.86665,1.50,3.00
2016.08.18 04:15:18.274,0.86654,0.86664,1.50,1.20
2016.08.18 04:15:18.325,0.86654,0.86665,1.50,3.00
2016.08.18 04:15:20.770,0.86655,0.86665,1.50,3.00
2016.08.18 04:15:23.473,0.86654,0.86665,2.25,3.00
2016.08.18 04:15:25.084,0.86654,0.86664,2.25,1.27
2016.08.18 04:15:28.753,0.86654,0.86664,3.00,2.02
2016.08.18 04:15:32.109,0.86654,0.86664,2.25,2.02
2016.08.18 04:15:38.414,0.86654,0.86662,1.00,3.52
2016.08.18 04:15:38.465,0.86649,0.8666,2.51,1.50
2016.08.18 04:15:38.517,0.86648,0.8666,2.51,2.62
2016.08.18 04:15:38.568,0.86648,0.8666,2.14,3.82
2016.08.18 04:15:38.620,0.86648,0.86658,2.14,1.37
2016.08.18 04:15:38.723,0.86648,0.86658,1.31,1.37
2016.08.18 04:15:38.775,0.86648,0.86658,1.29,1.37
2016.08.18 04:15:40.100,0.86648,0.86658,2.51,1.37
2016.08.18 04:15:45.470,0.86648,0.86657,2.51,1.12
2016.08.18 04:15:45.521,0.86647,0.86657,2.32,1.12
2016.08.18 04:15:45.573,0.86647,0.86657,2.32,1.87
2016.08.18 04:15:45.890,0.86644,0.86655,1.95,3.75
2016.08.18 04:15:45.942,0.86644,0.86655,1.20,5.25
2016.08.18 04:15:45.993,0.86644,0.86655,1.20,5.32
2016.08.18 04:15:46.044,0.86644,0.86655,1.20,5.40
2016.08.18 04:15:47.679,0.86644,0.86654,1.20,1.12
2016.08.18 04:15:49.578,0.86645,0.86654,1.00,1.12
2016.08.18 04:15:49.630,0.86646,0.86654,1.50,1.12
2016.08.18 04:15:49.681,0.86646,0.86655,1.50,2.40
2016.08.18 04:15:49.732,0.86646,0.86655,1.50,1.57
2016.08.18 04:15:49.784,0.86646,0.86655,1.50,1.12
2016.08.18 04:15:49.835,0.86646,0.86654,1.50,1.00
2016.08.18 04:15:49.938,0.86648,0.86653,1.50,1.50
2016.08.18 04:15:50.311,0.86648,0.86653,1.50,1.00
2016.08.18 04:15:50.363,0.86648,0.86655,1.50,2.62
2016.08.18 04:15:51.268,0.86648,0.86653,1.50,1.00
2016.08.18 04:15:51.320,0.86645,0.86653,1.50,1.00
2016.08.18 04:15:51.372,0.86645,0.86651,1.50,1.00
2016.08.18 04:15:51.799,0.86644,0.86651,1.57,1.00
2016.08.18 04:15:52.563,0.86644,0.86652,1.57,1.50
2016.08.18 04:15:54.549,0.86644,0.86652,1.57,1.00
2016.08.18 04:15:56.786,0.86644,0.86653,1.57,1.00
2016.08.18 04:15:57.386,0.86644,0.86653,2.32,1.00
2016.08.18 04:15:57.642,0.86645,0.86653,1.50,1.00
2016.08.18 04:15:57.745,0.86645,0.86655,1.50,2.32
2016.08.18 04:15:57.796,0.86645,0.86655,1.50,1.95
2016.08.18 04:15:57.943,0.86645,0.86655,1.50,1.20
2016.08.18 04:15:58.716,0.86645,0.86655,1.50,1.20
2016.08.18 04:16:03.186,0.86646,0.86655,1.00,1.20
2016.08.18 04:16:03.339,0.86648,0.86656,1.50,1.12
2016.08.18 04:16:03.493,0.86648,0.86657,2.25,1.75
2016.08.18 04:16:03.544,0.86648,0.86659,3.00,3.45
2016.08.18 04:16:03.595,0.86649,0.86659,1.00,3.07
2016.08.18 04:16:03.646,0.8665,0.86659,1.50,2.32
2016.08.18 04:16:03.697,0.8665,0.86659,1.50,2.25
2016.08.18 04:16:03.749,0.8665,0.86659,1.50,1.20
2016.08.18 04:16:04.177,0.86649,0.86659,2.25,1.20
2016.08.18 04:16:04.525,0.86649,0.86659,2.25,1.95
2016.08.18 04:16:04.678,0.8665,0.86659,1.50,1.20
2016.08.18 04:16:07.943,0.8665,0.86659,1.50,1.95
2016.08.18 04:16:08.542,0.8665,0.86658,1.50,1.00
2016.08.18 04:16:08.645,0.8665,0.86658,1.50,1.00
2016.08.18 04:16:08.850,0.8665,0.86658,1.50,1.50
2016.08.18 04:16:10.761,0.8665,0.86658,1.50,1.50
2016.08.18 04:16:12.683,0.8665,0.86658,1.50,1.50
2016.08.18 04:16:12.786,0.8665,0.86657,1.50,1.00
2016.08.18 04:16:15.228,0.8665,0.86657,1.50,1.00
2016.08.18 04:16:15.381,0.86648,0.86657,2.32,1.00
2016.08.18 04:16:15.659,0.86648,0.86656,1.10,1.50
2016.08.18 04:16:15.711,0.86645,0.86655,1.12,1.00
2016.08.18 04:16:15.762,0.86644,0.86653,2.62,1.00
2016.08.18 04:16:15.814,0.86644,0.86653,2.62,1.50
2016.08.18 04:16:15.865,0.86644,0.86653,2.32,1.57
2016.08.18 04:16:15.968,0.86644,0.86653,2.32,1.95
2016.08.18 04:16:16.070,0.86643,0.86653,1.95,1.20
2016.08.18 04:16:16.175,0.86642,0.86652,3.00,1.00
2016.08.18 04:16:16.227,0.86642,0.86651,1.95,1.00
2016.08.18 04:16:16.280,0.86641,0.86651,2.25,1.00
2016.08.18 04:16:16.860,0.86639,0.86649,4.57,1.37
2016.08.18 04:16:16.912,0.86639,0.86649,2.32,1.37
2016.08.18 04:16:17.532,0.86639,0.8665,2.32,3.82
2016.08.18 04:16:20.506,0.86639,0.86649,2.32,1.37
2016.08.18 04:16:22.469,0.8664,0.86649,1.00,1.37
2016.08.18 04:16:22.520,0.8664,0.8665,1.57,2.25
2016.08.18 04:16:22.571,0.86642,0.8665,1.00,1.50
2016.08.18 04:16:22.623,0.86642,0.86651,2.25,2.25
2016.08.18 04:16:23.134,0.86642,0.86651,1.50,1.50
2016.08.18 04:16:23.527,0.86642,0.86652,1.50,3.82
2016.08.18 04:16:25.297,0.86642,0.86651,1.50,1.50
2016.08.18 04:16:25.756,0.86643,0.86651,1.50,1.50
2016.08.18 04:16:26.011,0.86642,0.86651,1.50,1.50
2016.08.18 04:16:26.165,0.86642,0.86651,1.50,2.25
2016.08.18 04:16:26.768,0.86642,0.86651,1.50,1.50
2016.08.18 04:16:27.648,0.86642,0.86651,1.50,2.25
2016.08.18 04:16:28.206,0.86642,0.86651,1.50,1.50
2016.08.18 04:16:29.199,0.86642,0.86651,2.25,1.50
2016.08.18 04:16:32.330,0.86643,0.86651,2.25,1.50
2016.08.18 04:16:32.382,0.86643,0.86652,2.25,2.32
2016.08.18 04:16:32.433,0.86645,0.86652,1.50,2.25
2016.08.18 04:16:32.485,0.86645,0.86652,1.50,1.75
2016.08.18 04:16:32.536,0.86645,0.86654,1.50,2.25
2016.08.18 04:16:32.587,0.86645,0.86654,1.50,1.75
2016.08.18 04:16:32.638,0.86645,0.86655,1.50,2.70
2016.08.18 04:16:32.690,0.86645,0.86656,1.50,4.12
2016.08.18 04:16:32.741,0.86645,0.86656,2.32,3.82
2016.08.18 04:16:33.045,0.86647,0.86656,1.57,2.70
2016.08.18 04:16:33.108,0.86647,0.86656,1.65,1.37
2016.08.18 04:16:35.394,0.86647,0.86656,1.65,1.87
2016.08.18 04:16:35.495,0.86647,0.86653,1.65,1.00
2016.08.18 04:16:35.547,0.86646,0.86653,2.25,1.50
2016.08.18 04:16:35.598,0.86646,0.86653,2.25,1.00
2016.08.18 04:16:35.649,0.86645,0.86653,1.12,1.50
2016.08.18 04:16:35.701,0.86643,0.86653,3.37,1.87
2016.08.18 04:16:35.752,0.86643,0.86652,3.37,1.50
2016.08.18 04:16:35.804,0.86643,0.86652,3.37,1.12
2016.08.18 04:16:36.373,0.86643,0.86651,2.40,1.00
2016.08.18 04:16:36.425,0.86643,0.86651,1.65,1.00
2016.08.18 04:16:39.569,0.86643,0.8665,1.65,1.00
2016.08.18 04:16:39.673,0.86643,0.8665,1.50,1.00
2016.08.18 04:16:39.725,0.86642,0.8665,1.57,1.00
2016.08.18 04:16:40.666,0.86645,0.8665,1.50,1.00
2016.08.18 04:16:40.752,0.86642,0.8665,1.57,1.00
2016.08.18 04:16:40.854,0.86643,0.8665,1.50,1.00
2016.08.18 04:16:40.956,0.86643,0.8665,1.50,1.00
2016.08.18 04:16:41.161,0.86643,0.86652,1.50,1.50
2016.08.18 04:16:41.212,0.86643,0.86652,1.50,1.50
2016.08.18 04:16:41.263,0.86643,0.86653,1.50,2.32
2016.08.18 04:16:41.314,0.86643,0.86653,1.50,3.07
2016.08.18 04:16:41.366,0.86643,0.86652,1.50,1.12
2016.08.18 04:16:42.506,0.86643,0.86652,1.50,1.87
2016.08.18 04:16:42.660,0.86643,0.86652,1.57,1.87
2016.08.18 04:16:42.711,0.86643,0.86652,1.57,1.12
2016.08.18 04:16:43.121,0.86644,0.86652,1.50,1.12
2016.08.18 04:16:43.173,0.86644,0.86653,1.50,1.50
2016.08.18 04:16:43.379,0.86644,0.86653,1.50,2.25
2016.08.18 04:16:43.431,0.86643,0.86653,2.32,2.25
2016.08.18 04:16:43.483,0.86643,0.86653,2.32,1.50
2016.08.18 04:16:44.381,0.86645,0.86654,2.25,2.32
2016.08.18 04:16:44.433,0.86646,0.86654,1.50,2.25
2016.08.18 04:16:44.485,0.86646,0.86655,1.50,1.95
2016.08.18 04:16:44.538,0.86646,0.86655,1.50,1.50
2016.08.18 04:16:44.590,0.86646,0.86656,1.50,2.32
2016.08.18 04:16:44.642,0.86646,0.86656,1.50,1.57
2016.08.18 04:16:46.056,0.86646,0.86656,1.50,2.32
2016.08.18 04:16:56.156,0.86645,0.86655,1.10,1.00
2016.08.18 04:16:56.211,0.86644,0.86653,3.45,1.00
2016.08.18 04:16:56.263,0.86644,0.86653,1.12,1.00
2016.08.18 04:16:56.315,0.86644,0.86654,1.57,1.00
2016.08.18 04:16:56.367,0.86643,0.86654,1.45,1.50
2016.08.18 04:16:56.419,0.86642,0.86653,3.82,1.00
2016.08.18 04:16:56.470,0.86643,0.86653,1.10,1.00
2016.08.18 04:16:56.522,0.86642,0.86653,3.07,1.10
2016.08.18 04:16:56.573,0.86643,0.86653,1.87,1.10
2016.08.18 04:16:56.625,0.86643,0.86653,1.50,1.87
2016.08.18 04:16:56.676,0.86642,0.86652,2.25,1.20
2016.08.18 04:16:56.728,0.86642,0.86652,2.62,1.20
2016.08.18 04:16:56.779,0.86642,0.86653,2.62,1.87
2016.08.18 04:16:57.089,0.86642,0.86653,2.25,1.87
2016.08.18 04:16:57.142,0.86642,0.86653,2.62,1.87
2016.08.18 04:16:58.835,0.86642,0.86653,2.62,2.62
2016.08.18 04:16:58.887,0.86642,0.86653,3.37,2.62
2016.08.18 04:16:59.141,0.86642,0.86653,3.00,2.62
2016.08.18 04:16:59.205,0.86643,0.86652,1.00,1.20
2016.08.18 04:16:59.308,0.86642,0.86653,1.50,3.37
2016.08.18 04:16:59.359,0.86642,0.86653,1.87,3.75
2016.08.18 04:16:59.461,0.86642,0.86653,1.87,4.12
2016.08.18 04:17:00.737,0.86642,0.86653,1.87,3.37
2016.08.18 04:17:01.116,0.86643,0.86652,1.00,1.27
2016.08.18 04:17:02.055,0.86643,0.86651,1.00,1.00
2016.08.18 04:17:02.110,0.86642,0.86651,1.00,1.87
2016.08.18 04:17:06.941,0.86642,0.86651,1.12,1.12
2016.08.18 04:17:06.992,0.86643,0.86652,1.50,2.40
2016.08.18 04:17:07.044,0.86642,0.8665,2.25,1.00
2016.08.18 04:17:07.095,0.86642,0.86649,1.50,1.00
2016.08.18 04:17:07.147,0.8664,0.86646,1.12,1.00
2016.08.18 04:17:07.465,0.86639,0.86646,2.25,3.37
2016.08.18 04:17:07.519,0.86635,0.86644,1.87,1.00
2016.08.18 04:17:07.677,0.86636,0.86644,1.50,1.00
2016.08.18 04:17:07.781,0.86636,0.86644,1.00,1.00
2016.08.18 04:17:08.126,0.86637,0.86647,1.10,1.12
2016.08.18 04:17:08.177,0.86637,0.86647,1.10,1.00
2016.08.18 04:17:08.686,0.86637,0.86647,1.57,1.00
2016.08.18 04:17:09.043,0.86637,0.86648,1.57,1.20
2016.08.18 04:17:09.888,0.86639,0.86648,1.50,1.20
2016.08.18 04:17:09.940,0.86639,0.86648,1.50,1.12
2016.08.18 04:17:10.093,0.86638,0.86648,3.07,1.12
2016.08.18 04:17:10.145,0.86638,0.86648,2.32,1.12
2016.08.18 04:17:10.248,0.86638,0.86648,3.07,1.12
2016.08.18 04:17:10.625,0.86638,0.86648,1.57,1.12
2016.08.18 04:17:10.728,0.86638,0.86648,2.32,1.12
2016.08.18 04:17:12.560,0.86639,0.86648,1.00,1.12
2016.08.18 04:17:12.612,0.86639,0.86649,1.00,3.07
2016.08.18 04:17:12.663,0.8664,0.86649,1.50,2.32
2016.08.18 04:17:12.715,0.8664,0.86649,1.50,1.57
2016.08.18 04:17:12.768,0.86641,0.86649,1.00,1.57
2016.08.18 04:17:12.871,0.86641,0.86649,2.25,1.57
2016.08.18 04:17:13.025,0.86641,0.86649,2.25,1.50
2016.08.18 04:17:13.713,0.86641,0.86649,2.25,1.00
2016.08.18 04:17:16.875,0.86641,0.86649,1.00,1.00
2016.08.18 04:17:16.927,0.86639,0.86649,1.65,2.25
2016.08.18 04:17:16.978,0.86639,0.86649,1.65,1.75
2016.08.18 04:17:17.030,0.86639,0.86648,1.65,1.50
2016.08.18 04:17:17.081,0.86639,0.86648,1.50,1.50
2016.08.18 04:17:17.174,0.86639,0.86648,2.25,2.25
2016.08.18 04:17:17.482,0.86639,0.86648,1.50,1.50
2016.08.18 04:17:17.996,0.86639,0.86648,1.50,2.25
2016.08.18 04:17:18.302,0.86637,0.86648,3.82,2.25
2016.08.18 04:17:18.353,0.86637,0.86646,3.07,1.50
2016.08.18 04:17:18.404,0.86637,0.86646,2.70,1.50
2016.08.18 04:17:18.506,0.86637,0.86646,2.25,1.50
2016.08.18 04:17:18.585,0.86637,0.86646,1.00,1.50
2016.08.18 04:17:18.974,0.86635,0.86645,1.10,1.00
2016.08.18 04:17:19.127,0.86634,0.86643,3.07,1.00
2016.08.18 04:17:19.179,0.86634,0.86643,2.70,1.00
2016.08.18 04:17:19.485,0.86633,0.86643,1.47,1.00
2016.08.18 04:17:20.250,0.86633,0.86643,1.95,1.00
2016.08.18 04:17:20.304,0.86635,0.86643,1.57,1.00
2016.08.18 04:17:20.407,0.86634,0.86643,2.62,1.00
2016.08.18 04:17:20.459,0.86634,0.86645,2.62,2.62
2016.08.18 04:17:20.511,0.86635,0.86645,1.57,2.62
2016.08.18 04:17:20.925,0.86635,0.86645,2.32,2.62
2016.08.18 04:17:21.027,0.86635,0.86645,2.32,3.37
2016.08.18 04:17:21.535,0.86635,0.86645,2.32,2.62
2016.08.18 04:17:22.446,0.86635,0.86645,2.32,3.37
2016.08.18 04:17:22.767,0.86635,0.86645,2.32,1.50
2016.08.18 04:17:22.819,0.86636,0.86645,1.00,1.50
2016.08.18 04:17:22.921,0.86636,0.86645,1.00,1.12
2016.08.18 04:17:23.295,0.86637,0.86646,1.50,1.57
2016.08.18 04:17:23.399,0.86638,0.86646,1.50,1.57
2016.08.18 04:17:23.450,0.86638,0.86646,1.50,1.50
2016.08.18 04:17:24.194,0.86638,0.86647,1.50,3.07
2016.08.18 04:17:24.246,0.86638,0.86647,1.50,3.07
2016.08.18 04:17:24.451,0.86638,0.86647,1.50,1.95
2016.08.18 04:17:25.770,0.86637,0.86644,1.50,1.00
2016.08.18 04:17:25.822,0.86637,0.86644,1.50,1.12
2016.08.18 04:17:25.873,0.86634,0.86644,1.20,1.87
2016.08.18 04:17:25.976,0.86634,0.86644,1.12,1.87
2016.08.18 04:17:31.033,0.86634,0.86644,1.12,1.12
2016.08.18 04:17:31.706,0.86633,0.86644,2.70,1.12
2016.08.18 04:17:31.758,0.86633,0.86644,2.70,1.87
2016.08.18 04:17:31.809,0.86633,0.86644,1.65,2.02
2016.08.18 04:17:31.962,0.86633,0.86644,1.65,2.40
2016.08.18 04:17:32.431,0.86633,0.86644,1.65,3.15
2016.08.18 04:17:32.533,0.86633,0.86644,1.65,2.40
2016.08.18 04:17:34.734,0.86633,0.86644,1.65,3.15
2016.08.18 04:17:34.934,0.86633,0.86644,1.65,2.40
2016.08.18 04:17:35.437,0.86633,0.86644,1.65,3.15
2016.08.18 04:17:35.981,0.86633,0.86644,1.65,2.40
2016.08.18 04:17:37.344,0.86633,0.86644,2.40,1.95
2016.08.18 04:17:37.396,0.86636,0.86644,1.50,2.40
2016.08.18 04:17:37.465,0.86636,0.86644,1.50,1.95
2016.08.18 04:17:37.516,0.86636,0.86644,1.50,1.57
2016.08.18 04:17:37.606,0.86635,0.86644,1.00,1.20
2016.08.18 04:17:39.156,0.86635,0.86644,1.00,1.65
2016.08.18 04:17:39.539,0.86636,0.86644,1.50,1.65
2016.08.18 04:17:40.666,0.86636,0.86645,1.50,2.62
2016.08.18 04:17:40.717,0.86636,0.86645,1.50,2.02
2016.08.18 04:17:42.573,0.86636,0.86645,1.50,1.20
2016.08.18 04:17:42.656,0.86636,0.86646,1.50,2.62
2016.08.18 04:17:43.993,0.86639,0.86647,1.50,2.70
2016.08.18 04:17:44.078,0.86639,0.86648,1.50,2.25
2016.08.18 04:17:44.129,0.86639,0.86648,1.50,2.32
2016.08.18 04:17:44.180,0.86639,0.86648,1.50,1.95
2016.08.18 04:17:44.488,0.86639,0.86648,1.50,1.20
2016.08.18 04:17:45.004,0.8664,0.86648,1.50,1.20
2016.08.18 04:17:45.855,0.8664,0.86649,1.50,2.32
2016.08.18 04:17:47.635,0.8664,0.86649,1.50,2.02
2016.08.18 04:17:51.351,0.86638,0.86649,2.77,2.02
2016.08.18 04:17:54.448,0.86638,0.86649,2.77,2.77
2016.08.18 04:17:54.964,0.86638,0.86648,2.77,1.12
2016.08.18 04:17:55.015,0.86637,0.86648,1.87,1.12
2016.08.18 04:17:55.066,0.86637,0.86647,1.87,1.50
2016.08.18 04:17:55.118,0.86636,0.86647,1.57,2.25
2016.08.18 04:17:55.169,0.86635,0.86645,1.95,1.00
2016.08.18 04:17:55.220,0.86635,0.86645,1.95,2.25
2016.08.18 04:17:55.272,0.86635,0.86644,1.20,1.00
2016.08.18 04:17:55.323,0.86633,0.86644,3.75,1.00
2016.08.18 04:17:55.374,0.86633,0.86644,3.37,1.50
2016.08.18 04:17:55.527,0.86633,0.86644,1.87,1.50
2016.08.18 04:17:55.579,0.86633,0.86644,1.87,1.00
2016.08.18 04:17:55.630,0.86633,0.86644,2.62,1.00
2016.08.18 04:17:55.733,0.86635,0.86644,1.00,1.50
2016.08.18 04:17:55.784,0.86635,0.86644,1.00,1.57
2016.08.18 04:17:56.077,0.86635,0.86644,1.00,1.10
2016.08.18 04:17:56.588,0.86635,0.86644,1.00,1.00
2016.08.18 04:17:57.811,0.86634,0.86643,1.57,1.37
2016.08.18 04:17:57.909,0.86634,0.86642,1.50,1.12
2016.08.18 04:17:59.766,0.86634,0.86643,1.50,1.50
2016.08.18 04:18:00.356,0.86633,0.86643,2.40,1.50
2016.08.18 04:18:01.200,0.86633,0.86644,2.40,2.40
2016.08.18 04:18:02.427,0.86634,0.86644,1.50,2.40
2016.08.18 04:18:02.531,0.86634,0.86642,1.50,1.12
2016.08.18 04:18:02.582,0.86634,0.86643,1.50,3.00
2016.08.18 04:18:02.889,0.86634,0.86643,1.50,3.07
2016.08.18 04:18:02.968,0.86632,0.86643,1.20,4.57
2016.08.18 04:18:03.020,0.86631,0.86642,3.45,1.12
2016.08.18 04:18:03.072,0.86631,0.86642,2.70,2.25
2016.08.18 04:18:03.175,0.86631,0.86641,2.25,1.50
2016.08.18 04:18:03.840,0.86632,0.86641,1.50,1.50
2016.08.18 04:18:04.245,0.86629,0.86639,1.87,3.00
2016.08.18 04:18:04.297,0.86629,0.86638,1.10,1.50
2016.08.18 04:18:04.399,0.86628,0.86638,1.47,1.00
2016.08.18 04:18:04.605,0.86628,0.86638,1.10,1.00
2016.08.18 04:18:05.533,0.86628,0.86638,1.10,2.25
2016.08.18 04:18:06.291,0.86628,0.86638,1.10,1.50
2016.08.18 04:18:07.224,0.86629,0.86639,1.00,1.20
2016.08.18 04:18:07.276,0.86629,0.8664,1.00,1.95
2016.08.18 04:18:07.328,0.8663,0.8664,1.10,1.95
2016.08.18 04:18:07.381,0.8663,0.86641,2.32,3.00
2016.08.18 04:18:07.434,0.8663,0.86641,2.32,2.62
2016.08.18 04:18:07.486,0.86631,0.86641,1.57,1.87
2016.08.18 04:18:07.539,0.86631,0.86641,2.32,1.12
2016.08.18 04:18:07.642,0.86632,0.86641,1.00,1.12
2016.08.18 04:18:07.693,0.86632,0.86643,1.00,4.31
2016.08.18 04:18:07.796,0.86631,0.86641,2.70,1.10
2016.08.18 04:18:07.891,0.86631,0.86639,1.20,1.00
2016.08.18 04:18:08.209,0.86631,0.8664,1.50,1.50
2016.08.18 04:18:08.315,0.86631,0.8664,1.50,2.25
2016.08.18 04:18:10.442,0.8663,0.8664,1.57,2.25
2016.08.18 04:18:10.544,0.8663,0.8664,1.57,3.75
2016.08.18 04:18:10.596,0.8663,0.8664,1.57,3.00
2016.08.18 04:18:10.748,0.8663,0.8664,1.57,1.50
2016.08.18 04:18:10.970,0.8663,0.8664,1.57,3.00
2016.08.18 04:18:13.932,0.8663,0.8664,1.57,2.25
2016.08.18 04:18:15.610,0.8663,0.8664,1.57,3.00
2016.08.18 04:18:16.596,0.8663,0.8664,1.57,3.75
2016.08.18 04:18:16.648,0.8663,0.86637,1.57,1.00
2016.08.18 04:18:16.802,0.86629,0.86637,1.20,1.00
2016.08.18 04:18:16.853,0.86628,0.86637,1.95,1.00
2016.08.18 04:18:17.169,0.86628,0.86637,1.45,1.00
2016.08.18 04:18:17.221,0.86628,0.86637,1.07,1.00
2016.08.18 04:18:17.478,0.86627,0.86637,1.65,1.00
2016.08.18 04:18:18.147,0.86627,0.86638,1.65,2.40
2016.08.18 04:18:19.311,0.86627,0.86638,1.65,1.65
2016.08.18 04:18:19.362,0.86628,0.86639,1.12,4.50
2016.08.18 04:18:19.667,0.8663,0.86639,2.25,2.25
2016.08.18 04:18:19.768,0.8663,0.86639,2.32,1.00
2016.08.18 04:18:20.084,0.8663,0.8664,2.32,1.12
2016.08.18 04:18:20.136,0.86631,0.86642,1.00,2.14
2016.08.18 04:18:20.187,0.86631,0.86642,1.10,1.95
2016.08.18 04:18:20.238,0.86631,0.86642,1.57,1.95
2016.08.18 04:18:20.341,0.86631,0.86642,1.57,1.20
2016.08.18 04:18:21.074,0.86631,0.86642,1.57,3.45
2016.08.18 04:18:21.126,0.86631,0.8664,1.07,1.00
2016.08.18 04:18:21.483,0.8663,0.86639,1.10,1.00
2016.08.18 04:18:21.537,0.86631,0.86639,1.00,1.00
2016.08.18 04:18:21.641,0.86632,0.86642,1.00,2.32
2016.08.18 04:18:21.743,0.86632,0.86642,1.12,1.20
2016.08.18 04:18:25.099,0.86632,0.86642,1.12,1.95
2016.08.18 04:18:25.509,0.86632,0.86642,1.12,1.20
2016.08.18 04:18:25.613,0.86632,0.86643,1.12,1.57
2016.08.18 04:18:25.717,0.86632,0.86642,1.12,1.20
2016.08.18 04:18:32.444,0.86631,0.86642,1.47,1.20
2016.08.18 04:18:38.301,0.86631,0.86642,1.47,1.10
2016.08.18 04:18:38.353,0.86631,0.86642,1.57,1.10
2016.08.18 04:18:40.166,0.86631,0.86641,1.57,1.00
2016.08.18 04:18:45.443,0.86632,0.86643,1.12,4.20
2016.08.18 04:18:45.494,0.86632,0.86643,1.12,3.45
2016.08.18 04:18:46.150,0.86632,0.86642,1.12,1.10
2016.08.18 04:18:46.202,0.86632,0.86641,1.12,1.50
2016.08.18 04:18:46.253,0.86631,0.86641,1.57,2.25
2016.08.18 04:18:46.305,0.8663,0.86641,1.20,2.25
2016.08.18 04:18:46.587,0.86629,0.8664,3.00,1.50
2016.08.18 04:18:46.694,0.86629,0.86641,2.25,2.40
2016.08.18 04:18:47.107,0.86631,0.8664,1.00,1.00
2016.08.18 04:18:47.159,0.86631,0.8664,1.00,1.50
2016.08.18 04:18:47.263,0.86631,0.8664,1.00,1.00
2016.08.18 04:18:47.633,0.86631,0.8664,1.12,1.00
2016.08.18 04:18:52.260,0.86631,0.8664,1.12,1.50
2016.08.18 04:18:57.281,0.86631,0.8664,1.12,2.25
2016.08.18 04:18:57.574,0.86629,0.86639,3.75,1.00
2016.08.18 04:18:57.626,0.86629,0.86639,2.25,2.25
2016.08.18 04:18:57.942,0.86629,0.86638,1.20,1.50
2016.08.18 04:18:57.993,0.86628,0.86638,2.25,2.25
2016.08.18 04:18:58.044,0.86629,0.86638,2.77,2.25
2016.08.18 04:18:58.147,0.86629,0.86638,2.77,1.00
2016.08.18 04:18:58.249,0.86629,0.86638,1.27,1.00
2016.08.18 04:18:58.300,0.86628,0.86638,2.25,1.00
2016.08.18 04:18:58.607,0.86628,0.86639,2.25,3.32
2016.08.18 04:18:58.659,0.86628,0.86639,2.25,2.57
2016.08.18 04:19:00.143,0.86628,0.86639,2.25,2.25
2016.08.18 04:19:00.250,0.86629,0.86639,1.27,2.25
2016.08.18 04:19:05.102,0.86629,0.86639,1.27,2.57
2016.08.18 04:19:10.757,0.86629,0.86639,1.27,1.07
2016.08.18 04:19:14.012,0.86628,0.86639,2.25,1.07
2016.08.18 04:19:14.114,0.86628,0.86639,1.87,1.44
2016.08.18 04:19:14.165,0.86628,0.86639,1.87,2.94
2016.08.18 04:19:18.005,0.86628,0.86639,1.87,3.69
2016.08.18 04:19:18.056,0.86628,0.86637,1.87,1.07
2016.08.18 04:19:18.108,0.86626,0.86638,4.12,1.89
2016.08.18 04:19:18.170,0.86626,0.86637,4.12,1.07
2016.08.18 04:19:18.221,0.86626,0.86637,3.75,1.44
2016.08.18 04:19:19.833,0.86627,0.86637,2.32,1.44
2016.08.18 04:19:20.548,0.86626,0.86637,2.25,1.44
2016.08.18 04:19:20.599,0.86626,0.86637,1.57,1.44
2016.08.18 04:19:21.267,0.86626,0.86637,1.57,2.94
2016.08.18 04:19:22.077,0.86626,0.86637,1.57,2.19
2016.08.18 04:19:24.523,0.86626,0.86638,1.57,3.77
2016.08.18 04:19:24.941,0.86626,0.86637,1.57,2.19
2016.08.18 04:19:25.279,0.86626,0.86636,1.57,1.00
2016.08.18 04:19:27.280,0.86625,0.86636,2.25,1.00
2016.08.18 04:19:27.331,0.86625,0.86636,1.57,1.00
2016.08.18 04:19:30.097,0.86625,0.86636,1.57,1.50
2016.08.18 04:19:32.778,0.86625,0.86636,1.57,1.00
2016.08.18 04:19:34.286,0.86625,0.86637,1.57,4.95
2016.08.18 04:19:35.317,0.86625,0.86635,1.20,1.00
2016.08.18 04:19:37.724,0.86624,0.86635,3.37,1.00
2016.08.18 04:19:37.775,0.86624,0.86635,1.87,2.25
2016.08.18 04:19:37.878,0.86624,0.86635,1.57,3.00
2016.08.18 04:19:37.929,0.86624,0.86634,1.57,1.50
2016.08.18 04:19:37.980,0.86624,0.86634,1.20,1.50
2016.08.18 04:19:38.236,0.86624,0.86634,1.10,1.50
2016.08.18 04:19:40.324,0.86623,0.86634,1.20,1.50
2016.08.18 04:19:40.375,0.86622,0.86634,3.37,1.87
2016.08.18 04:19:40.426,0.86622,0.86634,4.12,1.87
2016.08.18 04:19:40.768,0.86622,0.86634,4.12,3.37
2016.08.18 04:19:44.396,0.86622,0.86632,2.25,1.95
2016.08.18 04:19:44.447,0.86621,0.8663,1.20,1.50
2016.08.18 04:19:44.499,0.86621,0.8663,1.20,1.57
2016.08.18 04:19:44.550,0.86621,0.8663,1.10,1.57
2016.08.18 04:19:44.601,0.86621,0.86629,1.10,1.50
2016.08.18 04:19:50.180,0.86621,0.8663,1.10,1.57
2016.08.18 04:19:52.322,0.8662,0.8663,1.12,2.32
2016.08.18 04:19:52.373,0.8662,0.8663,1.12,1.57
2016.08.18 04:19:52.698,0.86621,0.86632,1.57,2.70
2016.08.18 04:19:52.810,0.86621,0.86632,1.57,4.20
2016.08.18 04:19:52.887,0.86621,0.86632,1.87,4.12
2016.08.18 04:19:52.990,0.86621,0.86631,1.87,1.95
2016.08.18 04:19:53.144,0.86621,0.86631,1.87,2.70
2016.08.18 04:20:00.095,0.86621,0.86631,1.87,1.20
2016.08.18 04:20:00.197,0.86622,0.86631,1.57,1.20
2016.08.18 04:20:08.248,0.8662,0.86631,2.70,1.20
2016.08.18 04:20:08.350,0.8662,0.8663,1.95,1.00
2016.08.18 04:20:08.401,0.8662,0.8663,1.95,1.12
2016.08.18 04:20:08.452,0.8662,0.86629,1.95,1.00
2016.08.18 04:20:09.053,0.8662,0.8663,1.95,1.12
2016.08.18 04:20:18.518,0.8662,0.8663,1.95,1.00
2016.08.18 04:20:25.510,0.8662,0.8663,2.70,1.00
2016.08.18 04:20:30.152,0.86621,0.8663,2.62,1.00
2016.08.18 04:20:34.184,0.86621,0.86629,1.12,1.00
2016.08.18 04:20:34.236,0.8662,0.86629,2.70,1.00
2016.08.18 04:20:34.442,0.8662,0.86629,2.32,1.00
2016.08.18 04:20:34.494,0.86619,0.86629,3.82,1.00
2016.08.18 04:20:34.926,0.86619,0.86629,3.45,1.37
2016.08.18 04:20:34.977,0.86619,0.86629,1.95,1.37
2016.08.18 04:20:35.496,0.86619,0.86629,1.20,1.37
2016.08.18 04:20:35.837,0.86619,0.86628,1.20,1.12
2016.08.18 04:20:37.071,0.86619,0.86628,2.70,1.12
2016.08.18 04:20:37.122,0.86619,0.86628,3.45,1.12
2016.08.18 04:20:37.275,0.86619,0.8663,3.45,3.00
2016.08.18 04:20:38.214,0.86619,0.8663,3.45,2.25
2016.08.18 04:20:40.083,0.86619,0.8663,2.70,2.25
2016.08.18 04:20:43.160,0.86619,0.8663,2.70,3.00
2016.08.18 04:20:43.211,0.86619,0.86629,2.70,1.00
2016.08.18 04:20:45.283,0.8662,0.86629,1.57,1.00
2016.08.18 04:20:45.334,0.8662,0.86629,1.50,1.00
2016.08.18 04:20:45.778,0.8662,0.8663,1.50,3.07
2016.08.18 04:20:45.880,0.8662,0.8663,1.50,3.82
2016.08.18 04:20:45.931,0.8662,0.86629,1.50,1.00
2016.08.18 04:20:46.704,0.8662,0.86628,1.50,1.00
2016.08.18 04:20:47.016,0.86619,0.86628,1.57,1.00
2016.08.18 04:20:47.370,0.86618,0.86628,1.95,1.00
2016.08.18 04:20:48.226,0.86619,0.86628,1.57,1.00
2016.08.18 04:20:48.278,0.86618,0.86628,3.45,1.00
2016.08.18 04:20:50.497,0.86618,0.8663,3.45,4.57
2016.08.18 04:20:50.548,0.86618,0.8663,3.45,3.82
2016.08.18 04:20:51.490,0.86619,0.8663,1.57,3.82
2016.08.18 04:20:52.635,0.86619,0.8663,1.57,2.32
2016.08.18 04:20:53.191,0.8662,0.8663,1.50,2.32
2016.08.18 04:20:53.824,0.86621,0.8663,1.50,1.10
2016.08.18 04:20:54.110,0.86621,0.86631,1.50,1.95
2016.08.18 04:20:54.162,0.86621,0.86632,2.25,1.27
2016.08.18 04:20:55.998,0.86621,0.86631,1.00,1.50
2016.08.18 04:20:56.051,0.8662,0.86631,1.27,2.25
2016.08.18 04:20:56.422,0.8662,0.86631,1.27,3.00
2016.08.18 04:20:56.473,0.8662,0.86631,1.27,2.25
2016.08.18 04:20:59.070,0.86619,0.86631,2.25,3.37
2016.08.18 04:20:59.122,0.86619,0.86629,1.87,1.00
2016.08.18 04:20:59.751,0.86619,0.86629,1.57,1.00
2016.08.18 04:21:01.362,0.86619,0.86629,1.57,1.00
2016.08.18 04:21:01.516,0.86619,0.86629,1.57,1.50
2016.08.18 04:21:01.619,0.86619,0.86628,1.47,1.00
2016.08.18 04:21:01.722,0.86619,0.86628,1.10,1.00
2016.08.18 04:21:06.730,0.86619,0.86628,1.10,2.25
2016.08.18 04:21:07.221,0.86619,0.86628,1.10,1.00
2016.08.18 04:21:08.103,0.86618,0.86628,3.07,1.00
2016.08.18 04:21:08.342,0.86618,0.86628,1.57,1.00
2016.08.18 04:21:08.598,0.86618,0.86628,1.57,1.50
2016.08.18 04:21:09.271,0.86618,0.86627,1.10,1.20
2016.08.18 04:21:09.323,0.86617,0.86628,1.57,3.07
2016.08.18 04:21:09.374,0.86617,0.86628,3.07,1.57
2016.08.18 04:21:09.426,0.86619,0.86628,1.50,1.57
2016.08.18 04:21:09.529,0.86619,0.86628,1.50,2.32
2016.08.18 04:21:09.632,0.86619,0.86628,1.50,1.95
2016.08.18 04:21:09.734,0.86619,0.86628,2.25,1.20
2016.08.18 04:21:09.836,0.86619,0.8663,2.32,1.20
2016.08.18 04:21:10.096,0.86619,0.86629,2.70,1.00
2016.08.18 04:21:13.175,0.86619,0.86629,1.20,1.00
2016.08.18 04:21:13.792,0.86618,0.86629,1.95,1.00
2016.08.18 04:21:13.843,0.86618,0.86629,1.95,2.25
2016.08.18 04:21:13.945,0.86618,0.86629,3.45,1.00
2016.08.18 04:21:14.259,0.86618,0.86628,3.45,1.50
2016.08.18 04:21:14.565,0.86618,0.86629,1.45,3.00
2016.08.18 04:21:14.667,0.86616,0.86628,4.20,1.57
2016.08.18 04:21:14.718,0.86616,0.86628,3.07,1.57
2016.08.18 04:21:14.769,0.86616,0.86627,3.07,1.00
2016.08.18 04:21:14.922,0.86616,0.86627,3.82,1.00
2016.08.18 04:21:15.289,0.86616,0.86627,1.20,1.10
2016.08.18 04:21:15.551,0.86616,0.86626,1.20,1.00
2016.08.18 04:21:16.270,0.86616,0.86627,1.20,1.10
2016.08.18 04:21:16.452,0.86616,0.86627,1.20,2.32
2016.08.18 04:21:17.972,0.86616,0.86626,1.20,1.00
2016.08.18 04:21:18.228,0.86616,0.86626,1.10,1.00
2016.08.18 04:21:18.790,0.86616,0.86626,1.10,2.25
2016.08.18 04:21:18.893,0.86616,0.86626,1.10,2.25
2016.08.18 04:21:19.098,0.86616,0.86626,1.10,1.00
2016.08.18 04:21:19.173,0.86618,0.86627,1.00,1.27
2016.08.18 04:21:19.225,0.86618,0.86627,1.00,1.57
2016.08.18 04:21:19.278,0.86617,0.86627,1.50,1.50
2016.08.18 04:21:19.597,0.86617,0.86627,4.57,1.12
2016.08.18 04:21:19.650,0.86618,0.86627,1.00,1.00
2016.08.18 04:21:19.855,0.86619,0.86627,1.50,1.00
2016.08.18 04:21:20.215,0.86619,0.86627,1.00,1.00
2016.08.18 04:21:20.582,0.86619,0.86627,1.00,1.00
2016.08.18 04:21:22.541,0.86618,0.86627,1.57,1.00
2016.08.18 04:21:23.272,0.86619,0.86627,1.50,1.00
2016.08.18 04:21:23.752,0.86619,0.86628,1.50,1.12
2016.08.18 04:21:23.803,0.86618,0.86628,1.57,1.12
2016.08.18 04:21:23.855,0.86618,0.86628,1.57,1.87
2016.08.18 04:21:24.162,0.86618,0.86628,1.57,1.12
2016.08.18 04:21:24.214,0.86618,0.86628,2.32,1.12
2016.08.18 04:21:24.265,0.8662,0.86628,1.50,1.12
2016.08.18 04:21:24.660,0.86617,0.86628,3.45,1.12
2016.08.18 04:21:24.974,0.86618,0.86628,1.10,1.12
2016.08.18 04:21:26.379,0.86617,0.86628,3.45,1.12
2016.08.18 04:21:26.946,0.86618,0.86628,1.10,1.12
2016.08.18 04:21:27.321,0.86617,0.86628,3.45,1.12
2016.08.18 04:21:30.484,0.86617,0.86628,1.95,1.12
2016.08.18 04:21:30.536,0.86616,0.86627,1.12,1.00
2016.08.18 04:21:30.587,0.86616,0.86624,1.12,1.50
2016.08.18 04:21:30.639,0.86615,0.86624,1.95,1.50
2016.08.18 04:21:30.691,0.86615,0.86625,3.07,1.00
2016.08.18 04:21:30.742,0.86615,0.86625,2.32,1.00
2016.08.18 04:21:30.793,0.86615,0.86626,1.10,1.57
2016.08.18 04:21:30.845,0.86615,0.86626,1.10,1.95
2016.08.18 04:21:31.155,0.86616,0.86626,1.50,1.10
2016.08.18 04:21:31.206,0.86616,0.86627,1.50,1.57
2016.08.18 04:21:31.258,0.86616,0.86627,2.25,1.57
2016.08.18 04:21:31.309,0.86616,0.86627,1.50,1.57
2016.08.18 04:21:31.666,0.86616,0.86627,1.00,1.57
2016.08.18 04:21:32.407,0.86616,0.86627,1.50,1.57
2016.08.18 04:21:32.459,0.86616,0.86627,3.75,1.57
2016.08.18 04:21:32.510,0.86616,0.86627,3.00,1.57
2016.08.18 04:21:32.818,0.86616,0.86627,1.50,1.57
2016.08.18 04:21:34.164,0.86616,0.86627,1.50,1.50
2016.08.18 04:21:34.217,0.86616,0.86627,1.57,1.20
2016.08.18 04:21:34.371,0.86616,0.86626,1.57,1.00
2016.08.18 04:21:34.423,0.86616,0.86626,2.32,1.00
2016.08.18 04:21:34.526,0.86616,0.86626,1.10,1.00
2016.08.18 04:21:34.578,0.86615,0.86625,1.57,1.00
2016.08.18 04:21:34.630,0.86615,0.86625,1.07,1.00
2016.08.18 04:21:34.681,0.86614,0.86625,3.75,1.12
2016.08.18 04:21:34.732,0.86614,0.86625,3.00,1.12
2016.08.18 04:21:34.783,0.86614,0.86623,3.00,1.00
2016.08.18 04:21:34.835,0.86614,0.86623,2.70,1.00
2016.08.18 04:21:35.261,0.86614,0.86623,3.45,1.00
2016.08.18 04:21:35.312,0.86614,0.86623,1.95,1.00
2016.08.18 04:21:35.364,0.86614,0.86625,1.95,1.12
2016.08.18 04:21:35.416,0.86614,0.86625,1.95,1.87
2016.08.18 04:21:35.471,0.86614,0.86624,1.20,1.00
2016.08.18 04:21:35.575,0.86614,0.86625,1.20,1.12
2016.08.18 04:21:35.626,0.86615,0.86625,1.57,1.12
2016.08.18 04:21:35.679,0.86615,0.86625,1.57,1.12
2016.08.18 04:21:35.833,0.86614,0.86625,2.70,1.12
2016.08.18 04:21:36.150,0.86614,0.86625,1.20,1.12
2016.08.18 04:21:36.202,0.86614,0.86624,1.20,1.00
2016.08.18 04:21:36.253,0.86613,0.86624,5.62,1.00
2016.08.18 04:21:36.562,0.86614,0.86624,1.20,1.00
2016.08.18 04:21:36.665,0.86614,0.86625,1.95,1.87
2016.08.18 04:21:36.716,0.86614,0.86625,2.70,1.87
2016.08.18 04:21:36.769,0.86614,0.86624,1.87,1.00
2016.08.18 04:21:36.820,0.86614,0.86624,1.57,1.00
2016.08.18 04:21:37.445,0.86615,0.86624,1.00,1.00
2016.08.18 04:21:37.741,0.86615,0.86624,1.00,1.00
2016.08.18 04:21:38.135,0.86615,0.86624,1.50,1.00
2016.08.18 04:21:38.288,0.86615,0.86624,1.00,1.00
2016.08.18 04:21:39.245,0.86614,0.86624,3.07,1.00
2016.08.18 04:21:39.348,0.86615,0.86624,1.00,1.00
2016.08.18 04:21:39.417,0.86614,0.86624,2.32,1.00
2016.08.18 04:21:41.103,0.86616,0.86625,1.00,1.20
2016.08.18 04:21:41.435,0.86616,0.86626,1.50,2.62
2016.08.18 04:21:41.488,0.86617,0.86626,1.50,2.32
2016.08.18 04:21:41.646,0.86616,0.86626,2.25,1.57
2016.08.18 04:21:42.149,0.86616,0.86626,2.25,1.57
2016.08.18 04:21:42.251,0.86616,0.86626,2.25,3.07
2016.08.18 04:21:42.353,0.86616,0.86626,1.00,3.07
2016.08.18 04:21:42.455,0.86616,0.86626,2.25,3.07
2016.08.18 04:21:43.061,0.86616,0.86626,1.00,3.07
2016.08.18 04:21:43.161,0.86616,0.86626,1.00,2.32
2016.08.18 04:21:43.316,0.86615,0.86625,1.57,1.12
2016.08.18 04:21:43.367,0.86614,0.86625,2.70,1.12
2016.08.18 04:21:43.550,0.86615,0.86625,1.10,1.87
2016.08.18 04:21:43.653,0.86614,0.86625,2.32,1.12
2016.08.18 04:21:43.706,0.86614,0.86623,2.32,1.00
2016.08.18 04:21:44.357,0.86615,0.86624,1.00,1.50
2016.08.18 04:21:45.339,0.86614,0.86624,1.10,1.00
2016.08.18 04:21:45.492,0.86614,0.86624,1.12,1.10
2016.08.18 04:21:46.838,0.86614,0.86624,1.87,1.57
2016.08.18 04:21:47.648,0.86615,0.86624,1.10,1.10
2016.08.18 04:21:47.968,0.86617,0.86624,1.00,1.00
2016.08.18 04:21:48.019,0.86617,0.86626,1.00,1.57
2016.08.18 04:21:48.276,0.86617,0.86626,1.00,1.57
2016.08.18 04:21:48.581,0.86617,0.86626,1.00,1.57
2016.08.18 04:21:49.070,0.86616,0.86626,1.00,1.20
2016.08.18 04:21:49.667,0.86617,0.86626,1.00,1.20
2016.08.18 04:21:49.922,0.86617,0.86626,1.00,1.20
2016.08.18 04:21:50.467,0.86615,0.86626,4.57,1.20
2016.08.18 04:21:50.518,0.86615,0.86626,3.82,1.20
2016.08.18 04:21:51.684,0.86615,0.86626,4.57,1.20
2016.08.18 04:21:51.887,0.86615,0.86626,3.82,1.20
2016.08.18 04:21:52.524,0.86616,0.86626,1.00,1.20
2016.08.18 04:21:53.280,0.86616,0.86626,1.00,1.20
2016.08.18 04:21:53.485,0.86616,0.86626,1.00,1.20
2016.08.18 04:21:57.664,0.86618,0.86626,1.00,1.20
2016.08.18 04:21:57.716,0.8662,0.86627,1.00,2.70
2016.08.18 04:21:58.042,0.86623,0.86627,1.00,1.00
2016.08.18 04:21:58.140,0.86623,0.8663,1.50,1.57
2016.08.18 04:21:58.192,0.86623,0.8663,1.00,1.10
2016.08.18 04:21:58.243,0.86621,0.8663,1.50,1.10
2016.08.18 04:21:58.294,0.86621,0.8663,1.50,1.20
2016.08.18 04:21:59.275,0.86623,0.8663,1.00,1.20
2016.08.18 04:21:59.725,0.86621,0.8663,1.50,1.20
2016.08.18 04:22:01.143,0.86622,0.8663,1.00,1.20
2016.08.18 04:22:01.785,0.86621,0.8663,1.50,1.20
2016.08.18 04:22:02.758,0.86621,0.8663,1.00,1.20
2016.08.18 04:22:02.809,0.86621,0.8663,1.00,1.20
2016.08.18 04:22:02.902,0.86621,0.8663,1.50,1.95
2016.08.18 04:22:05.146,0.86621,0.8663,1.00,1.20
2016.08.18 04:22:06.142,0.86621,0.86628,1.00,1.00
2016.08.18 04:22:07.559,0.86621,0.86628,1.00,1.00
2016.08.18 04:22:07.814,0.86619,0.86628,3.07,1.00
2016.08.18 04:22:08.110,0.86619,0.86628,2.32,1.00
2016.08.18 04:22:08.162,0.86618,0.86628,1.57,1.00
2016.08.18 04:22:08.264,0.86618,0.86629,1.57,1.00
2016.08.18 04:22:08.419,0.86618,0.86628,1.57,1.50
2016.08.18 04:22:08.522,0.86618,0.86628,1.20,1.50
2016.08.18 04:22:09.616,0.86618,0.86627,1.20,1.00
2016.08.18 04:22:11.999,0.86618,0.86628,1.20,3.00
2016.08.18 04:22:12.102,0.86618,0.86628,1.10,3.07
2016.08.18 04:22:12.153,0.86617,0.86628,1.65,3.52
2016.08.18 04:22:12.205,0.86617,0.86627,1.65,1.00
2016.08.18 04:22:12.640,0.86617,0.86627,1.65,2.25
2016.08.18 04:22:13.934,0.86617,0.86627,1.20,1.50
2016.08.18 04:22:14.090,0.86617,0.86627,1.20,1.00
2016.08.18 04:22:14.510,0.86617,0.86628,1.20,2.02
2016.08.18 04:22:14.905,0.86616,0.86627,1.87,1.00
2016.08.18 04:22:15.282,0.86616,0.86625,1.20,1.00
2016.08.18 04:22:15.334,0.86615,0.86624,1.45,1.00
2016.08.18 04:22:15.386,0.86615,0.86624,1.07,1.00
2016.08.18 04:22:15.438,0.86614,0.86624,1.87,1.00
2016.08.18 04:22:15.591,0.86614,0.86624,3.37,1.00
2016.08.18 04:22:20.924,0.86614,0.86626,3.37,3.07
2016.08.18 04:22:20.976,0.86614,0.86626,3.37,2.32
2016.08.18 04:22:21.332,0.86614,0.86625,3.37,1.10
2016.08.18 04:22:21.733,0.86614,0.86625,1.87,1.10
2016.08.18 04:22:22.308,0.86614,0.86625,3.37,2.32
2016.08.18 04:22:22.410,0.86614,0.86625,1.87,1.10
2016.08.18 04:22:23.478,0.86615,0.86625,1.20,1.10
2016.08.18 04:22:23.530,0.86615,0.86626,2.70,1.95
2016.08.18 04:22:23.632,0.86617,0.86626,1.50,1.57
2016.08.18 04:22:23.685,0.86617,0.86626,1.50,1.12
2016.08.18 04:22:23.736,0.86615,0.86626,2.70,1.12
2016.08.18 04:22:24.055,0.86616,0.86626,1.10,1.12
2016.08.18 04:22:25.559,0.86616,0.86627,1.10,2.32
2016.08.18 04:22:26.221,0.86616,0.86627,1.10,1.57
2016.08.18 04:22:26.831,0.86616,0.86627,1.10,2.32
2016.08.18 04:22:26.933,0.86616,0.86627,1.10,1.57
2016.08.18 04:22:29.217,0.86616,0.86627,2.32,1.57
2016.08.18 04:22:29.268,0.86616,0.86628,2.32,3.45
2016.08.18 04:22:29.320,0.86617,0.86628,1.50,3.45
2016.08.18 04:22:29.422,0.86617,0.86628,1.50,2.70
2016.08.18 04:22:29.474,0.86617,0.86628,1.87,2.70
2016.08.18 04:22:29.729,0.86617,0.86628,1.95,2.32
2016.08.18 04:22:30.196,0.86616,0.86628,3.45,2.32
2016.08.18 04:22:30.356,0.86616,0.86626,3.45,1.00
2016.08.18 04:22:30.408,0.86616,0.86628,3.45,2.32
2016.08.18 04:22:30.460,0.86616,0.86628,1.95,3.82
2016.08.18 04:22:30.511,0.86616,0.86626,1.65,1.00
2016.08.18 04:22:30.666,0.86616,0.86626,1.65,1.50
2016.08.18 04:22:30.717,0.86616,0.86626,1.65,3.00
2016.08.18 04:22:30.923,0.86616,0.86626,3.15,1.50
2016.08.18 04:22:31.333,0.86616,0.86626,3.15,1.00
2016.08.18 04:22:34.320,0.86616,0.86626,1.65,1.00
2016.08.18 04:22:34.522,0.86616,0.86626,1.65,2.25
2016.08.18 04:22:34.573,0.86616,0.86626,1.65,1.50
2016.08.18 04:22:34.624,0.86616,0.86627,1.65,2.77
2016.08.18 04:22:37.218,0.86615,0.86627,3.75,4.27
2016.08.18 04:22:37.269,0.86616,0.86626,1.65,1.00
2016.08.18 04:22:37.835,0.86616,0.86625,1.65,1.50
2016.08.18 04:22:38.790,0.86616,0.86625,1.65,1.50
2016.08.18 04:22:38.842,0.86616,0.86626,1.27,1.00
2016.08.18 04:22:40.975,0.86616,0.86626,1.27,2.25
2016.08.18 04:22:43.205,0.86616,0.86626,1.20,2.62
2016.08.18 04:22:44.966,0.86616,0.86625,1.00,1.00
2016.08.18 04:22:45.017,0.86614,0.86625,3.07,1.00
2016.08.18 04:22:47.498,0.86614,0.86625,3.07,1.50
2016.08.18 04:22:47.550,0.86614,0.86624,1.57,1.50
2016.08.18 04:22:47.601,0.86614,0.86624,1.57,2.25
2016.08.18 04:22:47.653,0.86613,0.86623,1.95,1.50
2016.08.18 04:22:47.705,0.86613,0.86623,1.95,3.00
2016.08.18 04:22:47.757,0.86613,0.86623,1.57,3.75
2016.08.18 04:22:48.364,0.86613,0.86623,1.10,3.37
2016.08.18 04:22:48.520,0.86613,0.86623,1.10,4.12
2016.08.18 04:22:48.572,0.86613,0.86622,1.10,1.10
2016.08.18 04:22:48.674,0.86611,0.86622,1.95,1.10
2016.08.18 04:22:48.777,0.86611,0.86622,1.57,1.10
2016.08.18 04:22:48.829,0.86611,0.86622,1.47,1.95
2016.08.18 04:22:49.034,0.86611,0.86622,1.47,1.20
2016.08.18 04:22:49.136,0.8661,0.8662,1.50,1.00
2016.08.18 04:22:49.188,0.8661,0.8662,1.50,1.00
2016.08.18 04:22:49.290,0.8661,0.86618,1.12,1.00
2016.08.18 04:22:49.559,0.86608,0.86618,2.62,1.00
2016.08.18 04:22:49.611,0.86608,0.86618,3.37,1.00
2016.08.18 04:22:50.373,0.86608,0.86619,3.37,1.00
2016.08.18 04:22:52.468,0.86609,0.86619,1.20,1.00
2016.08.18 04:22:53.822,0.86608,0.86619,3.37,1.00
2016.08.18 04:22:57.080,0.86608,0.8662,3.37,2.02
2016.08.18 04:22:57.335,0.86608,0.8662,3.37,2.77
2016.08.18 04:22:57.386,0.86608,0.8662,3.37,4.27
2016.08.18 04:22:57.437,0.86608,0.8662,3.37,3.52
2016.08.18 04:22:58.564,0.86609,0.86618,1.20,1.00
2016.08.18 04:23:02.230,0.86608,0.86618,2.62,1.00
2016.08.18 04:23:02.384,0.86608,0.86619,2.62,1.00
2016.08.18 04:23:02.436,0.86608,0.86619,1.87,1.50
2016.08.18 04:23:02.487,0.86608,0.86618,1.57,1.00
2016.08.18 04:23:02.539,0.86608,0.86618,1.27,1.00
2016.08.18 04:23:02.799,0.86608,0.86618,1.20,1.00
2016.08.18 04:23:03.235,0.86608,0.86618,1.20,1.50
2016.08.18 04:23:03.337,0.86608,0.86618,1.20,1.00
2016.08.18 04:23:04.277,0.86609,0.86618,1.50,1.00
2016.08.18 04:23:04.328,0.86609,0.86619,1.50,2.02
2016.08.18 04:23:04.380,0.86611,0.86619,1.50,1.27
2016.08.18 04:23:04.432,0.86611,0.8662,1.50,3.75
2016.08.18 04:23:04.483,0.86611,0.8662,1.50,3.00
2016.08.18 04:23:04.535,0.86611,0.8662,1.50,2.25
2016.08.18 04:23:04.587,0.8661,0.8662,1.10,2.25
2016.08.18 04:23:04.638,0.8661,0.8662,1.10,1.50
2016.08.18 04:23:04.689,0.8661,0.86621,1.10,1.47
2016.08.18 04:23:05.042,0.8661,0.86621,2.70,1.20
2016.08.18 04:23:05.282,0.8661,0.86621,1.47,1.20
2016.08.18 04:23:06.792,0.86611,0.86621,1.87,1.20
2016.08.18 04:23:07.295,0.8661,0.86621,1.47,1.20
2016.08.18 04:23:07.398,0.8661,0.86621,2.70,1.20
2016.08.18 04:23:09.904,0.86609,0.86619,3.45,1.00
2016.08.18 04:23:10.061,0.86609,0.86618,2.70,1.00
2016.08.18 04:23:10.112,0.86609,0.86618,2.62,1.00
2016.08.18 04:23:10.472,0.86609,0.86618,1.87,1.12
2016.08.18 04:23:14.013,0.86609,0.86616,1.87,1.00
2016.08.18 04:23:18.526,0.86608,0.86616,3.07,1.00
2016.08.18 04:23:20.292,0.86608,0.86616,1.57,1.00
2016.08.18 04:23:22.848,0.86608,0.86616,1.50,1.00
2016.08.18 04:23:23.996,0.8661,0.86616,1.00,1.00
2016.08.18 04:23:24.047,0.86611,0.8662,1.50,1.20
2016.08.18 04:23:24.099,0.86613,0.86621,1.50,2.62
2016.08.18 04:23:24.150,0.86613,0.8662,1.50,1.10
2016.08.18 04:23:24.201,0.86613,0.8662,1.50,1.00
2016.08.18 04:23:24.303,0.86613,0.86622,1.50,1.50
2016.08.18 04:23:24.405,0.86613,0.86622,1.50,2.25
2016.08.18 04:23:24.508,0.86613,0.86621,1.50,1.12
2016.08.18 04:23:25.105,0.86613,0.86621,1.50,1.12
2016.08.18 04:23:25.156,0.86611,0.8662,1.20,1.00
2016.08.18 04:23:26.150,0.86611,0.8662,2.70,1.00
2016.08.18 04:23:27.949,0.86611,0.86622,2.70,1.10
2016.08.18 04:23:30.662,0.86612,0.86622,1.50,2.32
2016.08.18 04:23:31.315,0.86611,0.86622,2.70,1.10
2016.08.18 04:23:34.869,0.86611,0.86622,2.70,1.57
2016.08.18 04:23:34.972,0.86611,0.86622,2.70,1.10
2016.08.18 04:23:35.023,0.86612,0.86622,1.50,1.10
2016.08.18 04:23:36.041,0.86612,0.86622,1.50,1.57
2016.08.18 04:23:36.093,0.86612,0.86622,1.50,2.32
2016.08.18 04:23:36.144,0.86611,0.86621,1.95,1.00
2016.08.18 04:23:37.513,0.8661,0.86621,1.95,1.12
2016.08.18 04:23:37.565,0.8661,0.86621,1.95,3.00
2016.08.18 04:23:37.616,0.8661,0.86621,1.12,3.00
2016.08.18 04:23:37.668,0.8661,0.8662,1.12,1.95
2016.08.18 04:23:37.771,0.8661,0.86619,1.12,1.12
2016.08.18 04:23:37.823,0.8661,0.8662,1.87,1.47
2016.08.18 04:23:37.904,0.8661,0.8662,1.50,1.47
2016.08.18 04:23:37.955,0.8661,0.8662,1.50,2.70
2016.08.18 04:23:38.452,0.86609,0.8662,2.70,3.75
2016.08.18 04:23:38.504,0.86609,0.86619,2.70,1.47
2016.08.18 04:23:38.556,0.86609,0.86619,1.95,1.47
2016.08.18 04:23:38.710,0.86609,0.86619,1.57,1.47
2016.08.18 04:23:38.761,0.86609,0.86619,1.20,1.95
2016.08.18 04:23:39.912,0.86609,0.86619,1.95,1.95
2016.08.18 04:23:39.964,0.86609,0.86619,1.95,1.47
2016.08.18 04:23:40.015,0.86609,0.86619,1.95,1.20
2016.08.18 04:23:40.170,0.86608,0.86619,4.12,1.20
2016.08.18 04:23:40.275,0.86608,0.86619,3.37,1.20
2016.08.18 04:23:40.480,0.86608,0.86618,3.37,1.00
2016.08.18 04:23:40.664,0.86608,0.86617,3.37,1.00
2016.08.18 04:23:40.953,0.86608,0.86618,3.37,1.50
2016.08.18 04:23:41.106,0.86608,0.86618,4.12,1.50
2016.08.18 04:23:41.310,0.86608,0.86618,4.12,1.87
2016.08.18 04:23:41.361,0.86608,0.86618,2.62,1.87
2016.08.18 04:23:41.876,0.86608,0.86618,2.62,1.50
2016.08.18 04:23:41.927,0.86608,0.86618,2.62,1.00
2016.08.18 04:23:42.182,0.86608,0.86618,4.12,1.00
2016.08.18 04:23:44.776,0.86608,0.86618,3.37,1.00
2016.08.18 04:23:46.274,0.86608,0.86618,3.37,1.12
2016.08.18 04:23:46.771,0.86608,0.86618,3.37,1.37
2016.08.18 04:23:46.874,0.86608,0.86618,3.37,1.12
2016.08.18 04:23:51.129,0.86608,0.86618,3.37,2.25
2016.08.18 04:23:55.240,0.86608,0.86617,3.37,1.00
2016.08.18 04:23:57.099,0.86609,0.86617,1.20,1.00
2016.08.18 04:23:57.151,0.86609,0.86618,1.20,1.50
2016.08.18 04:23:57.203,0.86609,0.86618,1.20,2.25
2016.08.18 04:23:57.598,0.86609,0.86618,1.95,1.50
2016.08.18 04:23:57.650,0.86609,0.86618,2.70,1.00
2016.08.18 04:23:57.702,0.86609,0.86618,1.47,1.00
2016.08.18 04:23:57.958,0.86609,0.86618,1.20,1.00
2016.08.18 04:23:58.214,0.86608,0.86617,3.75,1.00
2016.08.18 04:23:58.265,0.86608,0.86617,3.37,1.00
2016.08.18 04:23:58.782,0.86609,0.86617,1.20,1.00
2016.08.18 04:23:58.885,0.8661,0.86619,1.50,1.00
2016.08.18 04:23:59.090,0.86609,0.86619,1.65,1.00
2016.08.18 04:24:00.094,0.86609,0.86619,1.65,1.07
2016.08.18 04:24:00.705,0.86609,0.86619,1.65,1.00
2016.08.18 04:24:02.484,0.86609,0.86619,1.20,1.00
2016.08.18 04:24:02.586,0.86609,0.86619,2.40,1.00
2016.08.18 04:24:02.790,0.86609,0.86619,1.20,1.00
2016.08.18 04:24:02.893,0.86609,0.86619,2.40,1.00
2016.08.18 04:24:03.097,0.86609,0.86619,1.20,1.00
2016.08.18 04:24:05.787,0.86609,0.86619,1.20,1.07
2016.08.18 04:24:06.831,0.86609,0.86619,1.20,1.00
2016.08.18 04:24:07.234,0.86609,0.86619,1.20,1.50
2016.08.18 04:24:07.527,0.86609,0.86619,2.40,1.00
2016.08.18 04:24:07.579,0.86611,0.86621,1.10,1.50
2016.08.18 04:24:08.193,0.86611,0.8662,1.10,1.00
2016.08.18 04:24:08.510,0.86611,0.86621,1.10,3.00
2016.08.18 04:24:11.792,0.86611,0.86622,2.32,2.70
2016.08.18 04:24:11.894,0.86611,0.86622,3.07,1.20
2016.08.18 04:24:11.996,0.86612,0.86622,1.00,1.20
2016.08.18 04:24:12.200,0.86612,0.86622,1.00,1.20
2016.08.18 04:24:12.303,0.86612,0.86622,2.25,1.20
2016.08.18 04:24:12.849,0.86612,0.86622,2.25,1.10
2016.08.18 04:24:12.902,0.86612,0.86623,2.25,2.32
2016.08.18 04:24:13.004,0.86612,0.86623,2.25,1.95
2016.08.18 04:24:14.549,0.86612,0.86623,2.25,1.95
2016.08.18 04:24:14.726,0.86612,0.86622,2.25,1.00
2016.08.18 04:24:14.879,0.86614,0.86623,1.50,1.20
2016.08.18 04:24:14.931,0.86614,0.86623,2.25,2.70
2016.08.18 04:24:15.033,0.86614,0.86623,2.25,1.95
2016.08.18 04:24:15.136,0.86614,0.86623,2.25,1.20
2016.08.18 04:24:15.187,0.86614,0.86624,1.00,2.70
2016.08.18 04:24:15.240,0.86614,0.86624,1.00,1.95
2016.08.18 04:24:15.291,0.86614,0.86624,1.12,1.20
2016.08.18 04:24:15.394,0.86614,0.86624,1.87,1.20
2016.08.18 04:24:16.431,0.86614,0.86624,1.12,1.20
2016.08.18 04:24:21.464,0.86614,0.86625,1.12,4.20
2016.08.18 04:24:21.635,0.86614,0.86625,1.12,3.45
2016.08.18 04:24:22.001,0.86614,0.86625,1.12,1.95
2016.08.18 04:24:22.052,0.86614,0.86625,1.27,1.65
2016.08.18 04:24:23.190,0.86614,0.86625,1.27,3.15
2016.08.18 04:24:24.911,0.86614,0.86625,1.27,3.47
2016.08.18 04:24:28.954,0.86614,0.86625,1.27,3.90
2016.08.18 04:24:29.466,0.86613,0.86625,2.25,3.90
2016.08.18 04:24:33.823,0.86614,0.86624,2.77,1.12
2016.08.18 04:24:34.274,0.86615,0.86624,1.50,1.12
2016.08.18 04:24:34.326,0.86615,0.86625,1.50,1.65
