2015.05.22 05:00:00.400,0.7109,0.71099,1.00,1.00
2015.05.22 05:00:02.159,0.71088,0.71098,1.00,1.00
2015.05.22 05:00:02.262,0.71088,0.71096,1.00,1.00
2015.05.22 05:00:02.911,0.71086,0.71096,2.25,1.50
2015.05.22 05:00:04.496,0.71085,0.71096,2.25,1.50
2015.05.22 05:00:08.685,0.71085,0.71095,1.12,1.00
2015.05.22 05:00:16.993,0.71085,0.71094,1.00,1.00
2015.05.22 05:00:17.502,0.71085,0.71095,1.50,1.00
2015.05.22 05:00:19.010,0.71086,0.71096,1.00,1.50
2015.05.22 05:00:20.424,0.71085,0.71096,1.50,2.25
2015.05.22 05:00:25.620,0.71085,0.71095,1.87,1.00
2015.05.22 05:00:30.636,0.71086,0.71096,1.00,1.50
2015.05.22 05:00:31.477,0.71087,0.71096,1.00,1.00
2015.05.22 05:00:34.965,0.71088,0.71096,1.00,2.25
2015.05.22 05:00:35.477,0.71088,0.71097,1.50,1.50
2015.05.22 05:00:36.900,0.71088,0.71096,1.50,1.00
2015.05.22 05:00:37.307,0.71088,0.71098,1.50,2.25
2015.05.22 05:00:37.409,0.71091,0.71098,1.00,1.00
2015.05.22 05:00:37.511,0.71091,0.71101,1.50,2.25
2015.05.22 05:00:38.088,0.71092,0.71101,1.50,1.00
2015.05.22 05:00:38.495,0.71091,0.71098,1.00,1.00
2015.05.22 05:00:38.597,0.71089,0.71099,1.00,1.50
2015.05.22 05:00:38.699,0.71089,0.71097,1.00,1.00
2015.05.22 05:00:38.751,0.71087,0.71097,2.25,1.00
2015.05.22 05:00:38.802,0.71087,0.71095,2.25,1.00
2015.05.22 05:00:39.270,0.71088,0.71097,1.00,1.00
2015.05.22 05:00:39.321,0.71086,0.71097,1.87,2.25
2015.05.22 05:00:39.372,0.71086,0.71097,3.37,2.25
2015.05.22 05:00:39.881,0.71089,0.71098,2.25,1.00
2015.05.22 05:00:40.135,0.71091,0.71102,1.00,3.75
2015.05.22 05:00:40.803,0.71092,0.71102,1.00,3.75
2015.05.22 05:00:44.038,0.71092,0.71101,1.00,1.00
2015.05.22 05:00:48.657,0.71092,0.71102,1.00,3.00
2015.05.22 05:00:50.019,0.71092,0.71101,1.00,1.00
2015.05.22 05:00:50.227,0.71092,0.71099,1.00,1.00
2015.05.22 05:00:50.330,0.7109,0.71101,2.62,1.00
2015.05.22 05:00:50.638,0.7109,0.71099,3.37,1.00
2015.05.22 05:00:50.943,0.71092,0.71099,1.00,1.50
2015.05.22 05:00:51.277,0.71092,0.71101,1.00,1.50
2015.05.22 05:00:51.895,0.71093,0.71101,1.00,1.50
2015.05.22 05:00:53.066,0.71095,0.71101,1.00,1.00
2015.05.22 05:00:53.306,0.71095,0.71103,1.00,1.50
2015.05.22 05:00:53.825,0.71093,0.71102,1.00,1.00
2015.05.22 05:00:55.084,0.71093,0.71101,1.00,1.00
2015.05.22 05:00:57.223,0.71092,0.71101,1.50,1.00
2015.05.22 05:01:03.317,0.71093,0.71101,1.00,1.50
2015.05.22 05:01:03.822,0.71093,0.711,1.00,1.00
2015.05.22 05:01:06.037,0.71096,0.71101,1.00,1.00
2015.05.22 05:01:06.139,0.71096,0.71103,1.00,1.00
2015.05.22 05:01:06.342,0.71098,0.71104,1.00,1.50
2015.05.22 05:01:06.697,0.71095,0.71104,1.50,1.00
2015.05.22 05:01:07.112,0.71098,0.71105,1.00,1.00
2015.05.22 05:01:08.220,0.71096,0.71105,1.00,1.50
2015.05.22 05:01:09.598,0.71096,0.71106,1.00,1.50
2015.05.22 05:01:15.167,0.71096,0.71107,3.00,1.00
2015.05.22 05:01:15.219,0.71099,0.71107,1.00,1.00
2015.05.22 05:01:15.728,0.71097,0.71107,1.37,1.00
2015.05.22 05:01:16.577,0.71096,0.71106,1.50,1.00
2015.05.22 05:01:22.312,0.71097,0.71106,1.00,1.00
2015.05.22 05:01:22.836,0.71097,0.71107,1.00,3.00
2015.05.22 05:01:23.973,0.71099,0.71107,1.00,1.00
2015.05.22 05:01:24.535,0.71099,0.71109,1.50,1.50
2015.05.22 05:01:25.212,0.711,0.71109,1.00,1.50
2015.05.22 05:01:25.925,0.71099,0.71109,1.00,1.50
2015.05.22 05:01:27.953,0.71099,0.71108,1.00,1.00
2015.05.22 05:01:28.411,0.71097,0.71106,1.00,1.00
2015.05.22 05:01:28.913,0.71096,0.71106,1.87,1.00
2015.05.22 05:01:30.685,0.71096,0.71103,1.50,1.00
2015.05.22 05:01:31.631,0.71095,0.71103,1.87,1.00
2015.05.22 05:01:33.214,0.71095,0.71104,1.50,1.00
2015.05.22 05:01:43.874,0.71096,0.71105,1.00,1.50
2015.05.22 05:01:52.874,0.71097,0.71105,1.00,1.50
2015.05.22 05:01:58.968,0.71097,0.71106,1.12,1.50
2015.05.22 05:02:05.485,0.71097,0.71106,1.37,1.50
2015.05.22 05:02:06.006,0.71097,0.71107,1.75,1.50
2015.05.22 05:02:07.614,0.71097,0.71108,1.37,3.00
2015.05.22 05:02:08.122,0.711,0.71109,1.00,1.00
2015.05.22 05:02:12.022,0.71099,0.71109,1.87,1.00
2015.05.22 05:02:17.394,0.71099,0.71108,1.50,1.00
2015.05.22 05:02:23.984,0.71098,0.71108,2.25,2.25
2015.05.22 05:02:30.069,0.71098,0.71107,1.50,1.00
2015.05.22 05:02:30.578,0.71096,0.71106,4.12,1.00
2015.05.22 05:02:31.235,0.71096,0.71106,4.12,1.00
2015.05.22 05:02:40.847,0.71097,0.71106,1.00,1.00
2015.05.22 05:02:42.579,0.71098,0.71108,1.00,3.75
2015.05.22 05:02:43.088,0.71098,0.71107,1.50,1.00
2015.05.22 05:02:47.505,0.71099,0.71107,1.00,1.00
2015.05.22 05:02:48.041,0.71099,0.71108,1.00,1.50
2015.05.22 05:02:54.505,0.711,0.71108,1.00,1.50
2015.05.22 05:02:56.059,0.711,0.71109,1.00,1.00
2015.05.22 05:03:05.447,0.711,0.71108,1.00,1.00
2015.05.22 05:03:14.145,0.711,0.71109,1.00,1.87
2015.05.22 05:03:17.563,0.71099,0.71109,1.87,1.87
2015.05.22 05:03:39.582,0.71099,0.7111,1.00,3.37
2015.05.22 05:03:40.949,0.71099,0.71109,1.00,1.00
2015.05.22 05:03:41.457,0.71099,0.7111,1.50,3.00
2015.05.22 05:03:46.622,0.71099,0.71109,1.50,1.00
2015.05.22 05:03:46.674,0.71099,0.71107,1.50,1.00
2015.05.22 05:04:00.850,0.71099,0.71107,2.25,1.00
2015.05.22 05:04:01.054,0.71102,0.71111,1.50,1.50
2015.05.22 05:04:01.490,0.71104,0.71112,1.00,2.25
2015.05.22 05:04:04.080,0.71104,0.71111,1.00,1.00
2015.05.22 05:04:04.131,0.71102,0.71111,1.50,1.00
2015.05.22 05:04:05.410,0.71102,0.71112,1.50,1.50
2015.05.22 05:04:17.822,0.71104,0.71112,1.00,1.87
2015.05.22 05:04:19.544,0.71102,0.71112,1.87,2.62
2015.05.22 05:04:20.087,0.71099,0.71108,1.12,1.50
2015.05.22 05:04:20.649,0.711,0.71108,1.00,1.00
2015.05.22 05:04:22.045,0.711,0.71109,1.00,1.50
2015.05.22 05:04:22.198,0.71101,0.71111,1.50,4.87
2015.05.22 05:04:22.250,0.71101,0.71109,2.25,1.00
2015.05.22 05:04:23.171,0.71101,0.7111,1.50,1.50
2015.05.22 05:04:26.219,0.71101,0.71111,1.50,1.00
2015.05.22 05:04:35.538,0.71101,0.71108,1.00,1.00
2015.05.22 05:04:36.088,0.71101,0.71109,1.50,1.00
2015.05.22 05:04:39.449,0.71101,0.7111,1.00,1.00
2015.05.22 05:04:39.792,0.71104,0.71112,1.00,1.00
2015.05.22 05:04:40.307,0.71104,0.71113,1.00,1.12
2015.05.22 05:04:40.811,0.71104,0.71112,1.00,1.00
2015.05.22 05:04:52.770,0.71104,0.71113,1.50,1.00
2015.05.22 05:04:53.075,0.71106,0.71114,1.00,1.00
2015.05.22 05:04:56.079,0.71104,0.71114,2.25,1.00
2015.05.22 05:04:56.629,0.71104,0.71114,2.25,1.00
2015.05.22 05:04:57.390,0.71104,0.71115,2.25,2.25
2015.05.22 05:04:57.933,0.71104,0.71115,1.87,3.00
2015.05.22 05:04:59.136,0.71104,0.71114,1.87,1.00
2015.05.22 05:05:01.693,0.71104,0.71113,2.25,1.00
2015.05.22 05:05:06.481,0.71104,0.71114,1.87,1.00
2015.05.22 05:05:07.032,0.71105,0.71115,1.00,2.25
2015.05.22 05:05:07.616,0.71106,0.71115,1.00,2.25
2015.05.22 05:05:17.305,0.71106,0.71114,1.50,1.00
2015.05.22 05:05:17.712,0.71104,0.71113,1.00,1.00
2015.05.22 05:05:18.745,0.71103,0.71112,1.50,1.50
2015.05.22 05:05:20.025,0.71103,0.71111,1.50,1.00
2015.05.22 05:05:20.462,0.71104,0.71113,1.00,1.00
2015.05.22 05:05:20.615,0.71104,0.71115,1.00,1.87
2015.05.22 05:05:20.717,0.71106,0.71115,1.00,1.87
2015.05.22 05:05:21.258,0.71106,0.71116,1.00,1.87
2015.05.22 05:05:26.620,0.71106,0.71115,1.00,1.00
2015.05.22 05:05:30.921,0.71106,0.71116,1.00,2.62
2015.05.22 05:05:34.841,0.71106,0.71115,1.00,1.00
2015.05.22 05:05:35.769,0.71105,0.71115,2.25,1.00
2015.05.22 05:05:37.230,0.71106,0.71115,1.00,1.00
2015.05.22 05:05:43.085,0.71106,0.71116,1.00,2.62
2015.05.22 05:05:44.739,0.71106,0.71115,1.00,2.25
2015.05.22 05:05:45.913,0.71105,0.71115,1.00,1.00
2015.05.22 05:05:47.155,0.71104,0.71114,1.50,1.00
2015.05.22 05:05:49.797,0.71104,0.71115,1.87,1.12
2015.05.22 05:05:50.335,0.71105,0.71116,1.50,4.87
2015.05.22 05:05:50.872,0.71105,0.71116,1.50,4.87
2015.05.22 05:05:51.675,0.71104,0.71116,1.87,4.12
2015.05.22 05:05:52.224,0.71104,0.71115,1.50,1.12
2015.05.22 05:05:52.855,0.71104,0.71115,2.25,1.37
2015.05.22 05:05:53.873,0.71104,0.71116,2.25,4.12
2015.05.22 05:05:55.515,0.71104,0.71115,2.25,1.00
2015.05.22 05:05:59.701,0.71105,0.71115,1.00,1.50
2015.05.22 05:06:00.108,0.71108,0.71116,1.00,1.50
2015.05.22 05:06:00.531,0.71106,0.71117,2.62,1.50
2015.05.22 05:06:00.836,0.71106,0.71115,1.00,1.00
2015.05.22 05:06:01.091,0.71104,0.71115,1.50,1.00
2015.05.22 05:06:02.946,0.71105,0.71115,1.00,1.00
2015.05.22 05:06:10.890,0.71104,0.71116,2.62,3.37
2015.05.22 05:06:12.105,0.71106,0.71115,1.00,1.00
2015.05.22 05:06:13.412,0.71107,0.71115,1.00,1.00
2015.05.22 05:06:18.425,0.71106,0.71116,2.62,1.87
2015.05.22 05:06:19.033,0.71106,0.71117,2.62,1.50
2015.05.22 05:06:23.534,0.71108,0.71117,1.00,1.00
2015.05.22 05:06:24.003,0.71109,0.71119,1.50,1.87
2015.05.22 05:06:24.261,0.71109,0.71117,1.00,1.00
2015.05.22 05:06:24.619,0.71106,0.71116,2.25,1.00
2015.05.22 05:06:25.567,0.71106,0.71116,1.87,1.50
2015.05.22 05:06:27.536,0.71107,0.71117,1.87,1.50
2015.05.22 05:06:27.587,0.71109,0.71117,1.00,1.00
2015.05.22 05:06:28.096,0.7111,0.71119,1.00,1.37
2015.05.22 05:06:28.859,0.7111,0.71119,1.50,1.00
2015.05.22 05:06:30.295,0.71113,0.71121,1.00,2.25
2015.05.22 05:06:30.809,0.71112,0.71121,2.25,1.00
2015.05.22 05:06:31.529,0.71112,0.7112,1.00,1.50
2015.05.22 05:06:32.321,0.71113,0.7112,1.50,1.00
2015.05.22 05:06:32.375,0.71113,0.71122,1.50,2.25
2015.05.22 05:06:32.690,0.71115,0.71122,1.00,2.25
2015.05.22 05:06:32.844,0.71113,0.71122,2.25,1.50
2015.05.22 05:06:33.428,0.71112,0.71122,1.00,1.80
2015.05.22 05:06:33.479,0.71112,0.7112,1.00,1.00
2015.05.22 05:06:34.202,0.71113,0.7112,1.00,1.00
2015.05.22 05:06:34.509,0.71115,0.71121,1.00,1.00
2015.05.22 05:06:35.232,0.71115,0.71122,1.00,1.50
2015.05.22 05:06:35.746,0.71114,0.71122,1.00,1.50
2015.05.22 05:06:37.197,0.71118,0.71122,1.00,1.00
2015.05.22 05:06:37.503,0.71116,0.71122,1.00,1.00
2015.05.22 05:06:37.999,0.71114,0.71122,1.00,1.50
2015.05.22 05:06:38.060,0.71112,0.71122,1.00,2.62
2015.05.22 05:06:38.315,0.71113,0.7112,1.00,1.00
2015.05.22 05:06:38.468,0.71111,0.7112,1.00,1.00
2015.05.22 05:06:39.153,0.7111,0.7112,1.87,1.00
2015.05.22 05:06:39.735,0.7111,0.71119,1.50,1.00
2015.05.22 05:06:40.246,0.7111,0.7112,2.25,1.00
2015.05.22 05:06:40.757,0.7111,0.71119,2.25,1.00
2015.05.22 05:06:42.552,0.7111,0.7112,2.25,1.00
2015.05.22 05:06:43.144,0.7111,0.71119,2.25,1.00
2015.05.22 05:06:52.413,0.7111,0.71118,1.00,1.00
2015.05.22 05:07:00.416,0.71108,0.71117,1.00,1.50
2015.05.22 05:07:17.713,0.71108,0.71116,1.00,1.00
2015.05.22 05:07:18.274,0.71107,0.71116,1.00,1.00
2015.05.22 05:07:24.938,0.71108,0.71118,2.25,1.37
2015.05.22 05:07:25.457,0.71108,0.71118,2.25,1.12
2015.05.22 05:07:26.736,0.71108,0.71117,1.50,1.00
2015.05.22 05:07:26.940,0.71105,0.71115,4.12,1.00
2015.05.22 05:07:27.094,0.71105,0.71114,1.00,1.00
2015.05.22 05:07:27.632,0.71104,0.71114,1.12,1.50
2015.05.22 05:07:29.144,0.71105,0.71115,1.00,3.75
2015.05.22 05:07:29.375,0.71108,0.71115,1.00,1.50
2015.05.22 05:07:29.682,0.7111,0.71116,1.00,1.00
2015.05.22 05:07:31.102,0.7111,0.71118,1.00,2.25
2015.05.22 05:07:37.724,0.71108,0.71118,1.87,1.50
2015.05.22 05:07:38.275,0.71109,0.71118,1.00,1.50
2015.05.22 05:07:41.044,0.7111,0.71118,1.00,1.50
2015.05.22 05:07:41.553,0.71109,0.71118,2.25,1.00
2015.05.22 05:07:42.717,0.71112,0.71118,1.00,1.00
2015.05.22 05:07:42.923,0.71113,0.71122,1.00,3.37
2015.05.22 05:07:45.818,0.71113,0.71123,1.50,3.00
2015.05.22 05:07:46.327,0.71113,0.71121,1.50,1.00
2015.05.22 05:07:46.582,0.71111,0.71121,3.37,1.50
2015.05.22 05:07:47.210,0.71111,0.7112,1.00,1.00
2015.05.22 05:07:55.413,0.71111,0.71118,1.00,1.00
2015.05.22 05:07:57.644,0.7111,0.71118,1.00,1.00
2015.05.22 05:08:02.330,0.7111,0.7112,1.00,2.25
2015.05.22 05:08:02.985,0.71109,0.71119,2.62,1.00
2015.05.22 05:08:14.747,0.7111,0.71119,1.00,1.00
2015.05.22 05:08:15.714,0.7111,0.7112,1.50,3.00
2015.05.22 05:08:26.545,0.7111,0.71119,1.50,1.00
2015.05.22 05:08:27.662,0.7111,0.7112,2.25,3.75
2015.05.22 05:08:32.252,0.7111,0.71118,1.50,1.00
2015.05.22 05:08:34.945,0.7111,0.7112,1.87,4.12
2015.05.22 05:08:36.434,0.71112,0.7112,1.00,3.00
2015.05.22 05:08:39.928,0.7111,0.7112,1.87,1.50
2015.05.22 05:08:41.656,0.7111,0.71119,1.12,1.00
2015.05.22 05:08:44.713,0.71111,0.71119,1.00,1.00
2015.05.22 05:08:45.221,0.7111,0.7112,1.12,2.25
2015.05.22 05:08:47.175,0.71109,0.71119,2.62,1.50
2015.05.22 05:08:56.857,0.71109,0.7112,2.62,1.50
2015.05.22 05:08:57.783,0.7111,0.7112,1.00,1.50
2015.05.22 05:09:12.851,0.71109,0.7112,2.62,2.25
2015.05.22 05:09:15.862,0.71109,0.7112,2.62,2.25
2015.05.22 05:09:16.919,0.7111,0.71119,1.12,1.00
2015.05.22 05:09:17.445,0.71111,0.7112,1.00,2.25
2015.05.22 05:09:18.014,0.7111,0.71119,1.87,1.50
2015.05.22 05:09:37.581,0.71109,0.71119,1.87,1.50
2015.05.22 05:09:38.874,0.7111,0.71119,1.00,1.50
2015.05.22 05:09:39.392,0.7111,0.7112,1.50,1.00
2015.05.22 05:09:43.679,0.71111,0.71119,1.00,1.00
2015.05.22 05:09:44.197,0.7111,0.7112,1.50,1.50
2015.05.22 05:10:00.251,0.7111,0.71119,1.00,1.00
2015.05.22 05:10:00.788,0.71109,0.71119,3.75,1.00
2015.05.22 05:10:11.724,0.71109,0.71118,1.87,1.00
2015.05.22 05:10:15.431,0.71108,0.71118,3.37,1.00
2015.05.22 05:10:50.626,0.71108,0.71115,1.00,1.00
2015.05.22 05:10:50.729,0.71107,0.71117,1.00,2.25
2015.05.22 05:10:51.339,0.71108,0.71117,1.00,2.25
2015.05.22 05:10:52.074,0.71107,0.71118,2.25,1.00
2015.05.22 05:10:52.593,0.71108,0.71118,1.00,1.00
2015.05.22 05:10:54.013,0.71108,0.71117,1.00,1.00
2015.05.22 05:10:54.423,0.71109,0.71119,1.00,2.25
2015.05.22 05:10:55.077,0.71108,0.71119,1.00,2.25
2015.05.22 05:10:55.739,0.71108,0.71118,1.00,1.00
2015.05.22 05:11:00.325,0.71108,0.71117,2.25,1.00
2015.05.22 05:11:04.109,0.71108,0.71117,2.62,1.00
2015.05.22 05:11:10.122,0.71108,0.71117,2.62,1.00
2015.05.22 05:11:13.374,0.71109,0.71117,1.00,1.00
2015.05.22 05:11:15.458,0.71109,0.71118,1.00,1.00
2015.05.22 05:11:24.685,0.7111,0.71118,1.00,1.00
2015.05.22 05:11:24.941,0.71111,0.7112,1.00,2.62
2015.05.22 05:11:25.282,0.71113,0.71121,1.00,1.00
2015.05.22 05:11:29.333,0.71112,0.71121,1.00,3.00
2015.05.22 05:11:29.589,0.7111,0.7112,1.00,1.50
2015.05.22 05:11:30.456,0.7111,0.71119,1.00,1.00
2015.05.22 05:11:31.496,0.71109,0.71119,2.25,1.00
2015.05.22 05:11:36.953,0.71109,0.7112,2.25,1.50
2015.05.22 05:11:37.057,0.71112,0.71121,1.00,4.87
2015.05.22 05:11:37.108,0.7111,0.71121,1.12,4.50
2015.05.22 05:11:37.414,0.71111,0.71119,1.00,1.00
2015.05.22 05:11:38.053,0.7111,0.71119,2.62,1.00
2015.05.22 05:11:38.562,0.71111,0.7112,1.50,2.25
2015.05.22 05:11:38.868,0.71113,0.71121,1.00,1.00
2015.05.22 05:11:39.445,0.71114,0.71121,1.00,1.00
2015.05.22 05:11:40.934,0.71113,0.71121,1.12,1.00
2015.05.22 05:11:41.856,0.71113,0.71122,1.12,1.50
2015.05.22 05:11:42.213,0.71111,0.71121,1.00,1.50
2015.05.22 05:11:42.773,0.7111,0.7112,2.62,1.50
2015.05.22 05:11:52.133,0.7111,0.71121,2.25,3.37
2015.05.22 05:11:52.593,0.7111,0.71119,3.00,1.00
2015.05.22 05:12:03.064,0.7111,0.7112,2.62,2.62
2015.05.22 05:12:05.996,0.7111,0.71119,2.62,1.00
2015.05.22 05:12:06.504,0.7111,0.7112,1.87,2.62
2015.05.22 05:12:11.241,0.7111,0.71119,1.50,1.00
2015.05.22 05:12:17.578,0.71109,0.71119,1.87,1.00
2015.05.22 05:12:18.086,0.71111,0.7112,1.00,1.87
2015.05.22 05:12:18.513,0.71114,0.7112,1.00,1.00
2015.05.22 05:12:18.716,0.71114,0.71122,1.00,2.62
2015.05.22 05:12:27.047,0.71113,0.71122,1.12,1.00
2015.05.22 05:12:29.770,0.71113,0.71121,1.00,1.00
2015.05.22 05:12:30.389,0.71113,0.71122,1.00,1.00
2015.05.22 05:12:36.471,0.71115,0.71122,1.00,1.00
2015.05.22 05:12:42.623,0.71113,0.71122,1.00,1.50
2015.05.22 05:12:57.106,0.71114,0.71122,1.00,1.50
2015.05.22 05:12:57.854,0.71114,0.7112,1.00,1.00
2015.05.22 05:12:58.505,0.71114,0.71121,1.00,1.00
2015.05.22 05:13:25.191,0.71114,0.71122,1.00,1.50
2015.05.22 05:13:26.929,0.71114,0.71121,1.00,1.00
2015.05.22 05:13:32.608,0.71114,0.7112,1.00,1.00
2015.05.22 05:13:36.562,0.71113,0.71119,1.87,1.00
2015.05.22 05:13:40.656,0.71113,0.7112,1.00,1.00
2015.05.22 05:13:43.003,0.71113,0.71121,1.00,1.00
2015.05.22 05:13:47.326,0.71114,0.71122,1.00,2.25
2015.05.22 05:13:50.540,0.71114,0.7112,1.00,1.00
2015.05.22 05:13:51.601,0.71113,0.7112,1.00,1.00
2015.05.22 05:14:11.102,0.71113,0.71118,1.12,1.00
2015.05.22 05:14:11.266,0.71113,0.7112,1.12,1.00
2015.05.22 05:14:12.421,0.71113,0.71118,1.00,1.00
2015.05.22 05:14:12.472,0.71113,0.7112,1.00,1.50
2015.05.22 05:14:15.860,0.71112,0.71119,1.00,1.00
2015.05.22 05:14:15.963,0.71109,0.71119,2.62,2.25
2015.05.22 05:14:16.503,0.71109,0.71118,1.87,1.00
2015.05.22 05:14:18.853,0.71109,0.71117,1.50,1.00
2015.05.22 05:14:27.536,0.71109,0.71118,1.50,1.50
2015.05.22 05:14:54.385,0.71109,0.71117,1.00,1.00
2015.05.22 05:15:03.959,0.71107,0.71115,2.25,1.00
2015.05.22 05:15:04.531,0.71107,0.71116,2.62,1.00
2015.05.22 05:15:04.853,0.7111,0.71117,1.00,1.50
2015.05.22 05:15:08.670,0.71109,0.71117,1.00,2.25
2015.05.22 05:15:09.256,0.71111,0.71117,1.00,1.50
2015.05.22 05:15:17.582,0.71111,0.71119,1.00,2.25
2015.05.22 05:15:21.212,0.71112,0.71119,1.00,1.00
2015.05.22 05:15:21.720,0.71112,0.7112,1.00,2.25
2015.05.22 05:15:23.749,0.71114,0.7112,1.00,2.25
2015.05.22 05:15:28.248,0.71111,0.7112,1.50,2.25
2015.05.22 05:15:29.392,0.71112,0.7112,1.00,2.25
2015.05.22 05:15:31.408,0.71111,0.7112,1.00,2.25
2015.05.22 05:15:31.663,0.71114,0.7112,1.00,2.25
2015.05.22 05:15:32.302,0.71114,0.71121,1.12,1.00
2015.05.22 05:15:32.508,0.71115,0.71124,1.00,1.37
2015.05.22 05:15:32.611,0.71118,0.71125,1.00,2.62
2015.05.22 05:15:32.918,0.71125,0.71129,1.12,1.00
2015.05.22 05:15:33.021,0.71127,0.71132,1.00,1.00
2015.05.22 05:15:33.396,0.71129,0.71134,1.00,1.00
2015.05.22 05:15:33.600,0.71129,0.71136,1.00,1.00
2015.05.22 05:15:34.144,0.71128,0.71136,1.00,1.00
2015.05.22 05:15:34.195,0.71131,0.71136,1.50,1.00
2015.05.22 05:15:34.246,0.71131,0.71138,1.50,1.50
2015.05.22 05:15:34.400,0.71133,0.71138,1.00,1.00
2015.05.22 05:15:34.908,0.71133,0.71139,1.00,1.00
2015.05.22 05:15:35.545,0.71132,0.71139,1.00,1.00
2015.05.22 05:15:38.143,0.71131,0.71139,1.50,1.00
2015.05.22 05:15:39.934,0.71132,0.71139,1.00,1.00
2015.05.22 05:15:40.681,0.71131,0.71139,1.00,1.00
2015.05.22 05:15:40.993,0.71128,0.71136,1.87,2.25
2015.05.22 05:15:41.350,0.71125,0.71135,1.50,1.50
2015.05.22 05:15:42.159,0.71127,0.71135,1.00,1.50
2015.05.22 05:15:42.669,0.71125,0.71135,1.37,1.00
2015.05.22 05:15:43.193,0.71125,0.71134,1.37,1.00
2015.05.22 05:15:43.715,0.71125,0.71134,1.00,1.00
2015.05.22 05:15:44.551,0.71126,0.71136,1.00,3.00
2015.05.22 05:15:45.342,0.71124,0.71134,2.62,1.00
2015.05.22 05:15:46.314,0.71124,0.71133,1.00,1.50
2015.05.22 05:15:49.219,0.71123,0.71133,1.50,1.50
2015.05.22 05:15:49.732,0.71124,0.71133,1.00,1.50
2015.05.22 05:15:51.381,0.71124,0.71132,1.00,1.00
2015.05.22 05:15:51.923,0.71124,0.71133,1.00,1.50
2015.05.22 05:15:53.454,0.71123,0.71133,1.50,1.50
2015.05.22 05:15:55.935,0.71124,0.71133,1.00,1.50
2015.05.22 05:15:58.206,0.71124,0.71133,1.37,1.50
2015.05.22 05:15:59.213,0.71124,0.71133,1.00,1.50
2015.05.22 05:16:01.809,0.71124,0.71131,1.00,1.00
2015.05.22 05:16:02.066,0.71122,0.7113,1.00,1.00
2015.05.22 05:16:02.598,0.71121,0.7113,1.00,1.00
2015.05.22 05:16:03.112,0.71121,0.71131,1.00,1.50
2015.05.22 05:16:04.658,0.71122,0.71131,1.00,1.50
2015.05.22 05:16:05.230,0.71122,0.71132,1.50,1.50
2015.05.22 05:16:05.741,0.71123,0.71132,1.00,1.50
2015.05.22 05:16:05.792,0.71126,0.71132,1.00,1.50
2015.05.22 05:16:06.047,0.71125,0.71134,1.50,1.00
2015.05.22 05:16:06.607,0.71126,0.71134,1.00,1.50
2015.05.22 05:16:07.141,0.71127,0.71134,1.00,1.50
2015.05.22 05:16:07.193,0.71124,0.71134,1.12,2.25
2015.05.22 05:16:07.736,0.71123,0.71133,1.00,1.00
2015.05.22 05:16:09.795,0.71122,0.71133,3.00,1.00
2015.05.22 05:16:10.412,0.71122,0.71132,3.00,1.50
2015.05.22 05:16:13.032,0.71122,0.71131,1.00,1.00
2015.05.22 05:16:17.917,0.71121,0.71131,2.25,1.50
2015.05.22 05:16:19.196,0.71122,0.71131,1.00,1.00
2015.05.22 05:16:21.911,0.71121,0.7113,2.25,1.00
2015.05.22 05:16:25.530,0.71121,0.71131,2.25,1.00
2015.05.22 05:16:26.186,0.71121,0.71131,2.62,1.00
2015.05.22 05:16:28.660,0.71121,0.71131,2.25,1.00
2015.05.22 05:16:30.371,0.71121,0.71132,1.87,3.00
2015.05.22 05:16:31.093,0.71121,0.71131,1.87,1.00
2015.05.22 05:16:32.287,0.71122,0.71131,1.00,1.00
2015.05.22 05:16:39.771,0.71123,0.71131,1.00,1.00
2015.05.22 05:16:41.960,0.71123,0.71132,1.00,1.50
2015.05.22 05:16:42.470,0.71122,0.71132,1.00,1.50
2015.05.22 05:16:49.885,0.71122,0.71131,1.50,1.00
2015.05.22 05:16:52.905,0.71123,0.71131,1.00,1.00
2015.05.22 05:16:57.901,0.71123,0.7113,1.00,1.00
2015.05.22 05:16:58.883,0.71123,0.71131,1.00,1.00
2015.05.22 05:17:04.415,0.71123,0.71132,1.50,1.50
2015.05.22 05:17:06.321,0.71122,0.71132,1.50,1.50
2015.05.22 05:17:06.373,0.71121,0.7113,1.00,1.00
2015.05.22 05:17:07.078,0.7112,0.71131,2.25,2.25
2015.05.22 05:17:11.417,0.7112,0.7113,1.87,1.00
2015.05.22 05:17:13.173,0.71121,0.71129,1.00,1.00
2015.05.22 05:17:15.962,0.7112,0.7113,2.62,1.00
2015.05.22 05:17:22.228,0.71119,0.71128,3.37,1.00
2015.05.22 05:17:25.935,0.7112,0.71129,1.12,1.00
2015.05.22 05:17:26.587,0.71119,0.71129,2.25,1.00
2015.05.22 05:17:27.047,0.7112,0.71127,1.00,1.00
2015.05.22 05:17:27.629,0.71119,0.71128,1.50,1.00
2015.05.22 05:17:28.161,0.71119,0.71127,1.50,1.00
2015.05.22 05:17:28.692,0.71119,0.71126,1.00,1.00
2015.05.22 05:17:29.933,0.71119,0.71125,1.00,1.00
2015.05.22 05:17:31.250,0.71119,0.71126,1.00,1.00
2015.05.22 05:17:35.509,0.71119,0.71125,1.00,1.00
2015.05.22 05:17:35.764,0.71117,0.71125,1.12,1.00
2015.05.22 05:17:35.968,0.71116,0.71123,1.00,1.00
2015.05.22 05:17:36.615,0.71114,0.71123,1.50,1.00
2015.05.22 05:17:37.126,0.71114,0.71124,1.12,1.50
2015.05.22 05:17:37.533,0.71117,0.71123,1.00,1.00
2015.05.22 05:17:37.855,0.71115,0.71123,1.00,1.00
2015.05.22 05:17:38.825,0.71115,0.71124,1.00,1.00
2015.05.22 05:17:39.130,0.71116,0.71126,1.12,2.25
2015.05.22 05:17:41.356,0.71117,0.71126,1.00,1.00
2015.05.22 05:17:42.522,0.71118,0.71126,1.00,1.00
2015.05.22 05:17:43.059,0.71118,0.71127,1.00,2.25
2015.05.22 05:17:45.784,0.71119,0.71127,1.00,1.50
2015.05.22 05:17:47.041,0.71117,0.71127,1.50,1.50
2015.05.22 05:17:47.604,0.71118,0.71127,1.00,1.50
2015.05.22 05:17:48.570,0.71117,0.71127,1.00,1.50
2015.05.22 05:17:50.598,0.71117,0.71124,1.00,1.00
2015.05.22 05:17:50.802,0.71117,0.71126,1.00,1.00
2015.05.22 05:17:51.360,0.71117,0.71125,1.00,1.00
2015.05.22 05:17:54.322,0.71117,0.71126,1.00,1.00
2015.05.22 05:17:54.831,0.71118,0.71126,1.00,1.00
2015.05.22 05:17:55.658,0.71117,0.71126,1.50,1.00
2015.05.22 05:17:56.368,0.71117,0.71124,1.00,1.00
2015.05.22 05:17:56.472,0.71115,0.71124,1.00,1.00
2015.05.22 05:17:56.989,0.71114,0.71123,1.00,1.50
2015.05.22 05:17:57.657,0.71113,0.71123,1.50,1.50
2015.05.22 05:17:58.601,0.71113,0.71122,1.50,1.00
2015.05.22 05:18:00.615,0.71113,0.71121,1.50,1.00
2015.05.22 05:18:02.618,0.71115,0.71123,1.00,1.00
2015.05.22 05:18:03.134,0.71113,0.71123,1.00,1.00
2015.05.22 05:18:03.442,0.71111,0.71123,2.62,1.50
2015.05.22 05:18:03.595,0.71113,0.71123,1.00,1.50
2015.05.22 05:18:04.195,0.71113,0.71124,1.50,1.00
2015.05.22 05:18:04.720,0.71113,0.71125,2.25,2.25
2015.05.22 05:18:05.245,0.71114,0.71125,1.00,1.50
2015.05.22 05:18:05.935,0.71116,0.71125,1.00,1.00
2015.05.22 05:18:06.467,0.71115,0.71125,1.00,1.00
2015.05.22 05:18:08.208,0.71114,0.71125,1.87,1.00
2015.05.22 05:18:09.099,0.71115,0.71125,1.00,1.00
2015.05.22 05:18:12.722,0.71114,0.71125,1.87,1.50
2015.05.22 05:18:14.542,0.71115,0.71125,1.00,2.25
2015.05.22 05:18:15.147,0.71114,0.71125,1.12,2.25
2015.05.22 05:18:15.725,0.71115,0.71125,1.12,2.25
2015.05.22 05:18:17.617,0.71114,0.71125,1.87,1.00
2015.05.22 05:18:18.619,0.71114,0.71125,1.87,1.00
2015.05.22 05:18:19.595,0.71114,0.71125,1.87,1.00
2015.05.22 05:18:25.543,0.71114,0.71124,1.87,1.00
2015.05.22 05:18:27.120,0.71114,0.71125,1.87,1.12
2015.05.22 05:18:33.243,0.71114,0.71125,1.87,1.50
2015.05.22 05:18:34.411,0.71114,0.71123,1.00,1.00
2015.05.22 05:18:34.921,0.71113,0.71122,1.12,1.00
2015.05.22 05:18:46.381,0.71113,0.7112,1.00,1.00
2015.05.22 05:18:47.916,0.71113,0.71122,1.00,2.25
2015.05.22 05:18:56.860,0.71112,0.71122,3.00,1.50
2015.05.22 05:18:57.268,0.71111,0.7112,1.50,1.00
2015.05.22 05:18:57.810,0.7111,0.7112,1.50,1.50
2015.05.22 05:18:58.390,0.7111,0.7112,2.25,1.50
2015.05.22 05:18:59.180,0.71112,0.7112,1.00,1.50
2015.05.22 05:18:59.721,0.71113,0.71121,1.00,1.00
2015.05.22 05:18:59.874,0.71111,0.7112,1.00,1.00
2015.05.22 05:19:00.405,0.71111,0.71121,1.00,1.50
2015.05.22 05:19:08.347,0.7111,0.71121,1.50,1.00
2015.05.22 05:19:12.032,0.71112,0.71121,1.00,1.00
2015.05.22 05:19:12.993,0.71112,0.71122,1.50,2.25
2015.05.22 05:19:22.134,0.71113,0.71122,1.00,1.00
2015.05.22 05:19:22.440,0.71116,0.71125,1.00,4.12
2015.05.22 05:19:23.412,0.71116,0.71126,1.50,2.25
2015.05.22 05:19:27.849,0.71117,0.71126,1.00,1.50
2015.05.22 05:19:31.583,0.71117,0.71127,1.00,2.62
2015.05.22 05:19:32.871,0.71116,0.71127,1.00,2.25
2015.05.22 05:19:33.507,0.71115,0.71127,3.75,4.12
2015.05.22 05:19:34.015,0.71116,0.71127,1.00,4.12
2015.05.22 05:19:36.474,0.71117,0.71127,1.00,3.75
2015.05.22 05:19:37.003,0.71117,0.71126,1.00,1.00
2015.05.22 05:19:39.013,0.71116,0.71126,1.00,1.00
2015.05.22 05:19:42.217,0.71116,0.71127,1.00,3.00
2015.05.22 05:19:42.785,0.71116,0.71126,1.00,1.00
2015.05.22 05:19:51.119,0.71115,0.71126,2.25,1.50
2015.05.22 05:19:52.772,0.71115,0.71124,2.25,1.00
2015.05.22 05:19:55.858,0.71115,0.71121,1.00,1.00
2015.05.22 05:19:56.392,0.71116,0.71122,1.00,1.00
2015.05.22 05:20:05.456,0.71116,0.71123,1.00,1.12
2015.05.22 05:20:07.906,0.71114,0.71123,1.00,1.00
2015.05.22 05:20:09.044,0.71114,0.71122,1.00,1.00
2015.05.22 05:20:09.591,0.71114,0.71123,1.00,1.87
2015.05.22 05:20:10.117,0.71115,0.71123,1.00,1.50
2015.05.22 05:20:25.389,0.71115,0.71124,1.00,4.12
2015.05.22 05:20:25.946,0.71115,0.71123,1.00,1.00
2015.05.22 05:20:28.010,0.71115,0.71122,1.00,1.00
2015.05.22 05:20:29.360,0.71115,0.71123,1.00,1.00
2015.05.22 05:20:30.098,0.71115,0.71124,1.00,3.37
2015.05.22 05:20:31.069,0.71115,0.71123,1.00,1.00
2015.05.22 05:20:31.950,0.71114,0.71123,1.00,1.00
2015.05.22 05:20:32.458,0.71115,0.71123,1.00,2.25
2015.05.22 05:20:35.787,0.71115,0.71121,1.00,1.00
2015.05.22 05:20:36.292,0.71114,0.71121,1.00,1.00
2015.05.22 05:20:36.926,0.71114,0.71123,1.00,2.25
2015.05.22 05:20:38.996,0.71114,0.71122,1.00,1.00
2015.05.22 05:20:42.246,0.71116,0.71122,1.00,1.00
2015.05.22 05:20:42.755,0.71115,0.71122,1.00,1.00
2015.05.22 05:20:43.335,0.71115,0.71123,1.00,3.00
2015.05.22 05:20:44.352,0.71115,0.71122,1.00,1.00
2015.05.22 05:20:44.606,0.71113,0.71122,1.12,1.00
2015.05.22 05:20:46.945,0.71112,0.71122,1.00,1.50
2015.05.22 05:21:02.121,0.71113,0.71122,1.00,1.87
2015.05.22 05:21:02.326,0.71114,0.71124,2.62,1.50
2015.05.22 05:21:02.377,0.71117,0.71124,1.00,1.50
2015.05.22 05:21:02.759,0.71117,0.71126,1.50,2.62
2015.05.22 05:21:03.270,0.71116,0.71126,1.00,2.62
2015.05.22 05:21:05.561,0.71115,0.71126,1.50,2.25
2015.05.22 05:21:05.765,0.71115,0.71124,1.50,1.00
2015.05.22 05:21:06.273,0.71114,0.71125,1.87,1.50
2015.05.22 05:21:10.923,0.71114,0.71124,2.25,1.00
2015.05.22 05:21:11.431,0.71113,0.71123,1.50,2.25
2015.05.22 05:21:12.588,0.71113,0.71122,1.00,1.00
2015.05.22 05:21:13.119,0.71112,0.71122,2.25,1.00
2015.05.22 05:21:13.628,0.71112,0.71123,2.25,2.25
2015.05.22 05:21:20.384,0.71114,0.71123,1.00,2.25
2015.05.22 05:21:20.959,0.71114,0.71122,1.00,1.50
2015.05.22 05:21:28.116,0.71112,0.71122,3.37,1.00
2015.05.22 05:21:43.858,0.71114,0.71122,1.00,1.00
2015.05.22 05:21:52.303,0.71112,0.71122,2.25,1.00
2015.05.22 05:21:52.827,0.71112,0.71123,2.25,1.00
2015.05.22 05:21:53.334,0.71112,0.71122,2.25,1.00
2015.05.22 05:22:04.961,0.71112,0.71123,1.00,2.25
2015.05.22 05:22:10.107,0.71112,0.71122,2.25,1.00
2015.05.22 05:22:10.682,0.71112,0.71121,2.25,1.00
2015.05.22 05:22:11.262,0.71112,0.71122,2.25,1.00
2015.05.22 05:22:12.577,0.71111,0.71122,1.00,2.25
2015.05.22 05:22:13.928,0.71113,0.71122,1.00,2.25
2015.05.22 05:22:13.980,0.71111,0.71122,1.00,2.25
2015.05.22 05:22:14.578,0.7111,0.71121,4.12,1.00
2015.05.22 05:22:14.630,0.71112,0.71121,1.00,1.00
2015.05.22 05:22:16.127,0.71112,0.71122,1.50,3.37
2015.05.22 05:22:29.767,0.71112,0.71123,1.50,2.25
2015.05.22 05:22:33.465,0.71112,0.71123,1.87,3.37
2015.05.22 05:22:34.375,0.71112,0.71123,1.50,2.25
2015.05.22 05:22:40.998,0.71112,0.71122,1.50,1.00
2015.05.22 05:22:42.311,0.71112,0.71123,1.50,2.25
2015.05.22 05:22:46.863,0.71112,0.71122,1.50,1.00
2015.05.22 05:22:47.512,0.71112,0.71123,1.50,3.00
2015.05.22 05:22:53.463,0.71112,0.71122,1.87,1.00
2015.05.22 05:22:53.920,0.71112,0.71123,2.25,2.25
2015.05.22 05:22:54.467,0.71115,0.71124,1.00,1.50
2015.05.22 05:22:56.313,0.71115,0.71122,1.00,1.00
2015.05.22 05:22:58.496,0.71115,0.71124,1.50,3.37
2015.05.22 05:23:00.269,0.71114,0.71122,1.87,1.50
2015.05.22 05:23:02.803,0.71113,0.71122,1.12,1.50
2015.05.22 05:23:06.001,0.71114,0.71122,1.00,1.50
2015.05.22 05:23:07.909,0.71115,0.71122,1.00,1.00
2015.05.22 05:23:08.214,0.71117,0.71124,1.00,1.12
2015.05.22 05:23:08.723,0.71118,0.71124,1.00,1.00
2015.05.22 05:23:08.825,0.71115,0.71124,1.50,1.00
2015.05.22 05:23:08.877,0.71115,0.71123,1.50,1.37
2015.05.22 05:23:09.407,0.71115,0.71121,1.00,1.00
2015.05.22 05:23:11.437,0.71115,0.71124,1.00,1.00
2015.05.22 05:23:14.402,0.71114,0.71124,1.50,1.87
2015.05.22 05:23:15.483,0.71114,0.71123,1.00,1.12
2015.05.22 05:23:15.996,0.71115,0.71124,1.50,1.00
2015.05.22 05:23:16.691,0.71119,0.71125,1.00,1.00
2015.05.22 05:23:17.171,0.71119,0.71127,1.00,1.50
2015.05.22 05:23:28.464,0.71118,0.71127,1.00,1.00
2015.05.22 05:23:29.344,0.71118,0.71127,1.00,1.87
2015.05.22 05:23:30.249,0.71117,0.71127,1.50,1.87
2015.05.22 05:23:30.800,0.71118,0.71127,1.00,1.00
2015.05.22 05:23:37.606,0.71118,0.71128,1.00,2.25
2015.05.22 05:23:47.362,0.71117,0.71127,3.00,1.37
2015.05.22 05:23:47.669,0.71116,0.71123,1.00,1.00
2015.05.22 05:23:47.721,0.71114,0.71123,1.87,1.00
2015.05.22 05:23:54.381,0.71114,0.71122,1.50,1.12
2015.05.22 05:23:55.309,0.71114,0.71124,1.50,3.37
2015.05.22 05:23:55.819,0.71114,0.71124,1.50,2.62
2015.05.22 05:23:58.815,0.71114,0.71123,1.00,1.37
2015.05.22 05:23:59.349,0.71113,0.71123,1.50,1.37
2015.05.22 05:24:00.363,0.71113,0.71124,1.50,3.37
2015.05.22 05:24:00.691,0.71113,0.71123,1.50,1.87
2015.05.22 05:24:01.675,0.71113,0.71123,1.50,1.50
2015.05.22 05:24:02.174,0.71112,0.7112,1.00,1.50
2015.05.22 05:24:02.429,0.7111,0.7112,2.25,1.50
2015.05.22 05:24:02.735,0.71109,0.71118,1.00,1.00
2015.05.22 05:24:04.618,0.71109,0.71117,1.00,1.00
2015.05.22 05:24:05.891,0.71109,0.71118,1.00,3.00
2015.05.22 05:24:06.670,0.71109,0.71117,1.00,1.00
2015.05.22 05:24:08.000,0.71109,0.71118,1.00,3.37
2015.05.22 05:24:10.204,0.71109,0.71117,1.00,1.00
2015.05.22 05:24:11.658,0.71109,0.71118,1.00,3.37
2015.05.22 05:24:12.175,0.71109,0.71117,1.00,1.00
2015.05.22 05:24:12.728,0.71109,0.71118,1.00,2.62
2015.05.22 05:24:13.306,0.7111,0.71118,2.62,1.00
2015.05.22 05:24:13.358,0.71111,0.71121,1.00,1.50
2015.05.22 05:24:13.568,0.71113,0.71121,1.00,1.87
2015.05.22 05:24:13.625,0.71113,0.71122,1.00,2.25
2015.05.22 05:24:24.124,0.71113,0.71122,1.50,1.37
2015.05.22 05:24:26.044,0.71113,0.71122,1.00,2.25
2015.05.22 05:24:30.394,0.71112,0.71122,1.50,2.25
2015.05.22 05:24:30.446,0.71112,0.7112,1.50,1.00
2015.05.22 05:24:30.903,0.71113,0.71122,1.00,2.62
2015.05.22 05:24:49.113,0.71113,0.71123,1.50,2.62
2015.05.22 05:24:49.813,0.71114,0.71123,1.00,2.25
2015.05.22 05:24:50.275,0.71114,0.71123,1.00,2.62
2015.05.22 05:24:52.365,0.71114,0.71123,1.00,3.37
2015.05.22 05:24:55.530,0.71115,0.71123,1.00,2.62
2015.05.22 05:24:56.357,0.71115,0.71124,1.00,2.25
2015.05.22 05:24:58.540,0.71115,0.71123,1.00,1.00
2015.05.22 05:25:09.593,0.71115,0.71125,1.12,2.62
2015.05.22 05:25:15.867,0.71114,0.71124,2.62,1.00
2015.05.22 05:25:16.600,0.71114,0.71124,1.50,1.00
2015.05.22 05:25:25.230,0.71115,0.71124,1.00,1.00
2015.05.22 05:25:31.391,0.71114,0.71124,1.50,1.00
2015.05.22 05:25:43.626,0.71115,0.71124,1.00,1.50
2015.05.22 05:26:02.602,0.71116,0.71124,1.00,2.25
2015.05.22 05:26:22.282,0.71114,0.71124,3.37,3.00
2015.05.22 05:26:44.540,0.71117,0.71124,1.00,1.00
2015.05.22 05:26:44.693,0.71117,0.71127,1.50,3.37
2015.05.22 05:26:45.205,0.71118,0.71127,1.50,1.87
2015.05.22 05:26:46.082,0.71116,0.71125,1.87,1.00
2015.05.22 05:26:46.388,0.71114,0.71123,1.50,1.00
2015.05.22 05:26:46.944,0.71114,0.71124,1.00,1.00
2015.05.22 05:26:47.475,0.71114,0.71123,1.00,1.00
2015.05.22 05:26:53.870,0.71113,0.71122,1.50,1.00
2015.05.22 05:26:54.596,0.71112,0.71121,1.00,1.50
2015.05.22 05:27:16.162,0.71109,0.71117,1.50,1.00
2015.05.22 05:27:16.365,0.71109,0.71119,1.50,1.12
2015.05.22 05:27:16.834,0.71111,0.7112,1.00,1.87
2015.05.22 05:27:17.385,0.71111,0.71121,1.50,3.75
2015.05.22 05:27:17.896,0.71111,0.7112,1.50,1.12
2015.05.22 05:27:18.253,0.71114,0.71121,1.00,1.87
2015.05.22 05:27:18.574,0.71115,0.71125,1.50,1.12
2015.05.22 05:27:18.677,0.71118,0.71125,1.00,1.12
2015.05.22 05:27:19.475,0.71118,0.71127,1.00,1.87
2015.05.22 05:27:20.053,0.71119,0.71127,1.00,1.00
2015.05.22 05:27:26.972,0.71118,0.71127,1.00,1.00
2015.05.22 05:27:27.075,0.71116,0.71125,2.25,1.00
2015.05.22 05:27:27.380,0.71114,0.71123,1.50,1.12
2015.05.22 05:27:43.901,0.71114,0.71124,1.00,4.50
2015.05.22 05:27:45.607,0.71114,0.71122,1.00,1.00
2015.05.22 05:27:45.911,0.71112,0.7112,1.00,1.50
2015.05.22 05:27:46.743,0.71112,0.71119,1.00,1.00
2015.05.22 05:27:55.162,0.7111,0.71119,2.25,1.00
2015.05.22 05:28:01.868,0.7111,0.71118,2.25,1.00
2015.05.22 05:28:02.614,0.7111,0.71119,2.25,1.50
2015.05.22 05:28:03.124,0.71109,0.71118,1.50,1.50
2015.05.22 05:28:03.657,0.71109,0.71117,1.50,1.00
2015.05.22 05:28:04.056,0.71109,0.71119,1.00,1.00
2015.05.22 05:28:04.568,0.71109,0.7112,1.50,2.25
2015.05.22 05:28:05.560,0.7111,0.71121,1.50,3.37
2015.05.22 05:28:06.145,0.7111,0.71121,1.50,3.00
2015.05.22 05:28:10.272,0.7111,0.7112,1.50,1.00
2015.05.22 05:28:15.520,0.71111,0.71119,1.00,1.00
2015.05.22 05:28:16.450,0.71111,0.7112,1.00,1.50
2015.05.22 05:28:16.552,0.71113,0.71121,1.00,2.25
2015.05.22 05:28:17.065,0.71114,0.71121,1.00,1.00
2015.05.22 05:28:17.591,0.71114,0.71123,1.00,3.00
2015.05.22 05:28:33.414,0.71114,0.71122,1.00,1.00
2015.05.22 05:28:39.710,0.71114,0.71123,1.00,1.50
2015.05.22 05:28:40.425,0.71115,0.71124,1.00,1.00
2015.05.22 05:28:41.071,0.71116,0.71125,1.50,1.00
2015.05.22 05:28:42.478,0.71116,0.71124,1.50,1.00
2015.05.22 05:28:45.203,0.71115,0.71124,1.50,1.00
2015.05.22 05:28:46.092,0.71116,0.71124,1.00,1.00
2015.05.22 05:28:46.297,0.71116,0.71126,1.00,2.62
2015.05.22 05:28:46.604,0.71118,0.71126,1.00,1.12
2015.05.22 05:28:47.273,0.71118,0.71127,1.00,1.87
2015.05.22 05:28:50.529,0.71119,0.71127,1.00,1.00
2015.05.22 05:28:50.838,0.71122,0.7113,1.00,1.12
2015.05.22 05:28:51.384,0.71123,0.71131,1.00,1.37
2015.05.22 05:28:51.895,0.71123,0.71131,1.00,1.00
2015.05.22 05:28:53.251,0.71123,0.71132,1.00,1.12
2015.05.22 05:28:53.557,0.71119,0.71126,1.00,1.00
2015.05.22 05:28:53.659,0.71116,0.71126,2.25,1.12
2015.05.22 05:28:53.712,0.71116,0.71123,1.00,1.00
2015.05.22 05:28:53.815,0.71113,0.71124,1.50,1.00
2015.05.22 05:28:54.094,0.71111,0.71121,1.50,1.00
2015.05.22 05:28:54.606,0.71111,0.71121,1.50,1.00
2015.05.22 05:28:54.913,0.71114,0.71123,1.00,1.50
2015.05.22 05:28:55.199,0.71114,0.71125,1.87,3.37
2015.05.22 05:28:56.855,0.71116,0.71125,1.00,1.00
2015.05.22 05:28:57.418,0.71115,0.71125,1.00,1.00
2015.05.22 05:28:58.466,0.71116,0.71126,1.00,2.25
2015.05.22 05:28:58.980,0.71115,0.71126,1.50,2.25
2015.05.22 05:28:59.521,0.71115,0.71125,1.50,1.00
2015.05.22 05:29:00.210,0.71115,0.71126,1.00,3.00
2015.05.22 05:29:00.982,0.71116,0.71125,1.00,1.00
2015.05.22 05:29:01.678,0.71116,0.71126,1.00,1.50
2015.05.22 05:29:02.188,0.71116,0.71125,1.00,1.00
2015.05.22 05:29:02.751,0.71115,0.71125,1.50,1.00
2015.05.22 05:29:03.056,0.71115,0.71123,1.50,1.00
2015.05.22 05:29:03.695,0.71115,0.71124,1.50,1.00
2015.05.22 05:29:04.888,0.71115,0.71123,1.00,1.00
2015.05.22 05:29:05.400,0.71114,0.71123,1.00,1.00
2015.05.22 05:29:05.978,0.71115,0.71123,1.00,1.00
2015.05.22 05:29:06.494,0.71115,0.71122,1.00,1.00
2015.05.22 05:29:07.070,0.71115,0.71123,1.00,1.50
2015.05.22 05:29:07.951,0.71114,0.71123,1.00,1.00
2015.05.22 05:29:08.491,0.71115,0.71123,1.00,1.00
2015.05.22 05:29:10.470,0.71114,0.71123,1.00,1.00
2015.05.22 05:29:10.826,0.71113,0.7112,1.50,1.00
2015.05.22 05:29:11.329,0.71113,0.71119,1.50,1.00
2015.05.22 05:29:15.002,0.71112,0.71119,1.50,1.00
2015.05.22 05:29:17.947,0.71111,0.71119,1.00,1.00
2015.05.22 05:29:22.887,0.71111,0.71117,1.00,1.00
2015.05.22 05:29:23.713,0.7111,0.71117,1.50,1.00
2015.05.22 05:29:27.328,0.71111,0.71117,1.00,1.00
2015.05.22 05:29:27.482,0.71111,0.71119,1.50,1.00
2015.05.22 05:29:28.245,0.71111,0.7112,1.00,1.00
2015.05.22 05:29:29.880,0.71112,0.7112,1.00,1.00
2015.05.22 05:29:30.429,0.71112,0.71121,1.00,1.00
2015.05.22 05:29:30.944,0.71111,0.7112,1.00,1.87
2015.05.22 05:29:34.211,0.71111,0.71119,1.00,1.00
2015.05.22 05:29:34.747,0.71111,0.71121,1.00,4.12
2015.05.22 05:29:37.389,0.71111,0.71119,1.00,1.00
2015.05.22 05:29:37.910,0.71111,0.71118,1.00,1.00
2015.05.22 05:29:38.437,0.71111,0.71119,1.00,1.00
2015.05.22 05:29:40.817,0.7111,0.71119,1.00,1.12
2015.05.22 05:29:41.329,0.7111,0.71118,1.00,1.00
2015.05.22 05:29:41.950,0.71109,0.71118,1.00,1.00
2015.05.22 05:29:42.459,0.71109,0.71118,1.00,1.87
2015.05.22 05:29:43.976,0.71109,0.71118,1.00,1.50
2015.05.22 05:29:44.485,0.71109,0.71119,1.50,1.87
2015.05.22 05:29:44.857,0.71111,0.71119,1.00,1.87
2015.05.22 05:29:49.991,0.71111,0.7112,1.00,3.00
2015.05.22 05:29:54.671,0.71112,0.71121,1.00,3.75
2015.05.22 05:29:54.824,0.71113,0.71121,1.00,1.50
2015.05.22 05:29:55.357,0.71112,0.71122,2.25,1.00
2015.05.22 05:29:55.914,0.71113,0.71122,1.00,1.50
2015.05.22 05:29:58.443,0.71114,0.71122,1.00,1.12
2015.05.22 05:29:58.983,0.71113,0.71122,2.25,1.12
2015.05.22 05:30:00.852,0.71113,0.71121,1.50,1.00
2015.05.22 05:30:01.412,0.71113,0.71123,1.00,2.62
2015.05.22 05:30:01.723,0.71111,0.71121,1.00,1.50
2015.05.22 05:30:02.319,0.71111,0.71121,1.50,2.62
2015.05.22 05:30:02.909,0.71111,0.71121,1.50,3.00
2015.05.22 05:30:03.918,0.71111,0.7112,1.00,1.00
2015.05.22 05:30:04.852,0.71111,0.71119,1.00,1.00
2015.05.22 05:30:05.365,0.7111,0.71119,1.00,1.87
2015.05.22 05:30:05.877,0.7111,0.71118,1.00,1.00
2015.05.22 05:30:11.912,0.7111,0.71118,1.00,2.25
2015.05.22 05:30:30.082,0.7111,0.71118,1.00,1.12
2015.05.22 05:30:54.373,0.7111,0.71118,1.00,1.37
2015.05.22 05:30:56.776,0.71108,0.71118,1.50,2.62
2015.05.22 05:31:01.601,0.71109,0.71118,1.00,1.50
2015.05.22 05:31:06.097,0.71109,0.71118,2.62,1.87
2015.05.22 05:31:06.405,0.7111,0.71119,1.00,1.50
2015.05.22 05:31:08.766,0.71109,0.71117,1.50,1.12
2015.05.22 05:31:09.023,0.71106,0.71117,2.62,3.37
2015.05.22 05:31:10.146,0.71106,0.71115,1.50,1.00
2015.05.22 05:31:11.765,0.71108,0.71117,1.00,3.00
2015.05.22 05:31:12.501,0.71107,0.71116,1.00,1.12
2015.05.22 05:31:13.746,0.71107,0.71115,1.00,1.00
2015.05.22 05:31:14.268,0.71107,0.71117,1.00,1.37
2015.05.22 05:31:15.728,0.71107,0.71115,1.00,1.00
2015.05.22 05:31:17.625,0.71107,0.71116,1.00,1.12
2015.05.22 05:31:20.895,0.71106,0.71115,1.00,1.00
2015.05.22 05:31:21.200,0.71106,0.71113,1.00,1.00
2015.05.22 05:31:22.151,0.71106,0.71112,1.00,1.00
2015.05.22 05:31:28.441,0.71104,0.71112,1.00,1.00
2015.05.22 05:31:38.431,0.71105,0.71112,1.00,1.00
2015.05.22 05:31:38.940,0.71104,0.71112,1.50,1.50
2015.05.22 05:31:39.452,0.71105,0.71112,1.00,1.50
2015.05.22 05:31:39.962,0.71104,0.71112,1.50,1.00
2015.05.22 05:31:46.835,0.71104,0.71112,1.50,1.37
2015.05.22 05:31:50.145,0.71104,0.71112,1.00,1.12
2015.05.22 05:31:52.329,0.71104,0.71112,1.00,1.37
2015.05.22 05:31:53.842,0.71104,0.71112,1.50,1.00
2015.05.22 05:31:54.353,0.71105,0.71112,1.00,1.00
2015.05.22 05:31:54.879,0.71104,0.71112,1.50,1.00
2015.05.22 05:31:59.068,0.71104,0.71111,1.00,1.00
2015.05.22 05:32:03.630,0.71105,0.71111,1.00,1.00
2015.05.22 05:32:04.177,0.71105,0.7111,1.00,1.00
2015.05.22 05:32:04.686,0.71104,0.7111,1.50,1.00
2015.05.22 05:32:05.239,0.71104,0.71111,1.00,1.00
2015.05.22 05:32:10.425,0.71105,0.71111,1.00,1.00
2015.05.22 05:32:10.933,0.71104,0.71111,1.00,1.00
2015.05.22 05:32:13.378,0.71104,0.71112,1.50,1.00
2015.05.22 05:32:13.893,0.71104,0.71111,1.50,1.00
2015.05.22 05:32:20.645,0.71104,0.71112,1.50,1.00
2015.05.22 05:32:21.611,0.71104,0.7111,1.50,1.00
2015.05.22 05:32:23.163,0.71104,0.71112,1.50,1.12
2015.05.22 05:32:24.782,0.71104,0.71113,1.50,1.37
2015.05.22 05:32:25.854,0.71104,0.71112,1.50,1.12
2015.05.22 05:32:26.480,0.71104,0.71109,1.00,1.00
2015.05.22 05:32:26.786,0.71102,0.71108,1.50,1.00
2015.05.22 05:32:28.141,0.711,0.71108,1.00,1.00
2015.05.22 05:32:28.446,0.71101,0.71106,1.00,1.00
2015.05.22 05:32:28.992,0.71101,0.71107,1.00,1.12
2015.05.22 05:32:32.621,0.71101,0.71106,1.00,1.00
2015.05.22 05:32:33.517,0.71101,0.71107,1.00,1.12
2015.05.22 05:32:34.175,0.71101,0.71106,1.00,1.00
2015.05.22 05:32:34.722,0.71101,0.71107,1.00,1.12
2015.05.22 05:32:35.059,0.71099,0.71107,1.00,1.12
2015.05.22 05:32:35.613,0.71099,0.71106,1.50,1.00
2015.05.22 05:32:37.581,0.71099,0.71107,1.50,1.12
2015.05.22 05:32:38.083,0.711,0.71107,1.00,1.12
2015.05.22 05:32:38.590,0.711,0.71106,1.50,1.00
2015.05.22 05:32:39.831,0.71101,0.7111,1.00,1.87
2015.05.22 05:32:40.087,0.71103,0.71112,1.00,1.12
2015.05.22 05:32:44.522,0.71104,0.71112,1.00,1.12
2015.05.22 05:32:53.736,0.71104,0.71111,1.00,1.12
2015.05.22 05:33:00.649,0.71104,0.71112,1.50,1.87
2015.05.22 05:33:12.286,0.71104,0.71111,1.00,1.00
2015.05.22 05:33:13.127,0.71104,0.71109,1.00,1.00
2015.05.22 05:33:13.179,0.71101,0.71109,3.37,1.00
2015.05.22 05:33:13.719,0.71101,0.71108,1.00,1.87
2015.05.22 05:33:18.687,0.71101,0.71109,1.00,1.00
2015.05.22 05:33:19.238,0.71101,0.7111,1.00,1.87
2015.05.22 05:33:27.523,0.71103,0.7111,1.00,1.00
2015.05.22 05:33:28.031,0.71102,0.71111,1.00,1.87
2015.05.22 05:33:36.138,0.71102,0.7111,1.00,1.87
2015.05.22 05:33:54.075,0.71102,0.71111,1.00,2.62
2015.05.22 05:34:01.140,0.71103,0.71111,1.00,2.62
2015.05.22 05:34:14.684,0.71102,0.71111,1.00,2.62
2015.05.22 05:34:20.259,0.71102,0.7111,1.00,2.62
2015.05.22 05:34:22.759,0.71102,0.71108,1.00,1.87
2015.05.22 05:34:22.812,0.711,0.71108,1.00,1.87
2015.05.22 05:34:24.228,0.71099,0.71108,1.12,2.62
2015.05.22 05:34:26.224,0.711,0.71107,1.00,1.37
2015.05.22 05:34:27.096,0.71098,0.71106,1.37,1.12
2015.05.22 05:34:27.623,0.71098,0.71106,1.00,1.12
2015.05.22 05:34:29.922,0.71097,0.71106,1.00,1.87
2015.05.22 05:34:30.615,0.71098,0.71106,1.00,1.12
2015.05.22 05:34:32.568,0.71098,0.71106,1.00,1.37
2015.05.22 05:34:33.079,0.71097,0.71105,1.12,1.00
2015.05.22 05:34:33.520,0.71099,0.71105,1.00,1.00
2015.05.22 05:34:34.439,0.71098,0.71105,1.00,1.00
2015.05.22 05:34:34.964,0.71098,0.71106,1.00,1.00
2015.05.22 05:34:36.419,0.71097,0.71106,1.00,1.00
2015.05.22 05:34:36.723,0.71097,0.71104,1.00,1.00
2015.05.22 05:34:37.037,0.71095,0.71103,1.00,1.37
2015.05.22 05:34:37.190,0.71094,0.71104,1.87,1.00
2015.05.22 05:34:37.444,0.71097,0.71105,1.00,1.00
2015.05.22 05:34:37.973,0.71096,0.71105,1.12,1.50
2015.05.22 05:34:39.330,0.71095,0.71102,1.00,1.00
2015.05.22 05:34:42.622,0.71096,0.71102,1.00,1.00
2015.05.22 05:34:43.153,0.71096,0.71105,1.00,4.12
2015.05.22 05:34:55.887,0.71095,0.71105,1.00,4.87
2015.05.22 05:34:56.982,0.71095,0.71104,1.12,1.87
2015.05.22 05:34:58.370,0.71097,0.71104,1.00,1.87
2015.05.22 05:34:58.421,0.71097,0.71105,1.00,1.00
2015.05.22 05:34:59.027,0.71096,0.71106,1.00,1.87
2015.05.22 05:34:59.383,0.71098,0.71106,1.00,1.50
2015.05.22 05:35:10.599,0.71096,0.71107,2.62,3.00
2015.05.22 05:35:13.214,0.71097,0.71106,1.12,1.00
2015.05.22 05:35:14.644,0.71097,0.71107,1.87,1.50
2015.05.22 05:35:19.135,0.71096,0.71106,3.37,1.00
2015.05.22 05:35:19.441,0.71097,0.71107,1.00,4.50
2015.05.22 05:35:19.595,0.71094,0.71103,1.50,1.00
2015.05.22 05:35:20.199,0.71093,0.71103,1.50,1.87
2015.05.22 05:35:20.505,0.71098,0.71104,1.00,1.00
2015.05.22 05:35:21.016,0.71098,0.71105,1.00,1.87
2015.05.22 05:35:24.133,0.71096,0.71107,1.00,2.62
2015.05.22 05:35:24.989,0.71097,0.71107,1.00,2.25
2015.05.22 05:35:30.616,0.71096,0.71107,1.12,2.62
2015.05.22 05:35:31.124,0.71097,0.71107,1.00,3.00
2015.05.22 05:35:34.964,0.71098,0.71108,1.00,3.00
2015.05.22 05:35:35.491,0.71098,0.71106,1.00,1.00
2015.05.22 05:35:40.709,0.71096,0.71106,1.87,1.50
2015.05.22 05:35:57.708,0.71095,0.71106,1.50,1.50
2015.05.22 05:35:59.270,0.71095,0.71106,1.87,1.12
2015.05.22 05:36:00.624,0.71097,0.71107,1.00,1.87
2015.05.22 05:36:00.829,0.71099,0.71107,1.00,1.00
2015.05.22 05:36:01.330,0.71097,0.71107,2.25,1.00
2015.05.22 05:36:03.966,0.71098,0.71107,1.00,1.87
2015.05.22 05:36:04.573,0.71097,0.71107,1.50,1.87
2015.05.22 05:36:07.880,0.71097,0.71105,1.50,1.00
2015.05.22 05:36:12.576,0.71098,0.71107,1.00,1.87
2015.05.22 05:36:12.973,0.71099,0.71108,1.00,1.12
2015.05.22 05:36:13.492,0.711,0.71109,1.00,2.25
2015.05.22 05:36:14.012,0.71101,0.71109,1.00,1.00
2015.05.22 05:36:14.065,0.71101,0.71107,1.00,1.00
2015.05.22 05:36:14.117,0.71099,0.71107,1.00,1.00
2015.05.22 05:36:14.372,0.71097,0.71107,1.12,1.00
2015.05.22 05:36:14.882,0.71097,0.71106,1.00,1.50
2015.05.22 05:36:15.390,0.71096,0.71105,1.12,1.50
2015.05.22 05:36:18.028,0.71095,0.71105,1.12,1.50
2015.05.22 05:36:18.564,0.71096,0.71105,1.00,1.00
2015.05.22 05:36:20.017,0.71094,0.71105,1.87,1.00
2015.05.22 05:36:20.675,0.71096,0.71105,1.00,1.00
2015.05.22 05:36:21.752,0.71098,0.71105,1.00,1.00
2015.05.22 05:36:22.260,0.71097,0.71106,1.00,1.50
2015.05.22 05:36:23.231,0.71097,0.71107,1.50,1.00
2015.05.22 05:36:23.840,0.71098,0.71107,1.00,1.00
2015.05.22 05:36:25.192,0.71098,0.71106,1.00,2.25
2015.05.22 05:36:27.270,0.71097,0.71106,1.50,1.00
2015.05.22 05:36:27.804,0.71098,0.71106,1.00,1.00
2015.05.22 05:36:28.414,0.71097,0.71106,1.50,1.00
2015.05.22 05:36:30.126,0.71097,0.71105,1.00,1.00
2015.05.22 05:36:30.784,0.71095,0.71105,1.37,1.50
2015.05.22 05:36:31.296,0.71097,0.71106,1.00,1.12
2015.05.22 05:36:32.152,0.71097,0.71107,1.00,1.50
2015.05.22 05:36:33.934,0.71098,0.71107,1.00,1.50
2015.05.22 05:36:34.466,0.71098,0.71106,1.00,1.00
2015.05.22 05:36:35.586,0.71097,0.71106,1.12,1.00
2015.05.22 05:36:37.042,0.71097,0.71107,1.12,1.87
2015.05.22 05:36:40.593,0.71098,0.71107,1.00,1.50
2015.05.22 05:36:46.396,0.71098,0.71108,1.12,1.87
2015.05.22 05:36:48.844,0.71098,0.71109,1.00,2.25
2015.05.22 05:36:53.061,0.71098,0.71107,1.00,1.00
2015.05.22 05:37:11.791,0.71098,0.71108,1.12,1.12
2015.05.22 05:37:18.337,0.71098,0.71109,1.12,2.25
2015.05.22 05:37:21.142,0.71098,0.71108,1.00,1.12
2015.05.22 05:37:21.448,0.71097,0.71105,1.00,1.00
2015.05.22 05:37:23.166,0.71095,0.71106,1.37,1.87
2015.05.22 05:37:24.150,0.71095,0.71106,1.12,1.87
2015.05.22 05:37:44.302,0.71095,0.71106,1.37,2.62
2015.05.22 05:37:50.005,0.71097,0.71106,1.00,1.12
2015.05.22 05:37:50.515,0.71097,0.71107,1.00,1.00
2015.05.22 05:37:55.033,0.71097,0.71108,1.00,4.50
2015.05.22 05:37:56.110,0.71097,0.71107,1.00,1.00
2015.05.22 05:37:56.366,0.71095,0.71106,1.00,1.00
2015.05.22 05:37:56.877,0.71094,0.71106,1.87,1.50
2015.05.22 05:37:57.304,0.71097,0.71106,1.00,1.00
2015.05.22 05:37:57.895,0.71096,0.71106,1.00,1.00
2015.05.22 05:37:58.404,0.71096,0.71107,1.00,5.25
2015.05.22 05:37:58.727,0.71094,0.71105,1.00,2.25
2015.05.22 05:38:01.068,0.71094,0.71103,1.00,1.00
2015.05.22 05:38:02.911,0.71093,0.71103,1.50,1.00
2015.05.22 05:38:07.760,0.71094,0.71103,1.00,1.50
2015.05.22 05:38:11.362,0.71091,0.71103,1.50,2.25
2015.05.22 05:38:11.465,0.71091,0.71101,1.00,1.50
2015.05.22 05:38:12.381,0.7109,0.71099,1.50,1.00
2015.05.22 05:38:13.081,0.7109,0.71101,1.50,2.25
2015.05.22 05:38:13.132,0.71094,0.71101,1.00,1.00
2015.05.22 05:38:13.642,0.71093,0.71102,1.00,1.00
2015.05.22 05:38:17.468,0.71094,0.71102,1.00,1.00
2015.05.22 05:38:18.205,0.71093,0.71103,1.50,1.12
2015.05.22 05:38:18.511,0.71093,0.71101,1.00,1.50
2015.05.22 05:38:19.044,0.71093,0.711,1.00,1.00
2015.05.22 05:38:20.654,0.71092,0.711,1.00,1.00
2015.05.22 05:38:42.051,0.71092,0.71101,1.12,1.00
2015.05.22 05:38:47.980,0.71093,0.71101,1.00,1.00
2015.05.22 05:38:48.406,0.71094,0.71104,1.50,2.62
2015.05.22 05:38:48.915,0.71095,0.71104,1.00,1.00
2015.05.22 05:38:49.924,0.71096,0.71104,1.00,1.50
2015.05.22 05:38:50.450,0.71095,0.71105,1.00,1.00
2015.05.22 05:38:55.973,0.71096,0.71105,1.00,1.00
2015.05.22 05:38:59.939,0.71096,0.71106,1.00,2.25
2015.05.22 05:39:30.880,0.71096,0.71105,1.00,1.00
2015.05.22 05:39:36.546,0.71096,0.71106,1.00,3.00
2015.05.22 05:39:37.050,0.71096,0.71105,1.00,1.00
2015.05.22 05:39:37.566,0.71094,0.71105,1.87,1.00
2015.05.22 05:39:38.512,0.71094,0.71105,1.87,1.00
2015.05.22 05:39:40.129,0.71094,0.71103,1.12,1.00
2015.05.22 05:39:44.991,0.71094,0.71102,1.00,1.00
2015.05.22 05:39:45.518,0.71094,0.71103,1.00,1.00
2015.05.22 05:40:00.151,0.71094,0.71104,1.00,3.00
2015.05.22 05:40:10.435,0.71094,0.71105,1.00,1.50
2015.05.22 05:40:10.925,0.71096,0.71105,1.00,1.00
2015.05.22 05:40:11.479,0.71096,0.71106,1.00,3.37
2015.05.22 05:40:15.336,0.71095,0.71106,1.12,3.00
2015.05.22 05:40:24.048,0.71095,0.71105,1.00,1.00
2015.05.22 05:40:26.095,0.71095,0.71106,1.12,2.25
2015.05.22 05:40:26.601,0.71096,0.71105,1.00,1.00
2015.05.22 05:40:28.156,0.71095,0.71106,1.00,1.87
2015.05.22 05:40:28.715,0.71095,0.71105,1.00,1.00
2015.05.22 05:40:29.623,0.71095,0.71106,1.00,2.62
2015.05.22 05:40:30.165,0.71095,0.71105,1.00,1.00
2015.05.22 05:40:30.671,0.71095,0.71106,1.00,3.37
2015.05.22 05:40:35.963,0.71095,0.71104,1.00,1.00
2015.05.22 05:40:39.012,0.71095,0.71106,1.00,1.87
2015.05.22 05:40:42.338,0.71095,0.71104,1.00,1.00
2015.05.22 05:40:48.190,0.71096,0.71104,1.00,1.00
2015.05.22 05:40:59.135,0.71096,0.71106,1.00,1.50
2015.05.22 05:41:00.558,0.71096,0.71107,1.00,2.62
2015.05.22 05:41:06.271,0.71096,0.71106,1.00,1.00
2015.05.22 05:41:07.538,0.71096,0.71107,1.00,3.37
2015.05.22 05:41:08.130,0.71097,0.71107,1.00,2.62
2015.05.22 05:41:08.692,0.71099,0.71109,1.00,1.12
2015.05.22 05:41:08.751,0.71097,0.71109,2.25,1.12
2015.05.22 05:41:08.802,0.71097,0.71107,2.25,1.00
2015.05.22 05:41:08.904,0.71097,0.71109,1.87,1.50
2015.05.22 05:41:09.057,0.71098,0.71111,1.00,5.25
2015.05.22 05:41:09.159,0.71099,0.71109,1.00,1.00
2015.05.22 05:41:09.363,0.71099,0.71111,1.87,1.50
2015.05.22 05:41:09.899,0.71098,0.7111,1.00,1.50
2015.05.22 05:41:10.408,0.71099,0.71109,1.00,1.00
2015.05.22 05:41:11.251,0.71099,0.7111,1.00,1.00
2015.05.22 05:41:11.762,0.71099,0.71111,1.00,4.87
2015.05.22 05:41:12.291,0.71099,0.7111,1.00,1.00
2015.05.22 05:41:12.809,0.71099,0.71111,1.00,4.12
2015.05.22 05:41:12.861,0.71101,0.71111,1.00,2.62
2015.05.22 05:41:13.168,0.71104,0.71114,1.00,1.87
2015.05.22 05:41:13.841,0.71105,0.71114,1.00,1.37
2015.05.22 05:41:18.891,0.71105,0.71114,1.00,1.00
2015.05.22 05:41:20.098,0.71103,0.71113,1.50,1.50
2015.05.22 05:41:20.150,0.71103,0.71111,1.50,1.00
2015.05.22 05:41:20.406,0.71101,0.71112,1.00,1.12
2015.05.22 05:41:20.964,0.71102,0.71113,1.00,1.50
2015.05.22 05:41:21.503,0.71101,0.71114,3.37,1.50
2015.05.22 05:41:22.965,0.71104,0.71115,1.00,3.75
2015.05.22 05:41:23.475,0.71105,0.71114,1.00,1.12
2015.05.22 05:41:26.528,0.71104,0.71115,1.00,3.00
2015.05.22 05:41:27.444,0.71104,0.71111,1.00,1.00
2015.05.22 05:41:27.706,0.71099,0.7111,1.12,1.00
2015.05.22 05:41:27.808,0.71097,0.71109,1.87,1.12
2015.05.22 05:41:27.859,0.71099,0.71109,1.00,1.12
2015.05.22 05:41:27.961,0.71096,0.71107,2.25,1.00
2015.05.22 05:41:28.165,0.71096,0.71105,1.00,1.00
2015.05.22 05:41:28.369,0.71094,0.71105,1.12,1.50
2015.05.22 05:41:28.964,0.71094,0.71106,1.87,1.00
2015.05.22 05:41:29.229,0.71095,0.71108,2.62,1.50
2015.05.22 05:41:29.281,0.71097,0.71108,1.00,2.25
2015.05.22 05:41:29.960,0.71095,0.71106,2.62,1.00
2015.05.22 05:41:34.529,0.71095,0.71107,1.87,2.25
2015.05.22 05:41:34.834,0.71097,0.71107,1.00,1.00
2015.05.22 05:41:35.691,0.71098,0.71108,1.00,1.37
2015.05.22 05:41:36.148,0.71098,0.7111,1.00,3.75
2015.05.22 05:41:37.836,0.711,0.71109,1.00,1.00
2015.05.22 05:41:38.042,0.711,0.71111,1.87,1.50
2015.05.22 05:41:38.631,0.71099,0.71111,2.25,1.12
2015.05.22 05:41:39.001,0.71101,0.71112,1.00,1.37
2015.05.22 05:41:39.882,0.71101,0.71112,1.00,1.12
2015.05.22 05:41:40.663,0.711,0.71112,1.50,1.12
2015.05.22 05:41:46.740,0.711,0.71112,1.87,2.62
2015.05.22 05:41:48.901,0.711,0.71112,1.50,1.50
2015.05.22 05:41:50.347,0.711,0.7111,1.50,1.00
2015.05.22 05:41:50.864,0.711,0.71111,1.00,1.00
2015.05.22 05:41:51.390,0.71099,0.71112,2.25,2.62
2015.05.22 05:41:51.937,0.71099,0.71112,2.62,2.62
2015.05.22 05:41:57.083,0.71101,0.71112,1.00,1.37
2015.05.22 05:41:57.772,0.71101,0.71113,1.00,2.62
2015.05.22 05:41:58.489,0.71101,0.71113,1.87,1.50
2015.05.22 05:41:58.796,0.71103,0.71112,1.00,1.00
2015.05.22 05:42:00.905,0.711,0.71111,2.62,1.00
2015.05.22 05:42:01.419,0.71101,0.71112,1.00,2.25
2015.05.22 05:42:05.979,0.711,0.71112,1.50,1.50
2015.05.22 05:42:06.030,0.711,0.7111,1.00,1.00
2015.05.22 05:42:06.339,0.71097,0.71108,1.50,1.00
2015.05.22 05:42:06.881,0.71097,0.71107,1.00,1.00
2015.05.22 05:42:07.415,0.71097,0.71108,1.00,1.50
2015.05.22 05:42:10.251,0.71096,0.71107,1.00,1.00
2015.05.22 05:42:14.851,0.71097,0.71107,1.00,1.12
2015.05.22 05:42:15.768,0.71096,0.71107,1.00,1.50
2015.05.22 05:42:17.429,0.71096,0.71106,1.00,1.00
2015.05.22 05:42:20.972,0.71095,0.71106,1.12,2.25
2015.05.22 05:42:21.076,0.71097,0.71106,1.00,3.00
2015.05.22 05:42:21.736,0.71094,0.71104,1.37,1.00
2015.05.22 05:42:21.839,0.71093,0.71103,1.00,1.00
2015.05.22 05:42:22.197,0.71091,0.71103,1.12,1.50
2015.05.22 05:42:22.908,0.71092,0.71103,1.00,1.00
2015.05.22 05:42:23.485,0.71094,0.71104,1.00,1.00
2015.05.22 05:42:24.270,0.71094,0.71105,1.00,2.25
2015.05.22 05:42:24.609,0.71096,0.71105,1.00,3.00
2015.05.22 05:42:28.834,0.71096,0.71106,1.00,3.00
2015.05.22 05:42:34.029,0.71095,0.71104,1.12,1.00
2015.05.22 05:42:34.284,0.71092,0.71102,1.00,1.00
2015.05.22 05:42:35.225,0.71092,0.71103,1.50,2.25
2015.05.22 05:42:35.735,0.71092,0.71102,1.50,1.00
2015.05.22 05:42:36.877,0.71091,0.71102,2.25,1.50
2015.05.22 05:42:37.387,0.71091,0.71101,2.25,1.00
2015.05.22 05:42:47.696,0.71091,0.71102,2.25,1.00
2015.05.22 05:42:54.055,0.71091,0.71101,2.62,1.00
2015.05.22 05:42:55.526,0.7109,0.711,1.87,1.00
2015.05.22 05:43:13.518,0.7109,0.71099,1.37,1.00
2015.05.22 05:43:17.072,0.71089,0.711,2.62,1.50
2015.05.22 05:43:17.596,0.71089,0.71099,2.62,1.00
2015.05.22 05:43:18.106,0.71091,0.711,1.12,1.00
2015.05.22 05:43:19.128,0.71091,0.71101,1.12,1.87
2015.05.22 05:43:20.019,0.71092,0.71101,1.00,1.00
2015.05.22 05:43:20.172,0.71094,0.71102,1.00,1.00
2015.05.22 05:43:20.223,0.71094,0.71105,1.12,3.00
2015.05.22 05:43:20.749,0.71095,0.71105,1.00,1.00
2015.05.22 05:43:28.693,0.71097,0.71105,1.00,1.00
2015.05.22 05:43:29.378,0.71097,0.71106,1.00,1.00
2015.05.22 05:43:33.416,0.71097,0.71107,2.62,1.12
2015.05.22 05:43:35.664,0.71097,0.71106,2.62,1.00
2015.05.22 05:43:40.718,0.71098,0.71106,1.00,1.00
2015.05.22 05:43:41.214,0.711,0.71108,1.00,1.37
2015.05.22 05:43:41.496,0.711,0.71109,1.00,2.25
2015.05.22 05:43:45.796,0.71099,0.71109,1.00,2.25
2015.05.22 05:43:55.100,0.71099,0.71108,1.37,1.00
2015.05.22 05:43:55.354,0.71099,0.7111,1.37,1.50
2015.05.22 05:43:55.925,0.71101,0.7111,1.00,1.00
2015.05.22 05:43:59.438,0.71099,0.7111,1.87,1.00
2015.05.22 05:43:59.752,0.71099,0.71108,1.12,1.00
2015.05.22 05:44:00.276,0.71098,0.71108,1.50,1.50
2015.05.22 05:44:01.918,0.71099,0.71107,1.00,1.00
2015.05.22 05:44:15.846,0.71097,0.71108,1.87,1.50
2015.05.22 05:44:23.050,0.71098,0.71106,1.00,1.00
2015.05.22 05:44:24.280,0.71097,0.71107,1.50,1.50
2015.05.22 05:44:24.827,0.71097,0.71106,1.50,1.00
2015.05.22 05:44:26.876,0.71097,0.71105,1.50,1.00
2015.05.22 05:44:29.008,0.71097,0.71106,1.50,1.00
2015.05.22 05:44:29.727,0.71097,0.71107,2.25,1.50
2015.05.22 05:44:30.874,0.71097,0.71106,2.25,1.00
2015.05.22 05:44:32.186,0.71095,0.71105,1.50,1.50
2015.05.22 05:44:32.391,0.71095,0.71103,1.00,1.00
2015.05.22 05:44:32.595,0.71092,0.71104,2.62,1.00
2015.05.22 05:44:33.185,0.71092,0.71103,1.87,1.00
2015.05.22 05:44:34.560,0.71092,0.71102,1.87,1.00
2015.05.22 05:44:34.813,0.71094,0.71102,1.00,1.00
2015.05.22 05:44:35.071,0.71092,0.71102,1.87,1.00
2015.05.22 05:44:35.946,0.71092,0.71103,1.12,1.50
2015.05.22 05:44:36.473,0.71091,0.71103,1.87,2.25
2015.05.22 05:44:38.429,0.71091,0.71103,1.87,2.25
2015.05.22 05:44:40.415,0.71091,0.71103,1.87,2.62
2015.05.22 05:44:45.309,0.71091,0.71102,1.87,1.00
2015.05.22 05:44:52.947,0.71091,0.71103,1.50,1.87
2015.05.22 05:44:52.998,0.71093,0.71103,1.00,2.62
2015.05.22 05:44:54.517,0.71093,0.71102,1.00,1.00
2015.05.22 05:44:55.037,0.71093,0.71103,1.00,2.25
2015.05.22 05:45:00.207,0.71093,0.71102,1.00,1.00
2015.05.22 05:45:11.256,0.71093,0.71101,1.00,1.00
2015.05.22 05:45:18.576,0.71091,0.71101,1.12,1.00
2015.05.22 05:45:19.086,0.71091,0.711,1.12,1.00
2015.05.22 05:45:24.527,0.71091,0.71101,1.00,1.00
2015.05.22 05:45:31.459,0.71091,0.711,1.00,1.00
2015.05.22 05:45:44.987,0.71089,0.71098,1.50,1.00
2015.05.22 05:45:45.292,0.71091,0.71098,1.00,1.00
2015.05.22 05:45:45.977,0.71091,0.711,1.00,1.00
2015.05.22 05:45:46.450,0.71089,0.71098,1.00,2.25
2015.05.22 05:45:46.657,0.71086,0.71096,1.00,1.00
2015.05.22 05:45:47.368,0.71087,0.71096,1.00,1.00
2015.05.22 05:45:47.926,0.71085,0.71096,1.87,1.50
2015.05.22 05:45:47.979,0.71083,0.71093,2.25,1.00
2015.05.22 05:45:48.491,0.71083,0.71094,1.50,1.00
2015.05.22 05:45:49.087,0.71083,0.71093,1.50,1.00
2015.05.22 05:45:49.753,0.71084,0.71094,1.00,1.00
2015.05.22 05:45:50.329,0.71081,0.71091,1.00,1.00
2015.05.22 05:45:50.483,0.71077,0.7109,1.50,3.37
2015.05.22 05:45:50.993,0.71077,0.71087,1.00,1.00
2015.05.22 05:45:51.542,0.71077,0.71086,1.00,1.00
2015.05.22 05:45:51.898,0.71075,0.71085,1.00,1.00
2015.05.22 05:45:52.103,0.71073,0.71083,1.50,1.00
2015.05.22 05:45:52.479,0.71071,0.71081,1.50,1.12
2015.05.22 05:45:52.683,0.71069,0.7108,1.00,1.00
2015.05.22 05:45:53.191,0.7107,0.71081,1.00,1.50
2015.05.22 05:45:53.734,0.71069,0.7108,1.00,1.50
2015.05.22 05:45:54.091,0.71071,0.7108,1.00,1.00
2015.05.22 05:45:54.244,0.71072,0.71082,1.00,1.00
2015.05.22 05:45:54.741,0.71074,0.71083,1.50,1.50
2015.05.22 05:45:54.843,0.71074,0.71085,1.50,1.87
2015.05.22 05:45:55.354,0.71073,0.71085,1.50,3.37
2015.05.22 05:45:56.220,0.71073,0.71085,1.50,3.37
2015.05.22 05:45:56.731,0.71074,0.71085,1.00,3.37
2015.05.22 05:45:57.959,0.71073,0.71085,1.50,3.37
2015.05.22 05:45:58.469,0.71074,0.71085,1.00,2.62
2015.05.22 05:45:58.988,0.71073,0.71085,1.50,2.62
2015.05.22 05:45:59.786,0.71074,0.71085,1.00,2.62
2015.05.22 05:46:01.049,0.71073,0.71084,2.25,1.00
2015.05.22 05:46:01.515,0.71077,0.71084,1.00,1.00
2015.05.22 05:46:01.617,0.71077,0.71087,1.50,1.00
2015.05.22 05:46:01.669,0.71077,0.71089,3.00,3.00
2015.05.22 05:46:02.179,0.71078,0.71088,1.00,1.00
2015.05.22 05:46:02.230,0.71077,0.71087,2.25,1.37
2015.05.22 05:46:02.604,0.71071,0.71082,1.00,1.00
2015.05.22 05:46:02.763,0.71072,0.71085,1.50,1.12
2015.05.22 05:46:02.967,0.71075,0.71086,1.00,1.50
2015.05.22 05:46:03.171,0.71075,0.71087,1.50,1.50
2015.05.22 05:46:04.045,0.71076,0.71088,1.50,1.50
2015.05.22 05:46:04.106,0.71076,0.71086,1.00,1.00
2015.05.22 05:46:04.412,0.71073,0.71082,1.50,1.00
2015.05.22 05:46:04.669,0.71073,0.71084,1.00,1.50
2015.05.22 05:46:05.196,0.71073,0.71083,1.00,1.00
2015.05.22 05:46:05.709,0.71073,0.71082,1.00,1.00
2015.05.22 05:46:06.563,0.71069,0.7108,1.00,1.00
2015.05.22 05:46:07.073,0.7107,0.7108,1.12,1.50
2015.05.22 05:46:07.890,0.71069,0.7108,3.00,1.50
2015.05.22 05:46:07.993,0.71071,0.7108,1.00,1.00
2015.05.22 05:46:08.401,0.71071,0.71082,1.50,1.12
2015.05.22 05:46:08.556,0.71074,0.71083,1.00,1.50
2015.05.22 05:46:09.064,0.71075,0.71084,1.00,1.00
2015.05.22 05:46:09.573,0.71076,0.71085,1.00,1.50
2015.05.22 05:46:10.097,0.71075,0.71085,2.25,1.50
2015.05.22 05:46:10.607,0.71074,0.71085,1.00,1.87
2015.05.22 05:46:10.914,0.71077,0.71085,1.00,1.87
2015.05.22 05:46:11.016,0.71075,0.71085,1.50,1.87
2015.05.22 05:46:12.926,0.71076,0.71085,1.00,1.50
2015.05.22 05:46:14.916,0.71077,0.71085,1.00,1.00
2015.05.22 05:46:17.309,0.71077,0.71086,1.00,2.62
2015.05.22 05:46:17.830,0.71076,0.71085,1.00,1.00
2015.05.22 05:46:17.983,0.71074,0.71085,2.62,1.50
2015.05.22 05:46:18.687,0.71073,0.71084,1.00,2.62
2015.05.22 05:46:18.738,0.71072,0.71082,1.50,1.00
2015.05.22 05:46:19.048,0.71067,0.71077,1.50,1.87
2015.05.22 05:46:20.018,0.71065,0.71076,1.00,1.00
2015.05.22 05:46:20.530,0.71065,0.71075,1.00,1.00
2015.05.22 05:46:21.290,0.71064,0.71075,1.50,1.00
2015.05.22 05:46:24.357,0.71065,0.71074,2.25,1.00
2015.05.22 05:46:24.974,0.71065,0.71076,3.00,1.00
2015.05.22 05:46:25.485,0.71064,0.71075,1.87,1.50
2015.05.22 05:46:25.793,0.71064,0.71075,1.37,1.00
2015.05.22 05:46:25.853,0.71065,0.71077,1.37,1.50
2015.05.22 05:46:26.006,0.71067,0.71079,1.50,2.62
2015.05.22 05:46:26.515,0.71066,0.71079,2.25,4.12
2015.05.22 05:46:27.026,0.71066,0.71078,1.00,1.50
2015.05.22 05:46:29.004,0.71065,0.71077,1.50,1.00
2015.05.22 05:46:29.963,0.71065,0.71075,1.00,1.00
2015.05.22 05:46:31.158,0.71065,0.71076,1.50,1.50
2015.05.22 05:46:32.322,0.71065,0.71075,1.00,1.00
2015.05.22 05:46:33.204,0.71065,0.71076,1.50,1.50
2015.05.22 05:46:34.884,0.71066,0.71077,1.00,1.37
2015.05.22 05:46:35.089,0.71066,0.71078,1.50,1.87
2015.05.22 05:46:35.757,0.71067,0.71078,1.00,1.87
2015.05.22 05:46:36.985,0.71066,0.71078,2.25,1.12
2015.05.22 05:46:37.087,0.71069,0.71078,1.00,1.00
2015.05.22 05:46:37.629,0.7107,0.71081,1.00,3.37
2015.05.22 05:46:38.120,0.7107,0.71081,1.00,3.00
2015.05.22 05:46:38.274,0.71073,0.71081,1.00,2.25
2015.05.22 05:46:38.377,0.71071,0.71081,1.50,1.00
2015.05.22 05:46:38.479,0.71078,0.71082,1.00,1.50
2015.05.22 05:46:38.531,0.71078,0.71083,1.00,1.00
2015.05.22 05:46:38.582,0.71078,0.71085,1.00,1.00
2015.05.22 05:46:39.108,0.71077,0.71086,1.00,1.12
2015.05.22 05:46:40.078,0.71076,0.71087,1.50,1.00
2015.05.22 05:46:40.371,0.7108,0.71087,1.00,1.00
2015.05.22 05:46:40.423,0.7108,0.71089,1.50,1.00
2015.05.22 05:46:40.527,0.71084,0.71091,1.00,2.25
2015.05.22 05:46:40.683,0.71083,0.71094,1.00,1.37
2015.05.22 05:46:41.020,0.71081,0.71094,3.00,1.87
2015.05.22 05:46:41.722,0.7108,0.71093,1.00,1.00
2015.05.22 05:46:42.249,0.71081,0.71093,1.00,1.00
2015.05.22 05:46:42.697,0.71084,0.71093,1.00,1.50
2015.05.22 05:46:43.222,0.71082,0.71094,1.00,2.25
2015.05.22 05:46:43.747,0.71083,0.71093,1.00,1.00
2015.05.22 05:46:43.799,0.71086,0.71094,1.00,1.50
2015.05.22 05:46:43.952,0.71085,0.71097,1.00,2.62
2015.05.22 05:46:44.610,0.71086,0.71097,1.50,1.12
2015.05.22 05:46:45.115,0.71087,0.71097,1.00,1.12
2015.05.22 05:46:51.050,0.71086,0.71095,1.00,1.00
2015.05.22 05:46:51.407,0.71085,0.71097,3.37,1.12
2015.05.22 05:46:52.221,0.71085,0.71098,2.25,1.12
2015.05.22 05:46:52.830,0.71086,0.71098,1.00,1.12
2015.05.22 05:46:53.410,0.71087,0.71098,1.00,1.50
2015.05.22 05:46:53.774,0.71085,0.71098,3.00,1.00
2015.05.22 05:46:54.736,0.71086,0.71098,1.00,2.25
2015.05.22 05:46:55.246,0.71086,0.71097,1.00,1.00
2015.05.22 05:46:55.756,0.71085,0.71097,1.00,1.00
2015.05.22 05:47:03.623,0.71085,0.71096,1.00,1.00
2015.05.22 05:47:12.307,0.71085,0.71097,1.00,2.62
2015.05.22 05:47:12.817,0.71085,0.71097,1.00,1.87
2015.05.22 05:47:13.969,0.71085,0.71095,1.50,1.00
2015.05.22 05:47:14.122,0.71083,0.71095,1.87,1.00
2015.05.22 05:47:14.983,0.71088,0.71097,1.00,1.37
2015.05.22 05:47:15.239,0.71086,0.71097,1.87,1.00
2015.05.22 05:47:15.773,0.71085,0.71097,1.00,1.50
2015.05.22 05:47:16.296,0.71084,0.71097,2.62,1.50
2015.05.22 05:47:17.890,0.71086,0.71097,1.00,1.50
2015.05.22 05:47:18.438,0.71087,0.71098,2.25,1.00
2015.05.22 05:47:19.275,0.7109,0.71099,1.00,1.00
2015.05.22 05:47:19.802,0.71089,0.711,2.25,2.25
2015.05.22 05:47:22.165,0.71089,0.71097,1.50,1.00
2015.05.22 05:47:22.742,0.71086,0.71097,1.12,1.50
2015.05.22 05:47:23.633,0.71086,0.71096,1.00,1.00
2015.05.22 05:47:24.144,0.71086,0.71097,1.00,1.50
2015.05.22 05:47:24.672,0.71086,0.71096,1.00,1.00
2015.05.22 05:47:27.204,0.71089,0.71098,1.00,1.50
2015.05.22 05:47:29.969,0.71089,0.71097,1.50,1.00
2015.05.22 05:47:30.477,0.71088,0.71097,1.00,1.50
2015.05.22 05:47:30.854,0.71088,0.71099,1.00,3.00
2015.05.22 05:47:31.113,0.7109,0.71099,1.00,1.00
2015.05.22 05:47:31.267,0.7109,0.71101,1.00,1.00
2015.05.22 05:47:31.471,0.71088,0.71102,2.62,3.37
2015.05.22 05:47:31.932,0.71088,0.71101,2.62,1.37
2015.05.22 05:47:32.666,0.71088,0.71099,1.12,1.50
2015.05.22 05:47:32.990,0.71088,0.71097,1.50,1.00
2015.05.22 05:47:39.498,0.71087,0.71095,1.00,1.00
2015.05.22 05:47:40.006,0.71086,0.71095,1.00,1.00
2015.05.22 05:47:41.375,0.71086,0.71095,1.00,1.37
2015.05.22 05:47:42.960,0.71086,0.71095,1.50,1.37
2015.05.22 05:47:43.469,0.71087,0.71095,1.00,1.37
2015.05.22 05:47:43.775,0.71087,0.71095,1.00,1.37
2015.05.22 05:47:44.144,0.71087,0.71097,1.00,1.37
2015.05.22 05:47:50.589,0.71087,0.71098,1.00,2.62
2015.05.22 05:47:51.545,0.71087,0.71098,1.00,2.62
2015.05.22 05:47:52.596,0.71087,0.71098,1.00,1.87
2015.05.22 05:47:54.566,0.71087,0.71098,1.00,1.87
2015.05.22 05:47:56.695,0.71088,0.71098,1.00,1.87
2015.05.22 05:47:57.209,0.71089,0.71099,1.00,1.87
2015.05.22 05:47:57.799,0.71089,0.71099,1.00,1.37
2015.05.22 05:47:58.606,0.71089,0.71099,1.00,1.87
2015.05.22 05:48:00.634,0.71088,0.71096,1.00,1.00
2015.05.22 05:48:05.354,0.71088,0.71097,1.50,1.00
2015.05.22 05:48:05.880,0.71088,0.71098,1.50,1.12
2015.05.22 05:48:06.389,0.71089,0.71098,1.00,1.12
2015.05.22 05:48:11.161,0.71091,0.71098,1.00,1.12
2015.05.22 05:48:11.715,0.71091,0.71098,1.00,1.37
2015.05.22 05:48:12.218,0.71091,0.71098,1.00,1.37
2015.05.22 05:48:12.483,0.71089,0.71099,1.00,1.87
2015.05.22 05:48:13.720,0.71087,0.71097,2.25,1.37
2015.05.22 05:48:14.299,0.71086,0.71096,1.50,1.50
2015.05.22 05:48:14.802,0.71087,0.71097,1.00,1.75
2015.05.22 05:48:16.251,0.71086,0.71096,1.50,1.50
2015.05.22 05:48:21.334,0.71086,0.71096,1.00,1.37
2015.05.22 05:48:22.975,0.71087,0.71097,1.00,1.37
2015.05.22 05:48:23.880,0.71087,0.71097,1.00,1.37
2015.05.22 05:48:24.441,0.71087,0.71097,1.00,1.37
2015.05.22 05:48:24.951,0.71086,0.71097,2.25,1.37
2015.05.22 05:48:25.467,0.71086,0.71097,2.25,1.37
2015.05.22 05:48:26.452,0.71086,0.71097,2.25,1.37
2015.05.22 05:48:27.289,0.71089,0.71098,1.00,3.37
2015.05.22 05:48:28.473,0.71089,0.71097,1.00,1.12
2015.05.22 05:48:30.661,0.71089,0.71096,1.00,1.00
2015.05.22 05:48:31.321,0.71088,0.71096,1.00,1.00
2015.05.22 05:48:35.736,0.71089,0.71096,1.00,1.12
2015.05.22 05:48:50.220,0.71089,0.71099,1.00,1.37
2015.05.22 05:48:50.738,0.7109,0.71099,1.00,1.37
2015.05.22 05:48:51.510,0.7109,0.71099,1.00,1.37
2015.05.22 05:48:53.590,0.71089,0.71099,2.25,1.37
2015.05.22 05:48:54.115,0.7109,0.711,1.00,1.87
2015.05.22 05:48:55.275,0.71089,0.71101,2.25,1.87
2015.05.22 05:48:58.151,0.7109,0.711,1.00,1.87
2015.05.22 05:48:59.612,0.71089,0.71099,1.50,1.37
2015.05.22 05:49:00.238,0.71088,0.71097,1.00,1.37
2015.05.22 05:49:01.929,0.71088,0.71097,1.00,1.00
2015.05.22 05:49:02.440,0.71089,0.71099,1.00,1.37
2015.05.22 05:49:03.037,0.71089,0.71099,1.00,1.12
2015.05.22 05:49:08.033,0.71089,0.71099,1.50,1.37
2015.05.22 05:49:09.029,0.71089,0.71099,1.50,1.12
2015.05.22 05:49:11.226,0.71089,0.71098,1.50,1.00
2015.05.22 05:49:11.744,0.71089,0.71099,1.50,1.12
2015.05.22 05:49:12.316,0.71089,0.71099,1.50,1.37
2015.05.22 05:49:13.182,0.71089,0.71099,1.50,1.12
2015.05.22 05:49:17.191,0.71089,0.71099,1.50,1.37
2015.05.22 05:49:20.019,0.71091,0.71099,1.00,1.37
2015.05.22 05:49:20.223,0.71089,0.711,1.50,1.87
2015.05.22 05:49:20.773,0.71088,0.71099,1.00,1.87
2015.05.22 05:49:22.204,0.71087,0.71099,3.00,1.87
2015.05.22 05:49:22.722,0.71087,0.71097,3.75,1.12
2015.05.22 05:49:23.459,0.71087,0.71097,3.00,1.37
2015.05.22 05:49:24.984,0.71085,0.71098,3.00,3.37
2015.05.22 05:49:25.491,0.71086,0.71098,1.00,3.37
2015.05.22 05:49:26.310,0.71087,0.71098,1.00,3.37
2015.05.22 05:49:27.647,0.71086,0.71097,1.00,1.37
2015.05.22 05:49:28.157,0.71087,0.71097,1.00,3.37
2015.05.22 05:49:28.310,0.71085,0.71097,1.00,1.87
2015.05.22 05:49:28.739,0.71085,0.71095,1.50,1.37
2015.05.22 05:49:29.249,0.71086,0.71097,1.50,1.87
2015.05.22 05:49:29.555,0.71089,0.71097,1.00,1.37
2015.05.22 05:49:30.028,0.71089,0.71097,1.00,1.37
2015.05.22 05:49:30.817,0.71089,0.71097,1.00,1.12
2015.05.22 05:49:34.250,0.7109,0.71099,1.00,2.62
2015.05.22 05:49:35.180,0.7109,0.711,1.00,1.87
2015.05.22 05:49:35.537,0.71092,0.711,1.00,1.87
2015.05.22 05:49:35.844,0.71094,0.71102,1.00,1.37
2015.05.22 05:49:35.947,0.71092,0.71102,1.00,1.37
2015.05.22 05:49:36.202,0.71092,0.71102,1.00,1.37
2015.05.22 05:49:39.126,0.71091,0.71102,1.50,1.37
2015.05.22 05:49:41.214,0.71091,0.71102,2.25,1.37
2015.05.22 05:49:43.217,0.71091,0.71102,2.25,1.12
2015.05.22 05:49:44.220,0.71091,0.71103,2.25,1.87
2015.05.22 05:49:45.234,0.71091,0.71103,2.25,1.87
2015.05.22 05:49:46.248,0.71091,0.71103,2.25,1.87
2015.05.22 05:49:46.798,0.71092,0.71103,1.00,1.87
2015.05.22 05:49:47.640,0.71094,0.71103,1.00,1.87
2015.05.22 05:49:48.326,0.71094,0.71103,1.00,1.87
2015.05.22 05:49:49.354,0.71094,0.71103,1.00,1.87
2015.05.22 05:49:50.308,0.71094,0.71103,1.00,1.87
2015.05.22 05:49:52.361,0.71094,0.71103,1.00,1.87
2015.05.22 05:49:53.339,0.71095,0.71104,1.00,2.62
2015.05.22 05:49:53.858,0.71096,0.71104,1.00,1.87
2015.05.22 05:49:54.353,0.71096,0.71104,1.00,1.87
2015.05.22 05:49:55.323,0.71096,0.71104,1.00,1.87
2015.05.22 05:50:00.540,0.71096,0.71102,1.00,1.37
2015.05.22 05:50:00.591,0.71091,0.71102,1.50,1.37
2015.05.22 05:50:02.806,0.71092,0.71102,1.00,2.62
2015.05.22 05:50:05.579,0.71092,0.71102,1.00,2.62
2015.05.22 05:50:08.549,0.71092,0.71102,1.00,2.62
2015.05.22 05:50:09.616,0.71091,0.71102,2.25,1.87
2015.05.22 05:50:13.648,0.71092,0.71101,1.00,1.37
2015.05.22 05:50:20.391,0.71092,0.711,1.00,1.87
2015.05.22 05:50:21.173,0.71091,0.71099,1.00,1.12
2015.05.22 05:50:21.836,0.71092,0.711,1.00,1.37
2015.05.22 05:50:22.645,0.71092,0.71101,1.50,1.37
2015.05.22 05:50:23.378,0.71092,0.71101,1.00,1.12
2015.05.22 05:50:25.413,0.71092,0.71101,1.00,1.37
2015.05.22 05:50:25.931,0.71093,0.71101,1.00,1.87
2015.05.22 05:50:28.414,0.71093,0.71101,1.00,1.87
2015.05.22 05:50:31.815,0.71092,0.71101,1.50,1.12
2015.05.22 05:50:34.525,0.71092,0.71101,1.50,1.37
2015.05.22 05:50:35.501,0.71092,0.71102,1.00,1.37
2015.05.22 05:50:36.009,0.71093,0.71102,1.00,1.37
2015.05.22 05:50:36.369,0.71095,0.71102,1.00,1.37
2015.05.22 05:50:45.864,0.71092,0.71101,1.50,1.87
2015.05.22 05:50:46.421,0.71092,0.711,1.50,1.00
2015.05.22 05:50:47.573,0.71092,0.711,1.00,1.37
2015.05.22 05:50:48.300,0.71091,0.71099,1.00,1.12
2015.05.22 05:50:49.498,0.7109,0.71099,2.25,1.12
2015.05.22 05:50:50.122,0.71091,0.71099,1.00,1.12
2015.05.22 05:50:50.799,0.7109,0.71099,3.00,1.12
2015.05.22 05:50:51.804,0.7109,0.71099,2.25,1.37
2015.05.22 05:50:52.924,0.71091,0.71099,1.00,1.37
2015.05.22 05:50:53.562,0.71091,0.711,1.00,1.37
2015.05.22 05:50:54.553,0.71091,0.711,1.00,1.12
2015.05.22 05:50:55.610,0.71091,0.711,1.00,1.37
2015.05.22 05:50:59.860,0.71092,0.711,1.00,1.37
2015.05.22 05:51:00.339,0.711,0.71104,1.00,1.50
2015.05.22 05:51:00.393,0.71102,0.71109,1.00,2.25
2015.05.22 05:51:00.598,0.71104,0.71112,1.00,1.00
2015.05.22 05:51:00.807,0.71105,0.71115,1.50,1.87
2015.05.22 05:51:01.331,0.71106,0.71117,3.00,1.00
2015.05.22 05:51:01.844,0.71106,0.71116,2.25,1.12
2015.05.22 05:51:01.895,0.71106,0.71114,2.25,1.00
2015.05.22 05:51:03.366,0.71107,0.71114,1.00,1.00
2015.05.22 05:51:04.890,0.71106,0.71114,2.25,1.00
2015.05.22 05:51:05.440,0.71106,0.71114,1.00,1.37
2015.05.22 05:51:07.318,0.71106,0.71114,1.00,1.12
2015.05.22 05:51:07.831,0.71106,0.71116,1.00,1.87
2015.05.22 05:51:08.135,0.71108,0.71116,1.00,1.12
2015.05.22 05:51:09.680,0.71106,0.71118,1.00,1.37
2015.05.22 05:51:09.782,0.71106,0.71118,1.37,1.12
2015.05.22 05:51:10.088,0.7111,0.7112,1.50,1.37
2015.05.22 05:51:10.598,0.71111,0.71119,1.00,1.87
2015.05.22 05:51:11.434,0.71112,0.71121,1.00,1.87
2015.05.22 05:51:11.893,0.71111,0.71122,1.00,2.62
2015.05.22 05:51:12.479,0.71114,0.71122,1.00,2.62
2015.05.22 05:51:13.291,0.71115,0.71125,1.00,1.87
2015.05.22 05:51:13.393,0.71115,0.71125,1.00,1.87
2015.05.22 05:51:14.821,0.71115,0.71125,1.00,1.12
2015.05.22 05:51:15.051,0.71118,0.71127,1.00,1.87
2015.05.22 05:51:15.103,0.71116,0.71127,1.50,2.62
2015.05.22 05:51:15.749,0.71115,0.71126,2.25,1.37
2015.05.22 05:51:19.948,0.71115,0.71126,2.25,1.37
2015.05.22 05:51:20.948,0.71115,0.71124,2.25,1.37
2015.05.22 05:51:22.725,0.71112,0.71122,1.50,1.87
2015.05.22 05:51:23.031,0.7111,0.7112,3.00,1.00
2015.05.22 05:51:23.539,0.7111,0.71121,2.25,1.37
2015.05.22 05:51:24.162,0.71111,0.71122,1.00,2.62
2015.05.22 05:51:24.672,0.71112,0.7112,1.00,1.00
2015.05.22 05:51:26.174,0.71112,0.71122,1.00,2.62
2015.05.22 05:51:26.688,0.71113,0.71122,1.00,2.62
2015.05.22 05:51:27.515,0.71113,0.71122,1.00,1.87
2015.05.22 05:51:28.529,0.71113,0.71122,1.00,1.87
2015.05.22 05:51:29.066,0.71114,0.71124,1.00,1.37
2015.05.22 05:51:29.169,0.71115,0.71124,1.00,1.12
2015.05.22 05:51:29.679,0.71113,0.71124,1.00,1.87
2015.05.22 05:51:29.832,0.71112,0.71123,1.00,1.37
2015.05.22 05:51:30.340,0.71111,0.71123,1.50,1.87
2015.05.22 05:51:31.023,0.71111,0.71123,1.50,1.87
2015.05.22 05:51:32.144,0.71111,0.71122,1.50,1.37
2015.05.22 05:51:37.335,0.71111,0.71122,1.00,1.37
2015.05.22 05:51:39.401,0.71111,0.71122,1.00,1.37
2015.05.22 05:51:40.152,0.71111,0.71122,1.00,1.37
2015.05.22 05:51:41.611,0.71113,0.7112,1.00,1.12
2015.05.22 05:51:43.077,0.71112,0.71124,1.50,2.62
2015.05.22 05:51:43.129,0.71114,0.71124,1.00,2.62
2015.05.22 05:51:43.487,0.71114,0.71121,1.00,1.87
2015.05.22 05:51:43.591,0.71108,0.71121,1.50,4.12
2015.05.22 05:51:43.848,0.7111,0.7112,1.00,4.12
2015.05.22 05:51:44.559,0.7111,0.71119,1.00,1.37
2015.05.22 05:51:45.872,0.7111,0.7112,1.50,1.37
2015.05.22 05:51:46.412,0.71111,0.7112,1.00,1.37
2015.05.22 05:51:46.942,0.71111,0.7112,1.00,1.37
2015.05.22 05:51:47.490,0.7111,0.7112,2.25,1.37
2015.05.22 05:51:48.735,0.71114,0.7112,1.00,1.37
2015.05.22 05:51:48.786,0.71114,0.7112,1.00,1.00
2015.05.22 05:51:49.413,0.71112,0.71122,1.00,1.87
2015.05.22 05:51:49.922,0.71112,0.71122,1.00,1.87
2015.05.22 05:51:50.774,0.71111,0.71122,2.25,1.87
2015.05.22 05:51:51.663,0.7111,0.7112,2.25,1.12
2015.05.22 05:51:52.076,0.71112,0.7112,1.00,1.12
2015.05.22 05:51:52.691,0.71112,0.71122,1.00,1.37
2015.05.22 05:51:53.150,0.71116,0.71124,1.00,2.62
2015.05.22 05:51:53.524,0.71112,0.71124,2.25,1.87
2015.05.22 05:51:54.345,0.71115,0.71124,1.00,1.87
2015.05.22 05:51:55.099,0.71115,0.71124,1.00,1.37
2015.05.22 05:51:57.385,0.71113,0.71124,1.00,1.37
2015.05.22 05:51:58.204,0.71112,0.71123,1.00,1.37
2015.05.22 05:51:58.754,0.71111,0.71123,2.25,1.87
2015.05.22 05:52:01.232,0.71111,0.71123,1.50,1.37
2015.05.22 05:52:01.759,0.71112,0.71123,1.00,1.37
2015.05.22 05:52:02.264,0.71112,0.71123,1.00,1.37
2015.05.22 05:52:02.793,0.71111,0.71122,2.25,1.37
2015.05.22 05:52:03.517,0.71113,0.71122,1.00,1.87
2015.05.22 05:52:04.394,0.71112,0.71122,1.00,1.37
2015.05.22 05:52:04.917,0.71112,0.7112,1.50,1.00
2015.05.22 05:52:05.636,0.7111,0.7112,1.00,3.00
2015.05.22 05:52:06.449,0.7111,0.7112,1.00,1.87
2015.05.22 05:52:06.959,0.71111,0.7112,1.00,1.87
2015.05.22 05:52:07.426,0.71111,0.7112,1.00,1.12
2015.05.22 05:52:08.451,0.71111,0.7112,1.00,1.37
2015.05.22 05:52:08.741,0.71109,0.71119,3.00,1.12
2015.05.22 05:52:09.337,0.71109,0.71117,1.00,1.00
2015.05.22 05:52:09.599,0.71104,0.71114,1.50,1.12
2015.05.22 05:52:09.751,0.71104,0.71114,1.00,1.87
2015.05.22 05:52:10.161,0.711,0.71112,1.50,1.87
2015.05.22 05:52:10.498,0.71098,0.7111,1.87,1.87
2015.05.22 05:52:11.021,0.71099,0.7111,1.00,1.12
2015.05.22 05:52:11.072,0.71101,0.7111,1.00,1.87
2015.05.22 05:52:11.386,0.71099,0.7111,1.50,1.37
2015.05.22 05:52:11.981,0.711,0.71108,1.00,2.62
2015.05.22 05:52:12.491,0.71099,0.71108,1.00,1.12
2015.05.22 05:52:12.993,0.711,0.71108,1.00,1.12
2015.05.22 05:52:13.301,0.71103,0.71108,1.00,1.12
2015.05.22 05:52:13.352,0.71103,0.71111,1.00,1.12
2015.05.22 05:52:13.506,0.71105,0.71112,1.00,1.37
2015.05.22 05:52:13.661,0.71105,0.71114,1.00,2.62
2015.05.22 05:52:14.643,0.71105,0.71114,1.00,1.37
2015.05.22 05:52:15.377,0.71104,0.71114,1.50,1.87
2015.05.22 05:52:16.006,0.71104,0.71109,1.00,1.00
2015.05.22 05:52:16.057,0.711,0.71108,1.00,1.00
2015.05.22 05:52:16.670,0.71097,0.71108,1.50,1.12
2015.05.22 05:52:17.344,0.71097,0.71107,1.00,1.00
2015.05.22 05:52:17.888,0.71097,0.71108,1.50,1.12
2015.05.22 05:52:21.732,0.71098,0.71108,1.00,1.00
2015.05.22 05:52:22.242,0.71099,0.71109,1.50,1.87
2015.05.22 05:52:24.328,0.711,0.71109,1.00,1.00
2015.05.22 05:52:25.948,0.711,0.7111,1.00,2.25
2015.05.22 05:52:26.837,0.71101,0.7111,1.00,2.25
2015.05.22 05:52:28.530,0.71102,0.7111,1.00,2.62
2015.05.22 05:52:29.060,0.71101,0.7111,1.00,1.00
2015.05.22 05:52:29.213,0.71104,0.71112,1.00,1.87
2015.05.22 05:52:29.790,0.711,0.71109,2.25,1.00
2015.05.22 05:52:30.633,0.71101,0.71109,1.00,1.00
2015.05.22 05:52:31.785,0.71101,0.71111,1.00,1.12
2015.05.22 05:52:32.967,0.71101,0.71111,1.00,1.37
2015.05.22 05:52:37.045,0.71102,0.71111,1.00,1.87
2015.05.22 05:52:37.895,0.71102,0.71111,1.00,1.87
2015.05.22 05:52:38.898,0.71102,0.71111,1.00,1.87
2015.05.22 05:52:43.653,0.71101,0.71111,1.00,1.87
2015.05.22 05:52:44.171,0.71101,0.71111,1.00,1.87
2015.05.22 05:52:46.833,0.71102,0.71111,1.00,1.87
2015.05.22 05:52:48.042,0.71101,0.71111,1.00,1.87
2015.05.22 05:52:48.551,0.71102,0.71111,1.00,1.87
2015.05.22 05:52:49.479,0.71101,0.71111,1.00,1.87
2015.05.22 05:52:50.932,0.71101,0.71111,1.00,1.87
2015.05.22 05:52:51.921,0.71101,0.7111,1.00,1.12
2015.05.22 05:52:53.569,0.71102,0.71109,1.00,1.00
2015.05.22 05:52:57.012,0.71102,0.7111,1.00,1.87
2015.05.22 05:52:59.158,0.71101,0.7111,1.00,1.50
2015.05.22 05:53:00.156,0.71103,0.7111,1.00,1.87
2015.05.22 05:53:01.176,0.71101,0.71111,1.00,1.87
2015.05.22 05:53:01.685,0.711,0.7111,1.00,1.87
2015.05.22 05:53:03.105,0.71101,0.71108,1.00,1.00
2015.05.22 05:53:03.477,0.71099,0.71109,2.25,1.00
2015.05.22 05:53:03.997,0.71099,0.71108,1.00,2.25
2015.05.22 05:53:06.310,0.71099,0.71107,1.00,1.50
2015.05.22 05:53:06.412,0.71096,0.71107,1.00,1.50
2015.05.22 05:53:06.871,0.71096,0.71105,1.00,1.00
2015.05.22 05:53:07.414,0.71099,0.71105,1.00,1.00
2015.05.22 05:53:07.516,0.71097,0.71105,1.00,1.00
2015.05.22 05:53:08.026,0.71096,0.71106,1.50,1.50
2015.05.22 05:53:10.973,0.71095,0.71106,1.50,1.50
2015.05.22 05:53:11.827,0.71096,0.71104,1.00,1.00
2015.05.22 05:53:14.610,0.71097,0.71104,1.00,1.50
2015.05.22 05:53:15.488,0.71096,0.71105,1.00,1.00
2015.05.22 05:53:26.715,0.71094,0.71103,2.25,1.00
2015.05.22 05:53:38.318,0.71095,0.71103,1.00,2.62
2015.05.22 05:53:39.405,0.71095,0.71102,1.00,1.00
2015.05.22 05:53:40.378,0.71094,0.71102,2.25,1.12
2015.05.22 05:53:40.836,0.71096,0.71102,1.00,1.00
2015.05.22 05:53:41.402,0.71099,0.71106,1.50,1.37
2015.05.22 05:53:41.455,0.71099,0.71106,1.50,1.37
2015.05.22 05:53:42.153,0.71099,0.71107,1.50,1.12
2015.05.22 05:53:43.127,0.71099,0.71107,1.50,1.37
2015.05.22 05:53:44.408,0.71099,0.71107,1.50,1.12
2015.05.22 05:53:48.535,0.71099,0.71106,1.50,1.00
2015.05.22 05:53:49.272,0.711,0.71106,1.00,1.00
2015.05.22 05:53:49.809,0.711,0.71108,1.00,1.37
2015.05.22 05:53:50.393,0.71101,0.71108,1.00,1.00
2015.05.22 05:53:51.531,0.71101,0.71109,1.00,1.50
2015.05.22 05:53:52.086,0.71101,0.71108,1.00,1.00
2015.05.22 05:53:55.126,0.71101,0.71109,1.00,1.87
2015.05.22 05:53:58.808,0.711,0.71109,1.00,2.25
2015.05.22 05:53:59.553,0.711,0.71107,1.00,1.00
2015.05.22 05:54:00.097,0.711,0.71108,1.00,1.00
2015.05.22 05:54:00.632,0.711,0.71107,1.00,1.00
2015.05.22 05:54:03.171,0.711,0.71108,1.00,1.00
2015.05.22 05:54:06.443,0.71099,0.71108,2.25,1.12
2015.05.22 05:54:07.083,0.71099,0.71107,2.25,1.00
2015.05.22 05:54:13.283,0.71099,0.71108,1.50,1.87
2015.05.22 05:54:15.051,0.71099,0.71107,1.50,1.00
2015.05.22 05:54:18.257,0.71099,0.71108,1.50,1.50
2015.05.22 05:54:19.190,0.71099,0.71107,1.50,1.00
2015.05.22 05:54:19.695,0.71099,0.71108,1.50,1.87
2015.05.22 05:54:20.928,0.711,0.71108,1.00,1.12
2015.05.22 05:54:30.327,0.711,0.71107,1.00,1.00
2015.05.22 05:54:31.005,0.711,0.71108,1.00,1.00
2015.05.22 05:54:32.333,0.71101,0.71108,1.00,1.00
2015.05.22 05:54:37.134,0.71101,0.71109,1.50,2.25
2015.05.22 05:54:37.742,0.71102,0.71109,1.00,2.25
2015.05.22 05:54:38.792,0.71102,0.71108,1.00,1.00
2015.05.22 05:54:41.144,0.71102,0.71109,1.00,2.25
2015.05.22 05:54:42.054,0.71101,0.71109,1.00,1.50
2015.05.22 05:54:42.608,0.711,0.71108,1.00,1.00
2015.05.22 05:54:43.194,0.711,0.71107,1.00,1.00
2015.05.22 05:54:43.850,0.71099,0.71107,1.00,1.12
2015.05.22 05:54:47.373,0.71098,0.71106,1.00,1.00
2015.05.22 05:54:50.755,0.71097,0.71105,1.00,1.00
2015.05.22 05:54:51.010,0.71094,0.71103,2.25,1.00
2015.05.22 05:54:51.520,0.71095,0.71103,1.00,1.50
2015.05.22 05:54:53.758,0.71095,0.71105,2.25,1.00
2015.05.22 05:54:59.772,0.71096,0.71105,1.00,1.12
2015.05.22 05:55:00.284,0.71097,0.71106,1.00,1.00
2015.05.22 05:55:00.799,0.71098,0.71106,1.50,1.00
2015.05.22 05:55:01.005,0.71098,0.71108,2.25,1.00
2015.05.22 05:55:01.551,0.71099,0.71108,1.00,1.00
2015.05.22 05:55:04.071,0.71101,0.71108,1.00,1.00
2015.05.22 05:55:04.619,0.71101,0.71109,1.00,1.00
2015.05.22 05:55:05.321,0.71101,0.7111,1.00,1.87
2015.05.22 05:55:05.839,0.71102,0.71111,1.00,1.37
2015.05.22 05:55:06.347,0.71102,0.71111,1.00,1.00
2015.05.22 05:55:07.805,0.71103,0.71111,1.00,1.00
2015.05.22 05:55:08.314,0.71103,0.71112,1.00,1.00
2015.05.22 05:55:08.826,0.71103,0.71113,1.00,1.87
2015.05.22 05:55:10.022,0.71101,0.71112,1.87,1.00
2015.05.22 05:55:10.124,0.71101,0.7111,2.62,1.00
2015.05.22 05:55:10.226,0.71101,0.71112,1.87,1.00
2015.05.22 05:55:11.950,0.71101,0.71107,1.50,1.00
2015.05.22 05:55:12.487,0.711,0.71108,1.00,1.00
2015.05.22 05:55:12.792,0.71097,0.71104,1.00,1.00
2015.05.22 05:55:12.894,0.71092,0.71101,2.25,1.00
2015.05.22 05:55:13.403,0.71092,0.71102,1.00,1.00
2015.05.22 05:55:13.926,0.71091,0.71102,2.25,1.50
2015.05.22 05:55:14.129,0.71092,0.711,1.00,1.00
2015.05.22 05:55:14.959,0.71091,0.711,2.25,1.00
2015.05.22 05:55:15.465,0.71091,0.71102,2.25,1.50
2015.05.22 05:55:16.676,0.71092,0.71102,1.00,1.00
2015.05.22 05:55:16.778,0.71095,0.71102,1.00,1.00
2015.05.22 05:55:17.089,0.71095,0.711,1.00,1.00
2015.05.22 05:55:17.151,0.71093,0.71099,1.00,1.00
2015.05.22 05:55:17.304,0.7109,0.71099,1.50,1.00
2015.05.22 05:55:18.118,0.7109,0.711,2.25,1.50
2015.05.22 05:55:18.444,0.7109,0.71102,3.00,1.50
2015.05.22 05:55:18.495,0.71092,0.71102,1.00,1.50
2015.05.22 05:55:19.021,0.71094,0.71103,1.00,1.50
2015.05.22 05:55:19.428,0.71096,0.71103,1.50,1.00
2015.05.22 05:55:19.748,0.71096,0.71106,1.50,1.00
2015.05.22 05:55:19.851,0.71097,0.71104,1.00,1.00
2015.05.22 05:55:19.902,0.71095,0.71104,3.00,1.00
2015.05.22 05:55:20.309,0.71097,0.71105,1.00,1.00
2015.05.22 05:55:21.378,0.71097,0.71104,1.00,1.00
2015.05.22 05:55:21.633,0.71095,0.71105,1.12,1.00
2015.05.22 05:55:21.684,0.71095,0.711,1.00,1.00
2015.05.22 05:55:21.786,0.71095,0.71104,1.00,1.12
2015.05.22 05:55:22.295,0.71096,0.71104,1.00,1.12
2015.05.22 05:55:23.294,0.71095,0.71105,1.50,1.00
2015.05.22 05:55:23.804,0.71096,0.71105,1.00,1.00
2015.05.22 05:55:24.495,0.71097,0.71105,1.00,1.00
2015.05.22 05:55:27.018,0.71098,0.71105,1.00,1.00
2015.05.22 05:55:30.139,0.71099,0.71105,1.00,1.00
2015.05.22 05:55:30.935,0.71098,0.71105,1.00,1.50
2015.05.22 05:55:31.398,0.71098,0.71109,1.00,3.37
2015.05.22 05:55:32.428,0.711,0.71109,1.00,1.12
2015.05.22 05:55:36.653,0.711,0.7111,1.00,1.50
2015.05.22 05:55:37.285,0.71103,0.7111,1.00,1.00
2015.05.22 05:55:37.336,0.71103,0.71112,1.12,1.50
2015.05.22 05:55:37.970,0.71103,0.71113,1.12,1.00
2015.05.22 05:55:38.480,0.71102,0.71113,1.00,2.25
2015.05.22 05:55:39.484,0.71102,0.71111,2.62,1.00
2015.05.22 05:55:39.996,0.71102,0.71112,1.87,1.00
2015.05.22 05:55:40.807,0.71102,0.71113,1.87,1.00
2015.05.22 05:55:42.549,0.71103,0.71113,1.00,1.00
2015.05.22 05:55:47.291,0.71104,0.71113,1.00,1.00
2015.05.22 05:55:49.849,0.71104,0.71112,1.00,1.00
2015.05.22 05:55:50.155,0.71105,0.71114,1.50,1.50
2015.05.22 05:55:50.735,0.71105,0.71115,1.50,2.25
2015.05.22 05:55:53.241,0.71106,0.71115,1.00,1.00
2015.05.22 05:55:55.058,0.71105,0.71115,1.00,1.50
2015.05.22 05:55:55.161,0.71105,0.71113,1.00,1.00
2015.05.22 05:55:56.442,0.71105,0.71114,1.00,1.87
2015.05.22 05:55:56.789,0.71109,0.71114,1.00,1.00
2015.05.22 05:55:56.842,0.71109,0.71119,1.00,3.37
2015.05.22 05:55:57.046,0.71111,0.7112,1.00,1.00
2015.05.22 05:55:57.556,0.71111,0.71121,1.00,1.87
2015.05.22 05:55:58.272,0.71111,0.71119,1.00,1.00
2015.05.22 05:56:00.797,0.71111,0.7112,1.00,1.50
2015.05.22 05:56:01.363,0.7111,0.7112,1.00,1.50
2015.05.22 05:56:02.613,0.71117,0.71122,1.00,1.00
2015.05.22 05:56:02.664,0.71117,0.71125,1.00,4.50
2015.05.22 05:56:02.817,0.71117,0.71122,1.00,1.00
2015.05.22 05:56:02.868,0.71114,0.71121,1.00,1.00
2015.05.22 05:56:02.919,0.71113,0.71118,1.00,1.00
2015.05.22 05:56:03.021,0.71111,0.71118,1.00,1.00
2015.05.22 05:56:03.553,0.7111,0.71118,1.00,1.12
2015.05.22 05:56:04.189,0.7111,0.71117,1.50,1.00
2015.05.22 05:56:08.596,0.7111,0.71118,1.00,1.12
2015.05.22 05:56:08.902,0.7111,0.71116,1.00,1.00
2015.05.22 05:56:09.435,0.71109,0.71116,1.00,1.00
2015.05.22 05:56:12.540,0.71109,0.71118,1.00,2.25
2015.05.22 05:56:13.261,0.71109,0.71118,1.00,1.12
2015.05.22 05:56:15.376,0.71111,0.71119,1.00,1.00
2015.05.22 05:56:15.683,0.71113,0.71121,1.00,1.87
2015.05.22 05:56:15.938,0.71113,0.71123,1.50,3.00
2015.05.22 05:56:16.040,0.71115,0.71123,1.00,3.00
2015.05.22 05:56:16.807,0.71115,0.71124,1.00,1.12
2015.05.22 05:56:17.120,0.71119,0.71127,1.00,1.00
2015.05.22 05:56:17.426,0.71122,0.7113,1.12,1.00
2015.05.22 05:56:17.947,0.7112,0.71128,1.00,1.00
2015.05.22 05:56:18.101,0.71118,0.71128,1.00,1.50
2015.05.22 05:56:18.256,0.71116,0.71126,1.00,1.00
2015.05.22 05:56:18.784,0.71117,0.71127,2.25,1.00
2015.05.22 05:56:19.245,0.71119,0.71128,1.00,1.50
2015.05.22 05:56:19.901,0.7112,0.71129,1.00,1.87
2015.05.22 05:56:20.212,0.71122,0.71131,1.00,1.87
2015.05.22 05:56:20.657,0.7112,0.7113,1.12,2.25
2015.05.22 05:56:22.303,0.7112,0.71129,1.00,1.00
2015.05.22 05:56:25.937,0.7112,0.71128,1.00,1.00
2015.05.22 05:56:27.826,0.7112,0.71129,1.00,1.00
2015.05.22 05:56:28.930,0.7112,0.7113,1.00,1.87
2015.05.22 05:56:30.263,0.7112,0.71129,1.00,1.00
2015.05.22 05:56:33.668,0.7112,0.71128,1.00,1.00
2015.05.22 05:56:34.184,0.71119,0.71127,1.00,1.00
2015.05.22 05:56:34.389,0.71117,0.71127,1.12,1.00
2015.05.22 05:56:36.082,0.71117,0.71128,1.12,1.00
2015.05.22 05:56:36.591,0.71117,0.71129,1.87,1.87
2015.05.22 05:56:37.099,0.71118,0.71128,1.87,1.12
2015.05.22 05:56:38.315,0.71118,0.71128,1.00,1.87
2015.05.22 05:56:38.743,0.71116,0.71126,1.87,1.12
2015.05.22 05:56:39.151,0.71116,0.71123,1.12,1.00
2015.05.22 05:56:39.660,0.71115,0.71123,1.00,1.00
2015.05.22 05:56:40.351,0.71115,0.71123,1.00,1.87
2015.05.22 05:56:40.656,0.71112,0.71122,1.50,1.87
2015.05.22 05:56:40.812,0.7111,0.71119,1.00,1.00
2015.05.22 05:56:40.914,0.71108,0.71119,2.25,1.50
2015.05.22 05:56:41.440,0.71108,0.71118,1.50,1.50
2015.05.22 05:56:41.696,0.71105,0.71118,3.00,1.00
2015.05.22 05:56:42.205,0.71106,0.71117,1.00,1.00
2015.05.22 05:56:42.789,0.71108,0.71116,1.00,1.00
2015.05.22 05:56:43.307,0.71109,0.71116,1.00,1.00
2015.05.22 05:56:43.829,0.71108,0.71116,1.00,1.00
2015.05.22 05:56:44.136,0.71108,0.7112,2.25,1.12
2015.05.22 05:56:44.238,0.7111,0.7112,1.00,1.87
2015.05.22 05:56:44.748,0.71111,0.71121,1.00,1.87
2015.05.22 05:56:45.494,0.71111,0.71121,1.50,1.50
2015.05.22 05:56:46.011,0.71111,0.7112,1.50,1.00
2015.05.22 05:56:46.417,0.71109,0.71118,1.00,1.00
2015.05.22 05:56:48.857,0.7111,0.71119,1.00,1.87
2015.05.22 05:56:52.947,0.71109,0.71119,1.50,1.00
2015.05.22 05:56:53.354,0.71109,0.71116,1.00,1.00
2015.05.22 05:56:56.089,0.71109,0.71117,1.50,1.00
2015.05.22 05:56:56.141,0.71107,0.71117,1.50,1.87
2015.05.22 05:56:56.244,0.71109,0.71117,1.00,1.37
2015.05.22 05:56:56.577,0.71111,0.71121,1.00,1.12
2015.05.22 05:56:56.628,0.71113,0.71121,1.00,1.00
2015.05.22 05:56:57.137,0.71114,0.71122,1.00,1.00
2015.05.22 05:56:58.057,0.71114,0.71124,1.00,1.87
2015.05.22 05:56:58.159,0.71115,0.71126,1.00,1.50
2015.05.22 05:56:58.665,0.71116,0.71126,1.00,1.00
2015.05.22 05:56:59.557,0.71116,0.71126,1.00,1.37
2015.05.22 05:57:00.081,0.71117,0.71127,1.00,1.50
2015.05.22 05:57:01.186,0.71118,0.71127,1.00,1.50
2015.05.22 05:57:01.645,0.71118,0.71127,1.00,1.50
2015.05.22 05:57:02.751,0.71118,0.71127,1.50,1.37
2015.05.22 05:57:03.612,0.71119,0.71127,1.00,1.37
2015.05.22 05:57:04.180,0.71119,0.71127,1.00,1.37
2015.05.22 05:57:04.700,0.71118,0.71127,1.50,1.37
2015.05.22 05:57:04.751,0.71118,0.71127,1.50,1.37
2015.05.22 05:57:09.224,0.71115,0.71124,1.50,1.12
2015.05.22 05:57:10.094,0.71114,0.71123,1.00,1.00
2015.05.22 05:57:12.539,0.71114,0.71124,1.50,1.87
2015.05.22 05:57:13.734,0.71112,0.71125,4.12,2.25
2015.05.22 05:57:13.938,0.71115,0.71125,1.00,3.00
2015.05.22 05:57:15.379,0.71115,0.71124,1.00,1.37
2015.05.22 05:57:15.684,0.71113,0.71123,1.12,1.37
2015.05.22 05:57:16.041,0.71113,0.71123,1.12,1.00
2015.05.22 05:57:20.882,0.71113,0.71123,1.00,1.87
2015.05.22 05:57:25.498,0.71112,0.71122,2.62,1.12
2015.05.22 05:57:29.174,0.71112,0.7112,1.00,1.37
2015.05.22 05:57:30.074,0.71116,0.71123,1.00,1.50
2015.05.22 05:57:30.353,0.71119,0.71128,1.00,1.00
2015.05.22 05:57:30.862,0.7112,0.71129,1.00,1.50
2015.05.22 05:57:30.964,0.7112,0.71127,1.00,1.00
2015.05.22 05:57:31.067,0.7112,0.71129,1.00,1.87
2015.05.22 05:57:31.119,0.7112,0.71127,1.00,1.00
2015.05.22 05:57:31.678,0.71119,0.71127,1.50,1.00
2015.05.22 05:57:33.668,0.7112,0.71127,1.00,1.00
2015.05.22 05:57:34.587,0.71123,0.71131,1.00,1.37
2015.05.22 05:57:35.098,0.7112,0.71131,2.62,1.37
2015.05.22 05:57:35.302,0.7112,0.7113,1.50,1.12
2015.05.22 05:57:35.818,0.71121,0.71131,1.00,1.37
2015.05.22 05:57:37.148,0.7112,0.7113,1.50,1.12
2015.05.22 05:57:38.809,0.7112,0.7113,2.25,1.87
2015.05.22 05:57:40.347,0.71118,0.71128,2.62,1.12
2015.05.22 05:57:40.551,0.71118,0.71126,2.25,1.00
2015.05.22 05:57:41.010,0.71116,0.71126,3.00,1.00
2015.05.22 05:57:41.522,0.71116,0.71125,1.00,1.12
2015.05.22 05:57:42.041,0.71116,0.71125,1.00,1.37
2015.05.22 05:57:42.596,0.71116,0.71123,1.00,1.00
2015.05.22 05:57:43.302,0.71115,0.71123,2.25,1.00
2015.05.22 05:57:46.382,0.71118,0.71123,1.00,1.00
2015.05.22 05:57:46.433,0.71118,0.71125,1.00,1.00
2015.05.22 05:57:47.039,0.71118,0.71126,1.00,1.12
2015.05.22 05:57:47.568,0.71117,0.71126,1.50,1.12
2015.05.22 05:57:48.586,0.71119,0.71126,1.00,1.12
2015.05.22 05:57:48.891,0.71123,0.71131,1.00,1.37
2015.05.22 05:57:50.262,0.71125,0.71132,1.00,1.87
2015.05.22 05:57:50.364,0.71125,0.71133,1.00,2.25
2015.05.22 05:57:56.626,0.71125,0.71134,1.00,2.62
2015.05.22 05:57:57.982,0.71124,0.71134,1.00,2.62
2015.05.22 05:57:58.096,0.71124,0.71132,1.00,1.87
2015.05.22 05:58:00.705,0.71123,0.7113,1.00,1.37
2015.05.22 05:58:00.760,0.71119,0.7113,1.37,1.87
2015.05.22 05:58:01.271,0.71119,0.7113,1.12,2.25
2015.05.22 05:58:01.374,0.71119,0.71129,1.87,1.87
2015.05.22 05:58:01.957,0.71119,0.7113,1.87,1.12
2015.05.22 05:58:02.113,0.71119,0.71128,1.87,1.00
2015.05.22 05:58:06.451,0.71119,0.7113,2.62,1.12
2015.05.22 05:58:07.201,0.7112,0.7113,1.00,1.12
2015.05.22 05:58:07.706,0.71119,0.7113,3.37,1.12
2015.05.22 05:58:08.289,0.71119,0.7113,3.37,1.37
2015.05.22 05:58:08.799,0.71117,0.71128,4.12,1.00
2015.05.22 05:58:09.308,0.71117,0.71128,1.37,1.37
2015.05.22 05:58:10.060,0.71117,0.71127,1.12,1.37
2015.05.22 05:58:10.935,0.71116,0.71126,1.00,1.87
2015.05.22 05:58:13.532,0.71115,0.71126,1.87,2.62
2015.05.22 05:58:13.840,0.71119,0.71127,1.87,1.12
2015.05.22 05:58:14.145,0.71119,0.71129,1.12,1.87
2015.05.22 05:58:14.661,0.7112,0.71129,1.00,1.12
2015.05.22 05:58:16.666,0.71118,0.71129,1.87,1.12
2015.05.22 05:58:16.717,0.71118,0.71127,1.87,1.00
2015.05.22 05:58:16.819,0.71117,0.71129,1.37,1.12
2015.05.22 05:58:17.074,0.71117,0.71127,1.37,1.00
2015.05.22 05:58:17.773,0.71116,0.71127,1.00,2.62
2015.05.22 05:58:18.283,0.71117,0.71127,1.00,2.62
2015.05.22 05:58:19.148,0.71116,0.71127,1.00,1.87
2015.05.22 05:58:21.228,0.71116,0.71127,3.37,1.37
2015.05.22 05:58:21.381,0.71118,0.71128,1.00,1.37
2015.05.22 05:58:21.839,0.71118,0.71129,1.00,2.62
2015.05.22 05:58:22.368,0.71118,0.71127,1.00,1.37
2015.05.22 05:58:22.572,0.71116,0.71127,2.62,1.87
2015.05.22 05:58:22.623,0.71116,0.71127,1.87,1.12
2015.05.22 05:58:23.131,0.71115,0.71126,1.37,1.00
2015.05.22 05:58:23.665,0.71116,0.71125,1.50,1.12
2015.05.22 05:58:33.217,0.71115,0.71124,1.87,1.50
2015.05.22 05:58:33.581,0.71113,0.71124,2.25,1.50
2015.05.22 05:58:33.785,0.71111,0.71122,1.87,1.50
2015.05.22 05:58:34.090,0.7111,0.71119,2.62,1.00
2015.05.22 05:58:34.541,0.71109,0.71121,1.87,2.25
2015.05.22 05:58:34.592,0.71111,0.7112,1.12,1.87
2015.05.22 05:58:37.589,0.71111,0.7112,1.50,1.87
2015.05.22 05:58:38.101,0.71111,0.7112,2.25,1.12
2015.05.22 05:58:38.509,0.71113,0.71122,1.00,1.37
2015.05.22 05:58:39.244,0.71115,0.71124,1.87,1.37
2015.05.22 05:58:39.499,0.71118,0.71128,1.00,1.12
2015.05.22 05:58:39.703,0.71119,0.71129,3.37,1.00
2015.05.22 05:58:40.230,0.71119,0.7113,1.00,1.87
2015.05.22 05:58:42.689,0.71118,0.71128,1.87,1.00
2015.05.22 05:58:45.310,0.71118,0.71128,1.00,1.00
2015.05.22 05:58:48.928,0.71118,0.71127,1.00,1.00
2015.05.22 05:58:51.631,0.71116,0.71127,1.12,2.62
2015.05.22 05:58:52.140,0.71115,0.71125,1.12,1.37
2015.05.22 05:58:52.548,0.71113,0.71122,1.50,1.00
2015.05.22 05:58:52.854,0.71113,0.71122,1.00,1.37
2015.05.22 05:58:52.957,0.71111,0.71122,1.00,1.87
2015.05.22 05:58:53.500,0.71111,0.71122,1.00,1.37
2015.05.22 05:58:54.014,0.71112,0.71121,1.00,1.37
2015.05.22 05:58:55.925,0.71111,0.71121,1.00,1.37
2015.05.22 05:58:56.431,0.71112,0.71121,1.00,1.37
2015.05.22 05:59:01.588,0.71113,0.71122,1.00,1.37
2015.05.22 05:59:01.893,0.71113,0.71122,1.00,1.12
2015.05.22 05:59:03.164,0.71112,0.71122,1.00,1.12
2015.05.22 05:59:03.831,0.71111,0.71122,1.12,1.87
2015.05.22 05:59:03.883,0.71111,0.71121,1.12,1.37
2015.05.22 05:59:07.527,0.7111,0.7112,1.00,1.12
2015.05.22 05:59:09.459,0.71109,0.7112,1.87,2.62
2015.05.22 05:59:09.765,0.71112,0.7112,1.00,1.12
2015.05.22 05:59:09.969,0.7111,0.7112,1.00,1.12
2015.05.22 05:59:10.501,0.7111,0.71119,1.00,1.50
2015.05.22 05:59:11.674,0.71109,0.71119,1.50,1.50
2015.05.22 05:59:12.707,0.71113,0.71119,1.00,1.50
2015.05.22 05:59:13.432,0.71112,0.7112,1.00,1.50
2015.05.22 05:59:13.943,0.7111,0.71119,1.00,1.50
2015.05.22 05:59:14.147,0.71107,0.71116,1.37,1.00
2015.05.22 05:59:14.427,0.71106,0.71114,1.00,1.50
2015.05.22 05:59:14.631,0.71104,0.71113,1.87,1.00
2015.05.22 05:59:15.808,0.71103,0.71113,1.50,1.50
2015.05.22 05:59:16.073,0.71105,0.71113,1.00,2.25
2015.05.22 05:59:16.495,0.71103,0.71113,2.25,1.50
2015.05.22 05:59:17.009,0.71103,0.71114,1.50,2.25
2015.05.22 05:59:17.060,0.71103,0.71112,1.50,1.50
2015.05.22 05:59:18.369,0.71104,0.71112,1.00,1.50
2015.05.22 05:59:18.579,0.71104,0.71114,1.00,3.00
2015.05.22 05:59:21.210,0.71099,0.71109,1.50,1.00
2015.05.22 05:59:21.516,0.71099,0.71107,1.00,1.50
2015.05.22 05:59:21.874,0.71101,0.71106,1.00,1.50
2015.05.22 05:59:21.925,0.71101,0.71109,1.00,1.50
2015.05.22 05:59:22.347,0.71103,0.71111,1.00,1.50
2015.05.22 05:59:22.551,0.71101,0.71111,1.87,2.25
2015.05.22 05:59:23.125,0.71102,0.71111,1.00,1.50
2015.05.22 05:59:23.400,0.71105,0.7111,1.00,1.50
2015.05.22 05:59:23.913,0.71105,0.71111,1.00,1.50
2015.05.22 05:59:24.787,0.71104,0.71111,1.00,1.50
2015.05.22 05:59:24.940,0.71105,0.71115,3.75,1.50
2015.05.22 05:59:25.449,0.71105,0.71114,1.00,1.50
2015.05.22 05:59:25.967,0.71103,0.71114,1.12,2.25
2015.05.22 05:59:26.477,0.71103,0.71113,1.00,1.50
2015.05.22 05:59:27.936,0.71103,0.71114,1.00,2.25
2015.05.22 05:59:29.038,0.71101,0.71113,2.25,1.50
2015.05.22 05:59:29.559,0.71101,0.71112,1.50,1.50
2015.05.22 05:59:30.351,0.71101,0.71109,1.00,1.50
2015.05.22 05:59:30.920,0.71101,0.71108,1.50,1.00
2015.05.22 05:59:31.383,0.71101,0.71106,1.00,1.00
2015.05.22 05:59:31.903,0.711,0.71106,1.00,1.00
2015.05.22 05:59:32.008,0.71098,0.71106,1.00,1.00
2015.05.22 05:59:32.245,0.71098,0.71104,1.00,1.00
2015.05.22 05:59:32.359,0.71096,0.71104,1.00,1.00
2015.05.22 05:59:32.979,0.71095,0.71104,1.12,1.00
2015.05.22 05:59:33.487,0.71096,0.71104,1.00,1.00
2015.05.22 05:59:34.063,0.71098,0.71104,1.00,1.00
2015.05.22 05:59:34.591,0.71099,0.71104,1.00,1.00
2015.05.22 05:59:35.763,0.71098,0.71104,1.00,1.00
2015.05.22 05:59:36.276,0.71096,0.71104,2.25,1.00
2015.05.22 05:59:36.582,0.71094,0.71103,2.62,1.00
2015.05.22 05:59:37.116,0.71094,0.71102,1.87,1.00
2015.05.22 05:59:40.180,0.71095,0.71102,1.00,1.00
2015.05.22 05:59:40.333,0.71094,0.711,1.00,1.00
2015.05.22 05:59:40.758,0.71093,0.71097,1.12,1.00
2015.05.22 05:59:41.379,0.71091,0.71096,1.87,1.00
2015.05.22 05:59:41.686,0.71089,0.71094,2.62,1.00
2015.05.22 05:59:41.839,0.7109,0.71094,1.50,1.00
2015.05.22 05:59:42.126,0.71091,0.71096,1.50,1.00
2015.05.22 05:59:42.230,0.71092,0.71098,1.00,1.00
2015.05.22 05:59:42.332,0.71093,0.71101,1.00,1.50
2015.05.22 05:59:42.587,0.71095,0.71101,1.00,1.00
2015.05.22 05:59:42.639,0.71095,0.71103,1.00,1.00
2015.05.22 05:59:42.893,0.71097,0.71103,1.00,1.00
2015.05.22 05:59:43.313,0.71098,0.71106,1.00,1.00
2015.05.22 05:59:43.568,0.711,0.71106,1.00,1.00
2015.05.22 05:59:44.364,0.71101,0.71107,1.00,1.00
2015.05.22 05:59:44.887,0.71101,0.71108,1.00,1.50
2015.05.22 05:59:45.395,0.71102,0.71108,1.00,1.50
2015.05.22 05:59:46.040,0.71101,0.71108,1.50,1.50
2015.05.22 05:59:46.347,0.711,0.71104,1.00,1.00
2015.05.22 05:59:46.654,0.711,0.71104,1.00,1.50
2015.05.22 05:59:46.808,0.711,0.71106,1.00,1.00
2015.05.22 05:59:47.114,0.71101,0.71108,1.00,1.00
2015.05.22 05:59:47.662,0.71101,0.71109,1.50,1.00
2015.05.22 05:59:48.070,0.71104,0.71109,1.00,1.00
2015.05.22 05:59:48.173,0.71105,0.71111,1.00,1.00
2015.05.22 05:59:48.735,0.71104,0.71111,1.00,1.00
2015.05.22 05:59:49.338,0.71103,0.71111,1.12,1.00
2015.05.22 05:59:51.042,0.71102,0.71111,1.00,1.00
2015.05.22 05:59:51.378,0.71102,0.71109,1.00,1.00
2015.05.22 05:59:51.686,0.71099,0.71109,1.00,1.00
2015.05.22 05:59:51.841,0.71101,0.71109,1.00,1.00
2015.05.22 05:59:53.431,0.71102,0.71109,1.00,1.00
2015.05.22 05:59:54.037,0.71104,0.71109,1.00,1.00
2015.05.22 05:59:54.097,0.71104,0.71112,1.00,1.00
2015.05.22 05:59:55.154,0.71104,0.7112,1.00,1.87
2015.05.22 05:59:56.066,0.71106,0.7112,1.00,1.87
2015.05.22 05:59:56.422,0.71105,0.71121,1.50,1.00
2015.05.22 05:59:58.186,0.71105,0.71121,1.00,2.62
2015.05.22 05:59:58.441,0.71103,0.7112,1.12,1.50
2015.05.22 05:59:59.010,0.71104,0.71118,1.00,1.00
2015.05.22 05:59:59.519,0.71103,0.71118,1.00,1.00
