2014.07.14 02:00:00.760,0.79449,0.79456,1.25,1.00
2014.07.14 02:00:01.757,0.7945,0.79456,1.19,1.00
2014.07.14 02:00:04.791,0.79449,0.79456,1.25,1.00
2014.07.14 02:00:06.825,0.79449,0.79456,1.19,1.00
2014.07.14 02:00:07.786,0.7945,0.79456,1.19,1.00
2014.07.14 02:00:10.840,0.79449,0.79456,1.19,1.00
2014.07.14 02:00:19.914,0.79449,0.79456,1.25,1.00
2014.07.14 02:00:21.925,0.79449,0.79456,1.19,1.00
2014.07.14 02:00:45.284,0.79451,0.79456,1.25,1.00
2014.07.14 02:00:46.355,0.7945,0.79456,1.25,1.00
2014.07.14 02:00:47.447,0.7945,0.79456,1.19,1.00
2014.07.14 02:00:48.918,0.7945,0.7946,2.44,2.44
2014.07.14 02:00:53.545,0.79451,0.7946,1.19,1.50
2014.07.14 02:00:54.851,0.79451,0.7946,1.25,1.69
2014.07.14 02:01:10.842,0.79451,0.7946,2.07,2.07
2014.07.14 02:01:15.619,0.79451,0.7946,2.07,1.25
2014.07.14 02:01:16.645,0.79452,0.7946,1.19,1.69
2014.07.14 02:01:18.678,0.79452,0.7946,1.25,1.00
2014.07.14 02:01:26.647,0.79451,0.7946,1.32,1.25
2014.07.14 02:01:30.903,0.79453,0.7946,1.25,1.00
2014.07.14 02:01:31.157,0.79453,0.79462,1.69,1.25
2014.07.14 02:01:31.208,0.79455,0.79462,1.19,1.00
2014.07.14 02:01:32.209,0.79455,0.79462,1.25,1.00
2014.07.14 02:01:33.222,0.79455,0.79462,1.19,1.00
2014.07.14 02:01:34.181,0.79455,0.79462,1.25,1.00
2014.07.14 02:01:38.260,0.79455,0.79462,1.19,1.00
2014.07.14 02:01:42.831,0.7946,0.79466,1.00,1.69
2014.07.14 02:01:43.034,0.7946,0.79468,1.69,1.50
2014.07.14 02:01:43.541,0.7946,0.79467,1.25,1.00
2014.07.14 02:01:45.059,0.79459,0.79467,1.25,2.44
2014.07.14 02:01:47.039,0.79459,0.79467,1.19,1.69
2014.07.14 02:01:51.172,0.79457,0.79466,2.07,1.25
2014.07.14 02:01:51.679,0.79456,0.79465,1.69,1.88
2014.07.14 02:01:51.882,0.79455,0.79465,2.44,2.44
2014.07.14 02:01:51.984,0.79455,0.79461,1.25,1.00
2014.07.14 02:01:52.985,0.79454,0.79461,1.25,1.00
2014.07.14 02:01:56.575,0.79454,0.79461,2.07,1.00
2014.07.14 02:01:56.880,0.79457,0.79461,1.25,1.00
2014.07.14 02:01:56.931,0.79457,0.79465,1.25,1.00
2014.07.14 02:01:57.134,0.79457,0.79462,1.25,1.00
2014.07.14 02:01:57.955,0.79456,0.79462,1.25,1.00
2014.07.14 02:01:58.462,0.79455,0.79462,1.25,1.00
2014.07.14 02:02:10.148,0.79454,0.79462,1.69,1.00
2014.07.14 02:02:11.374,0.79453,0.79461,1.69,1.50
2014.07.14 02:02:12.390,0.79453,0.79461,1.25,2.44
2014.07.14 02:02:14.793,0.79453,0.79461,1.63,1.69
2014.07.14 02:02:15.786,0.79453,0.79462,2.82,1.50
2014.07.14 02:02:21.608,0.79455,0.79462,1.25,1.25
2014.07.14 02:02:23.962,0.79453,0.79462,2.07,1.00
2014.07.14 02:02:25.974,0.79454,0.79462,1.19,1.00
2014.07.14 02:02:28.596,0.79455,0.79464,1.69,1.25
2014.07.14 02:02:28.799,0.79455,0.79462,1.25,1.00
2014.07.14 02:02:29.338,0.79454,0.79462,1.32,1.00
2014.07.14 02:02:33.670,0.79454,0.79462,2.07,1.00
2014.07.14 02:02:34.643,0.79455,0.79462,1.19,1.00
2014.07.14 02:02:36.156,0.79454,0.79462,1.00,2.82
2014.07.14 02:02:36.663,0.79452,0.79462,2.07,1.69
2014.07.14 02:02:37.361,0.79452,0.79462,2.44,3.19
2014.07.14 02:02:37.667,0.79452,0.7946,1.00,1.19
2014.07.14 02:02:37.972,0.79448,0.79456,4.32,1.00
2014.07.14 02:02:38.653,0.79448,0.79456,4.32,1.00
2014.07.14 02:02:39.180,0.79449,0.79456,1.32,1.00
2014.07.14 02:02:39.689,0.7945,0.79456,1.32,1.00
2014.07.14 02:02:40.680,0.7945,0.79456,1.32,1.00
2014.07.14 02:02:43.723,0.7945,0.79456,1.32,1.00
2014.07.14 02:02:44.633,0.7945,0.7946,2.07,2.44
2014.07.14 02:02:45.190,0.7945,0.79456,1.32,1.00
2014.07.14 02:02:48.152,0.7945,0.79456,1.32,1.00
2014.07.14 02:03:11.179,0.7945,0.79456,1.32,1.00
2014.07.14 02:03:12.110,0.7945,0.7946,2.07,3.57
2014.07.14 02:03:13.148,0.7945,0.7946,2.07,3.57
2014.07.14 02:03:17.068,0.7945,0.79457,1.32,1.00
2014.07.14 02:03:17.589,0.7945,0.79459,1.32,1.63
2014.07.14 02:03:18.096,0.79449,0.79457,1.19,1.88
2014.07.14 02:03:18.602,0.79449,0.79457,1.25,2.82
2014.07.14 02:03:19.573,0.79449,0.79457,1.25,1.00
2014.07.14 02:03:24.591,0.79449,0.79457,1.19,1.00
2014.07.14 02:03:29.109,0.79451,0.79457,1.19,1.00
2014.07.14 02:03:34.129,0.7945,0.79457,1.69,1.00
2014.07.14 02:03:37.153,0.79451,0.79457,1.69,1.00
2014.07.14 02:03:37.458,0.7945,0.79457,1.69,1.00
2014.07.14 02:03:39.451,0.7945,0.79457,1.19,1.00
2014.07.14 02:03:40.469,0.79447,0.79457,2.82,2.82
2014.07.14 02:03:41.693,0.79447,0.79457,1.69,3.57
2014.07.14 02:03:50.547,0.79447,0.79457,2.07,3.57
2014.07.14 02:03:52.559,0.79448,0.79457,1.25,2.82
2014.07.14 02:04:03.402,0.79448,0.79456,1.25,1.32
2014.07.14 02:04:04.440,0.79447,0.79457,2.07,4.32
2014.07.14 02:04:06.450,0.79447,0.79457,2.07,4.32
2014.07.14 02:04:08.386,0.79447,0.79457,2.07,4.32
2014.07.14 02:04:09.410,0.79447,0.79457,2.07,4.32
2014.07.14 02:04:10.443,0.79447,0.79457,2.07,4.32
2014.07.14 02:04:11.419,0.79447,0.79457,2.07,4.32
2014.07.14 02:04:12.401,0.79447,0.79457,2.07,4.32
2014.07.14 02:04:13.403,0.79447,0.79457,2.07,4.32
2014.07.14 02:04:14.405,0.79447,0.79457,2.07,4.32
2014.07.14 02:04:15.456,0.79447,0.79456,1.32,1.32
2014.07.14 02:04:18.425,0.79447,0.79457,1.32,3.57
2014.07.14 02:04:19.428,0.79447,0.79457,1.32,3.57
2014.07.14 02:04:22.477,0.79447,0.79457,1.32,3.57
2014.07.14 02:04:23.485,0.79447,0.79457,1.32,3.57
2014.07.14 02:04:28.412,0.79447,0.79456,1.25,2.07
2014.07.14 02:04:28.940,0.79444,0.79454,1.19,2.07
2014.07.14 02:04:29.447,0.79445,0.79452,1.00,1.32
2014.07.14 02:04:30.260,0.79445,0.79453,1.00,2.07
2014.07.14 02:04:31.751,0.79445,0.79453,1.00,1.63
2014.07.14 02:04:32.258,0.79445,0.79453,1.50,1.25
2014.07.14 02:04:32.410,0.79447,0.79455,1.00,2.07
2014.07.14 02:04:32.969,0.79447,0.79453,1.00,1.25
2014.07.14 02:04:40.204,0.79447,0.79453,1.00,1.63
2014.07.14 02:04:40.356,0.79445,0.79453,1.00,1.63
2014.07.14 02:04:50.064,0.79445,0.79454,1.00,4.17
2014.07.14 02:04:53.847,0.79445,0.79453,1.69,1.32
2014.07.14 02:04:55.384,0.79447,0.79453,1.00,1.32
2014.07.14 02:04:58.670,0.79447,0.79455,1.00,3.57
2014.07.14 02:04:58.805,0.79445,0.79455,1.25,5.07
2014.07.14 02:04:59.727,0.79444,0.79454,1.69,1.57
2014.07.14 02:05:01.515,0.79444,0.79454,2.07,2.07
2014.07.14 02:05:02.883,0.79444,0.79452,2.07,1.63
2014.07.14 02:05:10.398,0.79444,0.79452,1.69,1.32
2014.07.14 02:05:11.968,0.79444,0.79453,1.00,1.57
2014.07.14 02:05:12.787,0.79444,0.79453,1.00,1.57
2014.07.14 02:05:47.581,0.79445,0.79454,1.25,2.82
2014.07.14 02:05:47.911,0.79444,0.79452,1.69,1.19
2014.07.14 02:05:52.738,0.79444,0.79454,4.69,2.44
2014.07.14 02:05:53.447,0.79448,0.79454,1.00,1.25
2014.07.14 02:05:54.058,0.79448,0.79455,1.00,1.25
2014.07.14 02:05:55.150,0.79448,0.79456,1.00,1.69
2014.07.14 02:06:03.115,0.79448,0.79455,1.25,1.25
2014.07.14 02:06:04.119,0.79448,0.79456,1.00,1.69
2014.07.14 02:06:05.124,0.79448,0.79455,1.25,1.25
2014.07.14 02:06:08.129,0.79448,0.79456,1.00,1.69
2014.07.14 02:06:26.473,0.79448,0.79456,1.00,1.69
2014.07.14 02:06:53.461,0.79445,0.79455,2.44,1.25
2014.07.14 02:06:56.108,0.79446,0.79453,1.25,1.00
2014.07.14 02:06:56.412,0.79445,0.79451,1.00,1.32
2014.07.14 02:06:58.265,0.79445,0.79453,1.00,2.07
2014.07.14 02:07:00.362,0.79445,0.79452,1.00,1.63
2014.07.14 02:07:12.711,0.79445,0.79453,1.00,1.19
2014.07.14 02:07:13.218,0.79447,0.79453,1.00,1.25
2014.07.14 02:07:13.878,0.79447,0.79455,1.00,2.07
2014.07.14 02:07:14.887,0.79447,0.79455,1.00,2.07
2014.07.14 02:07:20.898,0.79447,0.79454,1.25,1.25
2014.07.14 02:07:43.038,0.79447,0.79456,1.25,1.32
2014.07.14 02:07:44.026,0.79447,0.79456,1.00,1.32
2014.07.14 02:07:51.035,0.79447,0.79456,1.25,1.32
2014.07.14 02:07:52.040,0.79447,0.79456,1.00,1.32
2014.07.14 02:07:56.098,0.79447,0.79456,1.25,1.32
2014.07.14 02:07:57.062,0.79447,0.79455,1.69,1.19
2014.07.14 02:08:00.072,0.79447,0.79455,1.00,1.25
2014.07.14 02:08:04.063,0.79447,0.79454,1.25,1.25
2014.07.14 02:08:05.085,0.79447,0.79456,1.00,1.32
2014.07.14 02:08:06.070,0.79447,0.79456,1.25,1.32
2014.07.14 02:08:07.074,0.79447,0.79456,1.00,1.32
2014.07.14 02:08:09.382,0.79447,0.79455,1.69,1.19
2014.07.14 02:08:12.091,0.79447,0.79456,1.00,2.07
2014.07.14 02:08:13.629,0.79446,0.79456,2.07,2.07
2014.07.14 02:08:24.003,0.79446,0.79456,1.63,2.82
2014.07.14 02:08:25.852,0.79446,0.79456,2.07,1.69
2014.07.14 02:08:26.157,0.79448,0.79457,1.25,1.25
2014.07.14 02:08:27.227,0.79447,0.79456,1.63,1.25
2014.07.14 02:08:30.410,0.79447,0.79456,1.32,1.25
2014.07.14 02:09:04.339,0.79447,0.79455,1.25,1.19
2014.07.14 02:09:06.340,0.79446,0.79456,1.25,1.69
2014.07.14 02:09:12.233,0.79445,0.79453,2.44,1.19
2014.07.14 02:09:12.748,0.79444,0.79452,1.00,1.57
2014.07.14 02:09:16.453,0.79444,0.79452,1.00,1.32
2014.07.14 02:09:20.468,0.79444,0.79452,1.00,1.63
2014.07.14 02:09:21.373,0.79444,0.79451,1.00,1.32
2014.07.14 02:09:23.380,0.79444,0.79452,1.00,1.63
2014.07.14 02:09:23.925,0.79444,0.79452,1.00,1.32
2014.07.14 02:09:24.485,0.79444,0.79451,1.00,1.19
2014.07.14 02:09:25.519,0.79444,0.79452,1.00,1.32
2014.07.14 02:09:28.371,0.79444,0.79452,1.00,1.63
2014.07.14 02:09:28.916,0.79444,0.79451,1.00,1.19
2014.07.14 02:09:29.479,0.79444,0.79452,1.00,1.25
2014.07.14 02:09:30.485,0.79444,0.79451,1.00,1.19
2014.07.14 02:09:31.483,0.79444,0.79452,1.00,1.32
2014.07.14 02:09:32.538,0.79444,0.79454,1.69,1.69
2014.07.14 02:09:40.924,0.79444,0.79454,3.57,1.19
2014.07.14 02:09:42.810,0.79444,0.79454,2.07,1.19
2014.07.14 02:09:43.628,0.79447,0.79454,1.00,1.25
2014.07.14 02:09:45.601,0.79444,0.79454,2.82,1.25
2014.07.14 02:09:45.855,0.79448,0.79454,1.00,1.25
2014.07.14 02:09:53.560,0.79448,0.79453,1.00,1.19
2014.07.14 02:09:53.662,0.79445,0.79453,1.32,1.19
2014.07.14 02:09:54.068,0.79447,0.79453,1.00,1.19
2014.07.14 02:09:54.579,0.79447,0.79455,1.13,2.07
2014.07.14 02:10:12.422,0.79447,0.79455,1.69,1.00
2014.07.14 02:10:22.485,0.79447,0.79454,1.50,1.19
2014.07.14 02:10:23.466,0.79447,0.79455,1.50,1.69
2014.07.14 02:10:23.669,0.79449,0.79455,1.00,1.69
2014.07.14 02:10:26.493,0.79449,0.79455,1.00,1.69
2014.07.14 02:10:27.802,0.79449,0.79455,1.00,1.00
2014.07.14 02:10:32.280,0.79449,0.79456,1.00,1.25
2014.07.14 02:10:32.865,0.79449,0.79457,1.00,2.07
2014.07.14 02:11:02.087,0.79449,0.79456,1.25,1.25
2014.07.14 02:11:10.215,0.79449,0.79456,1.00,1.19
2014.07.14 02:11:11.218,0.79449,0.79457,1.00,1.19
2014.07.14 02:11:23.361,0.79449,0.79458,1.00,2.82
2014.07.14 02:11:23.889,0.79448,0.79458,2.07,2.07
2014.07.14 02:11:28.402,0.79448,0.79456,2.07,1.25
2014.07.14 02:11:29.383,0.79448,0.79457,1.13,1.19
2014.07.14 02:11:30.373,0.79448,0.79457,1.32,1.25
2014.07.14 02:11:30.955,0.79448,0.79457,1.69,1.63
2014.07.14 02:11:35.371,0.79448,0.79456,2.44,1.32
2014.07.14 02:11:36.374,0.79448,0.79457,1.69,1.63
2014.07.14 02:11:38.294,0.79448,0.79456,2.44,1.32
2014.07.14 02:11:46.323,0.79447,0.79457,1.69,2.07
2014.07.14 02:11:57.348,0.79448,0.79457,1.00,1.69
2014.07.14 02:11:58.884,0.79448,0.79458,2.07,1.32
2014.07.14 02:11:59.246,0.7945,0.79458,1.38,1.25
2014.07.14 02:12:00.210,0.79449,0.79459,4.69,1.69
2014.07.14 02:12:02.215,0.7945,0.79459,1.25,1.69
2014.07.14 02:12:11.197,0.79451,0.79459,1.25,1.69
2014.07.14 02:12:12.196,0.7945,0.79459,1.25,1.69
2014.07.14 02:12:20.105,0.79451,0.7946,1.00,2.07
2014.07.14 02:12:23.071,0.7945,0.7946,2.44,1.69
2014.07.14 02:12:27.578,0.7945,0.79457,1.50,1.19
2014.07.14 02:12:27.832,0.79448,0.79457,1.88,1.19
2014.07.14 02:12:28.661,0.79448,0.79457,2.07,1.25
2014.07.14 02:12:29.675,0.79449,0.79457,1.25,1.32
2014.07.14 02:12:34.341,0.79448,0.79457,2.82,1.32
2014.07.14 02:12:39.357,0.79449,0.79457,1.25,1.32
2014.07.14 02:12:48.613,0.79448,0.79458,2.82,3.57
2014.07.14 02:12:52.905,0.79448,0.79458,2.82,3.57
2014.07.14 02:12:57.038,0.79449,0.79457,1.25,1.32
2014.07.14 02:12:57.676,0.7945,0.79457,1.00,1.19
2014.07.14 02:12:58.298,0.7945,0.79458,1.00,1.69
2014.07.14 02:13:07.444,0.7945,0.79458,1.69,1.69
2014.07.14 02:13:13.441,0.7945,0.79458,1.69,1.69
2014.07.14 02:13:14.481,0.7945,0.79458,1.00,1.25
2014.07.14 02:13:23.797,0.7945,0.79456,1.00,1.00
2014.07.14 02:13:25.259,0.79448,0.79456,4.32,1.00
2014.07.14 02:13:26.520,0.7945,0.79456,1.13,1.00
2014.07.14 02:13:27.077,0.79451,0.79456,1.25,1.00
2014.07.14 02:13:28.174,0.7945,0.79456,1.00,1.00
2014.07.14 02:13:28.695,0.79449,0.79456,1.32,1.00
2014.07.14 02:13:32.391,0.79449,0.79456,1.32,1.00
2014.07.14 02:13:50.598,0.79449,0.79456,1.32,1.00
2014.07.14 02:13:51.602,0.79449,0.79456,1.32,1.00
2014.07.14 02:13:54.611,0.79449,0.79456,1.32,1.00
2014.07.14 02:14:20.300,0.79451,0.79456,1.50,1.00
2014.07.14 02:14:20.656,0.79451,0.79459,3.19,2.07
2014.07.14 02:14:21.165,0.79451,0.79457,2.44,1.00
2014.07.14 02:14:21.626,0.79449,0.79457,1.63,1.00
2014.07.14 02:14:30.798,0.79449,0.79457,1.25,1.00
2014.07.14 02:15:07.124,0.79449,0.79457,1.19,1.69
2014.07.14 02:15:10.004,0.79449,0.79457,1.57,1.69
2014.07.14 02:15:10.156,0.7945,0.79459,1.63,2.07
2014.07.14 02:15:10.664,0.7945,0.79458,1.25,1.88
2014.07.14 02:15:10.715,0.79449,0.79456,1.19,1.00
2014.07.14 02:15:11.445,0.79448,0.79456,2.82,1.00
2014.07.14 02:15:43.619,0.79449,0.79456,2.44,1.00
2014.07.14 02:15:44.623,0.79449,0.79456,2.44,1.00
2014.07.14 02:15:52.663,0.79448,0.79456,2.07,1.00
2014.07.14 02:15:54.654,0.79448,0.79456,2.07,1.00
2014.07.14 02:15:57.650,0.79448,0.79456,2.07,1.00
2014.07.14 02:15:59.054,0.79449,0.79456,1.25,1.25
2014.07.14 02:16:00.068,0.79448,0.79456,2.07,1.00
2014.07.14 02:16:10.842,0.79447,0.79457,1.32,2.07
2014.07.14 02:16:15.106,0.79447,0.79457,1.32,2.07
2014.07.14 02:16:17.141,0.79447,0.79456,1.32,1.32
2014.07.14 02:16:18.178,0.79447,0.79456,1.32,1.13
2014.07.14 02:16:19.138,0.79447,0.79456,1.32,1.32
2014.07.14 02:16:26.197,0.79447,0.79456,1.32,1.00
2014.07.14 02:16:26.876,0.79447,0.79457,1.32,1.25
2014.07.14 02:16:28.198,0.79447,0.79457,2.82,1.19
2014.07.14 02:16:28.898,0.79447,0.79457,1.32,1.57
2014.07.14 02:16:58.284,0.79447,0.79457,2.07,2.07
2014.07.14 02:17:03.064,0.79446,0.79456,2.82,1.19
2014.07.14 02:17:03.570,0.79446,0.79456,1.32,1.32
2014.07.14 02:17:04.411,0.79446,0.79456,1.32,1.32
2014.07.14 02:17:05.462,0.79446,0.79456,1.32,1.25
2014.07.14 02:17:07.928,0.79447,0.79457,1.19,1.69
2014.07.14 02:17:09.283,0.79447,0.79457,1.32,2.07
2014.07.14 02:17:11.039,0.79447,0.79457,1.32,2.07
2014.07.14 02:17:13.087,0.79448,0.79457,1.00,2.07
2014.07.14 02:17:18.065,0.79448,0.79456,1.69,1.32
2014.07.14 02:17:19.169,0.79448,0.79457,1.25,2.07
2014.07.14 02:17:20.149,0.79448,0.79456,1.69,1.32
2014.07.14 02:17:21.179,0.79447,0.79457,1.32,2.07
2014.07.14 02:17:24.469,0.79449,0.79457,1.00,2.07
2014.07.14 02:17:28.204,0.79449,0.79457,1.00,2.82
2014.07.14 02:17:39.929,0.79449,0.79458,1.32,1.25
2014.07.14 02:18:03.665,0.79449,0.79457,2.07,1.19
2014.07.14 02:18:04.671,0.79449,0.79458,1.32,1.32
2014.07.14 02:18:05.148,0.7945,0.79459,1.63,1.25
2014.07.14 02:18:10.671,0.79451,0.79461,2.07,2.07
2014.07.14 02:18:11.140,0.79454,0.79461,1.00,1.57
2014.07.14 02:18:25.084,0.79454,0.79461,1.00,1.25
2014.07.14 02:18:26.629,0.79454,0.79462,1.13,1.69
2014.07.14 02:18:27.138,0.79454,0.79463,3.38,1.19
2014.07.14 02:18:27.912,0.79454,0.79464,4.32,2.44
2014.07.14 02:18:30.209,0.79455,0.79463,1.32,1.69
2014.07.14 02:18:33.226,0.79454,0.79463,1.25,1.25
2014.07.14 02:18:35.100,0.79453,0.79461,1.69,1.00
2014.07.14 02:18:53.590,0.79452,0.79461,1.57,1.00
2014.07.14 02:19:00.604,0.79453,0.79461,1.32,1.00
2014.07.14 02:19:08.868,0.79457,0.79462,1.00,1.00
2014.07.14 02:19:09.379,0.79457,0.79464,1.00,2.82
2014.07.14 02:19:09.887,0.79457,0.79464,1.00,2.07
2014.07.14 02:19:13.438,0.79457,0.79465,1.00,3.57
2014.07.14 02:19:14.170,0.79459,0.79465,1.00,2.44
2014.07.14 02:19:22.460,0.79459,0.79466,1.00,2.82
2014.07.14 02:19:25.504,0.79459,0.79465,1.00,1.19
2014.07.14 02:19:27.278,0.79459,0.79466,1.00,1.25
2014.07.14 02:19:35.326,0.79459,0.79467,1.00,1.32
2014.07.14 02:19:42.639,0.79459,0.79467,1.69,1.25
2014.07.14 02:19:55.063,0.79459,0.79468,1.32,2.07
2014.07.14 02:19:58.363,0.79459,0.79468,1.25,2.07
2014.07.14 02:19:58.566,0.79459,0.79468,1.25,2.82
2014.07.14 02:19:59.434,0.79459,0.79467,1.25,1.13
2014.07.14 02:19:59.944,0.79459,0.79467,1.00,2.07
2014.07.14 02:20:01.069,0.79459,0.79466,1.25,1.63
2014.07.14 02:20:12.820,0.79459,0.79466,1.25,1.25
2014.07.14 02:20:13.788,0.79459,0.79467,1.00,1.32
2014.07.14 02:20:14.601,0.79457,0.79467,1.19,1.32
2014.07.14 02:20:17.375,0.79457,0.79467,1.32,1.63
2014.07.14 02:20:26.449,0.79457,0.79467,1.19,1.32
2014.07.14 02:20:26.963,0.79457,0.79467,1.25,1.57
2014.07.14 02:20:29.817,0.79458,0.79466,1.25,1.32
2014.07.14 02:20:30.820,0.79457,0.79467,1.25,1.57
2014.07.14 02:20:38.932,0.79457,0.79465,1.32,1.25
2014.07.14 02:20:42.996,0.79456,0.79466,2.07,3.57
2014.07.14 02:20:43.642,0.79456,0.79466,2.07,4.32
2014.07.14 02:20:43.896,0.79456,0.79466,1.69,4.32
2014.07.14 02:20:44.413,0.79456,0.79465,1.25,1.25
2014.07.14 02:20:46.266,0.79455,0.79464,2.07,1.00
2014.07.14 02:20:46.994,0.79457,0.79464,1.25,1.25
2014.07.14 02:20:52.015,0.79457,0.79464,1.19,1.00
2014.07.14 02:20:56.816,0.79457,0.79465,1.69,1.69
2014.07.14 02:21:01.048,0.79457,0.79465,1.25,1.00
2014.07.14 02:21:12.039,0.79457,0.79465,1.69,1.69
2014.07.14 02:21:18.062,0.79457,0.79465,1.25,1.00
2014.07.14 02:21:19.099,0.79458,0.79465,1.25,1.25
2014.07.14 02:21:20.070,0.79457,0.79465,1.69,1.00
2014.07.14 02:21:23.060,0.79458,0.79465,1.25,1.25
2014.07.14 02:21:25.064,0.79457,0.79465,1.69,1.00
2014.07.14 02:21:26.069,0.79458,0.79465,1.19,1.00
2014.07.14 02:21:27.118,0.79457,0.79465,2.07,1.00
2014.07.14 02:21:35.140,0.79457,0.79465,1.69,1.00
2014.07.14 02:21:41.114,0.79458,0.79465,2.07,1.00
2014.07.14 02:21:41.623,0.79461,0.79469,1.19,2.07
2014.07.14 02:21:41.929,0.79463,0.79471,1.13,1.32
2014.07.14 02:21:43.024,0.79463,0.79473,2.82,2.07
2014.07.14 02:21:51.947,0.79464,0.79472,1.25,1.19
2014.07.14 02:21:55.256,0.79463,0.79472,1.32,1.69
2014.07.14 02:22:16.436,0.79463,0.79472,2.82,1.69
2014.07.14 02:22:17.399,0.79463,0.79472,2.07,1.25
2014.07.14 02:22:19.403,0.79463,0.79472,2.07,1.00
2014.07.14 02:22:20.449,0.79463,0.79472,2.82,1.25
2014.07.14 02:22:22.443,0.79463,0.79472,2.82,1.00
2014.07.14 02:22:25.993,0.79463,0.79473,2.82,3.57
2014.07.14 02:22:27.312,0.79463,0.79472,2.82,1.00
2014.07.14 02:22:28.103,0.79463,0.79472,2.82,1.25
2014.07.14 02:22:30.109,0.79464,0.79472,1.19,1.69
2014.07.14 02:22:31.112,0.79463,0.79472,2.82,1.25
2014.07.14 02:22:39.134,0.79463,0.79473,2.82,3.57
2014.07.14 02:22:40.136,0.79463,0.79473,2.82,3.57
2014.07.14 02:22:45.155,0.79463,0.79471,2.07,1.25
2014.07.14 02:22:46.386,0.79462,0.79471,1.00,1.32
2014.07.14 02:22:46.894,0.79461,0.7947,2.44,2.07
2014.07.14 02:22:48.566,0.7946,0.7947,1.32,2.82
2014.07.14 02:22:49.566,0.7946,0.7947,1.32,2.82
2014.07.14 02:22:52.651,0.7946,0.7947,1.32,2.07
2014.07.14 02:22:52.905,0.7946,0.7947,2.07,1.25
2014.07.14 02:22:53.449,0.79461,0.7947,1.63,1.25
2014.07.14 02:22:54.494,0.79461,0.79471,2.07,1.69
2014.07.14 02:23:03.109,0.79462,0.79472,1.32,2.82
2014.07.14 02:23:09.130,0.79462,0.79472,1.32,1.19
2014.07.14 02:23:10.134,0.79462,0.79472,1.32,1.25
2014.07.14 02:23:31.380,0.79463,0.79473,1.63,1.57
2014.07.14 02:23:35.669,0.79463,0.79473,1.32,1.32
2014.07.14 02:23:39.341,0.79463,0.79473,1.32,1.32
2014.07.14 02:23:41.354,0.79463,0.79473,1.32,1.32
2014.07.14 02:23:49.312,0.79463,0.79473,1.32,1.32
2014.07.14 02:23:50.316,0.79464,0.79472,1.25,1.19
2014.07.14 02:23:51.361,0.79463,0.79473,1.32,2.07
2014.07.14 02:23:53.342,0.79464,0.79472,1.25,1.19
2014.07.14 02:23:58.740,0.79463,0.79473,2.07,3.57
2014.07.14 02:24:02.752,0.79464,0.79472,1.25,1.19
2014.07.14 02:24:05.761,0.79463,0.79473,2.07,3.57
2014.07.14 02:24:29.927,0.79463,0.79472,1.00,1.19
2014.07.14 02:24:30.930,0.79463,0.79472,1.69,1.25
2014.07.14 02:24:36.930,0.79463,0.79471,1.69,1.25
2014.07.14 02:24:37.986,0.79463,0.79472,1.69,1.25
2014.07.14 02:24:52.992,0.79463,0.79471,1.32,1.25
2014.07.14 02:25:01.070,0.79463,0.79473,1.32,2.07
2014.07.14 02:25:22.148,0.79464,0.79472,1.25,1.19
2014.07.14 02:25:23.114,0.79463,0.79473,1.32,2.07
2014.07.14 02:25:27.124,0.79464,0.79472,1.25,1.32
2014.07.14 02:25:31.136,0.79463,0.79473,1.32,2.07
2014.07.14 02:25:34.144,0.79464,0.79472,1.25,1.19
2014.07.14 02:25:35.192,0.79463,0.79473,1.32,2.07
2014.07.14 02:25:39.194,0.79464,0.79472,1.25,1.19
2014.07.14 02:25:40.190,0.79463,0.79471,1.69,1.00
2014.07.14 02:25:45.321,0.79462,0.79472,2.07,1.32
2014.07.14 02:25:45.827,0.79462,0.79472,2.82,1.32
2014.07.14 02:25:47.270,0.79464,0.79472,1.32,1.32
2014.07.14 02:25:48.915,0.79464,0.79472,1.25,2.07
2014.07.14 02:25:49.069,0.79461,0.7947,1.69,1.63
2014.07.14 02:25:49.172,0.79459,0.79471,1.13,2.82
2014.07.14 02:25:49.707,0.79458,0.79468,1.50,1.50
2014.07.14 02:25:57.111,0.79458,0.79468,1.63,2.82
2014.07.14 02:25:59.118,0.79458,0.79468,1.63,2.07
2014.07.14 02:26:05.607,0.79461,0.79468,1.00,1.32
2014.07.14 02:26:56.431,0.79461,0.79469,1.00,2.07
2014.07.14 02:26:57.433,0.79461,0.79468,1.25,1.25
2014.07.14 02:27:01.443,0.79461,0.79469,1.00,2.07
2014.07.14 02:27:01.969,0.79462,0.79471,1.88,1.19
2014.07.14 02:27:02.274,0.79464,0.79471,1.00,1.19
2014.07.14 02:27:02.752,0.79464,0.79472,1.00,1.69
2014.07.14 02:27:03.280,0.79463,0.79472,1.25,1.69
2014.07.14 02:27:05.790,0.79463,0.79471,1.69,1.25
2014.07.14 02:27:14.814,0.79463,0.79472,1.69,1.32
2014.07.14 02:27:29.738,0.79463,0.79472,1.25,2.07
2014.07.14 02:27:30.299,0.79463,0.79472,1.25,1.69
2014.07.14 02:27:32.769,0.79462,0.79471,2.07,1.38
2014.07.14 02:27:33.073,0.79462,0.79469,1.25,1.63
2014.07.14 02:27:34.852,0.7946,0.7947,2.07,2.82
2014.07.14 02:27:35.156,0.79463,0.7947,1.00,2.82
2014.07.14 02:28:01.557,0.79463,0.7947,1.00,2.82
2014.07.14 02:28:03.107,0.7946,0.7947,1.69,2.07
2014.07.14 02:28:14.992,0.7946,0.7947,1.69,2.07
2014.07.14 02:28:18.625,0.7946,0.79469,1.25,1.32
2014.07.14 02:28:28.618,0.7946,0.79468,1.69,1.25
2014.07.14 02:28:30.368,0.7946,0.79467,1.19,1.00
2014.07.14 02:28:30.775,0.79459,0.79467,1.25,1.00
2014.07.14 02:29:03.518,0.79459,0.79467,1.32,1.69
2014.07.14 02:29:04.534,0.79458,0.79467,2.82,1.00
2014.07.14 02:29:30.359,0.79458,0.79468,1.57,1.32
2014.07.14 02:29:31.728,0.79458,0.79468,1.57,1.63
2014.07.14 02:29:38.247,0.79459,0.79468,1.32,1.63
2014.07.14 02:29:55.004,0.79457,0.79467,2.82,1.32
2014.07.14 02:30:10.117,0.79457,0.79467,2.07,1.63
2014.07.14 02:30:10.626,0.79458,0.79466,1.25,1.32
2014.07.14 02:30:21.173,0.79457,0.79467,1.25,1.32
2014.07.14 02:30:36.223,0.79457,0.79467,1.19,1.63
2014.07.14 02:30:37.226,0.79457,0.79467,1.25,1.57
2014.07.14 02:30:43.226,0.79457,0.79467,1.19,1.32
2014.07.14 02:30:47.247,0.79457,0.79467,1.32,1.32
2014.07.14 02:30:48.271,0.79458,0.79466,1.25,1.19
2014.07.14 02:30:49.293,0.79456,0.79466,1.32,1.32
2014.07.14 02:30:53.260,0.79456,0.79466,2.44,1.19
2014.07.14 02:30:54.263,0.79457,0.79465,1.19,1.25
2014.07.14 02:30:55.272,0.79457,0.79467,1.25,2.07
2014.07.14 02:30:57.659,0.79457,0.79466,1.25,1.63
2014.07.14 02:30:57.963,0.79456,0.79464,1.50,1.63
2014.07.14 02:30:58.470,0.79455,0.79465,2.44,2.07
2014.07.14 02:31:02.981,0.79456,0.79464,1.25,1.32
2014.07.14 02:31:03.653,0.79456,0.79464,1.63,1.19
2014.07.14 02:31:03.704,0.79456,0.79465,1.57,1.13
2014.07.14 02:31:04.009,0.79459,0.79467,1.19,1.25
2014.07.14 02:31:05.014,0.79459,0.79468,1.25,1.69
2014.07.14 02:31:07.102,0.79459,0.79468,1.19,1.50
2014.07.14 02:31:08.129,0.79459,0.79468,1.25,1.25
2014.07.14 02:31:09.109,0.7946,0.79468,1.19,1.69
2014.07.14 02:31:13.225,0.79458,0.79468,2.82,1.69
2014.07.14 02:31:14.340,0.7946,0.79468,1.25,1.69
2014.07.14 02:31:15.369,0.7946,0.79469,1.25,1.32
2014.07.14 02:31:19.931,0.7946,0.79469,1.00,1.32
2014.07.14 02:31:23.976,0.7946,0.7947,1.69,4.32
2014.07.14 02:31:26.974,0.7946,0.79468,1.00,1.32
2014.07.14 02:31:28.349,0.79459,0.79468,1.25,1.32
2014.07.14 02:31:28.856,0.79459,0.79467,1.25,1.50
2014.07.14 02:31:29.791,0.79458,0.79467,1.25,2.82
2014.07.14 02:31:30.351,0.79458,0.79466,1.00,1.25
2014.07.14 02:31:47.112,0.79458,0.79467,1.25,1.32
2014.07.14 02:31:49.945,0.79458,0.79467,1.25,1.63
2014.07.14 02:31:50.914,0.79458,0.79467,1.32,1.32
2014.07.14 02:31:55.163,0.79459,0.79467,1.25,1.32
2014.07.14 02:31:56.179,0.79458,0.79467,1.32,1.32
2014.07.14 02:32:00.754,0.79459,0.79467,1.25,1.32
2014.07.14 02:32:03.845,0.79458,0.79467,1.32,1.63
2014.07.14 02:32:08.863,0.79459,0.79467,1.25,1.57
2014.07.14 02:32:12.907,0.79458,0.79468,2.07,5.07
2014.07.14 02:32:24.902,0.79458,0.79466,2.07,1.32
2014.07.14 02:32:27.913,0.79458,0.79466,1.13,1.32
2014.07.14 02:32:35.937,0.79457,0.79465,1.57,1.25
2014.07.14 02:32:37.945,0.79457,0.79467,1.63,1.57
2014.07.14 02:32:55.087,0.79458,0.79466,1.32,1.32
2014.07.14 02:32:57.094,0.79458,0.79466,1.32,1.32
2014.07.14 02:32:59.152,0.79458,0.79466,1.32,1.32
2014.07.14 02:33:00.130,0.79457,0.79467,1.57,1.63
2014.07.14 02:33:14.138,0.79458,0.79467,1.32,1.57
2014.07.14 02:33:17.160,0.79457,0.79468,1.57,1.57
2014.07.14 02:33:24.174,0.79458,0.79467,1.32,1.57
2014.07.14 02:33:25.217,0.79457,0.79467,1.57,1.63
2014.07.14 02:33:34.945,0.79457,0.79466,1.00,1.32
2014.07.14 02:33:35.453,0.79456,0.79465,1.25,1.32
2014.07.14 02:33:36.081,0.79456,0.79464,1.25,1.00
2014.07.14 02:33:36.233,0.79455,0.79463,2.07,1.19
2014.07.14 02:33:39.638,0.79458,0.79463,1.00,1.19
2014.07.14 02:33:42.219,0.79458,0.79464,1.00,1.25
2014.07.14 02:33:53.111,0.79458,0.79463,1.00,1.00
2014.07.14 02:33:54.304,0.79458,0.79463,1.00,1.69
2014.07.14 02:33:55.267,0.79458,0.79463,1.00,1.00
2014.07.14 02:33:58.352,0.79456,0.79463,1.00,1.00
2014.07.14 02:33:58.870,0.79458,0.79465,1.00,1.69
2014.07.14 02:34:00.774,0.79458,0.79464,1.00,1.19
2014.07.14 02:34:01.566,0.79458,0.79464,1.00,1.25
2014.07.14 02:34:05.578,0.79458,0.79463,1.00,1.25
2014.07.14 02:34:06.580,0.79458,0.79465,1.00,1.69
2014.07.14 02:34:07.583,0.79458,0.79463,1.00,1.25
2014.07.14 02:34:12.601,0.79458,0.79465,1.00,1.69
2014.07.14 02:34:13.628,0.79458,0.79465,1.00,1.69
2014.07.14 02:34:15.212,0.79458,0.79464,1.00,1.25
2014.07.14 02:34:27.235,0.79458,0.79465,1.00,1.32
2014.07.14 02:34:37.712,0.79458,0.79465,1.00,1.19
2014.07.14 02:34:38.478,0.79458,0.79466,1.00,1.54
2014.07.14 02:34:42.516,0.79458,0.79466,1.00,1.54
2014.07.14 02:34:51.553,0.79458,0.79465,1.25,1.25
2014.07.14 02:34:55.819,0.79458,0.79466,1.00,1.54
2014.07.14 02:34:56.985,0.79458,0.79466,1.00,1.54
2014.07.14 02:34:57.764,0.79458,0.79466,1.00,1.54
2014.07.14 02:35:00.090,0.79456,0.79466,2.07,1.54
2014.07.14 02:35:05.825,0.79456,0.79466,2.07,1.54
2014.07.14 02:35:06.794,0.79456,0.79466,2.07,1.54
2014.07.14 02:35:07.835,0.79457,0.79465,1.32,1.19
2014.07.14 02:35:09.804,0.79457,0.79465,1.32,1.25
2014.07.14 02:35:10.822,0.79456,0.79466,2.07,1.25
2014.07.14 02:35:11.810,0.79457,0.79465,1.32,1.25
2014.07.14 02:35:13.820,0.79457,0.79465,1.32,1.19
2014.07.14 02:35:15.870,0.79457,0.79465,1.32,1.25
2014.07.14 02:35:16.830,0.79456,0.79466,2.07,1.25
2014.07.14 02:35:19.874,0.79457,0.79465,1.32,1.19
2014.07.14 02:35:20.913,0.79456,0.79466,2.07,1.25
2014.07.14 02:35:31.913,0.79457,0.79467,1.32,2.67
2014.07.14 02:35:33.012,0.79456,0.79466,3.57,1.25
2014.07.14 02:35:47.707,0.79456,0.79466,3.57,1.25
2014.07.14 02:35:47.960,0.79457,0.79465,2.07,1.19
2014.07.14 02:35:49.347,0.79457,0.79466,1.63,1.69
2014.07.14 02:35:54.596,0.79457,0.79466,1.25,1.69
2014.07.14 02:35:56.472,0.79457,0.79465,1.69,1.25
2014.07.14 02:35:59.590,0.79457,0.79466,2.07,1.69
2014.07.14 02:36:02.685,0.79457,0.79466,1.69,1.69
2014.07.14 02:36:03.577,0.79457,0.79465,2.44,1.25
2014.07.14 02:36:06.635,0.79456,0.79466,2.07,2.07
2014.07.14 02:36:07.910,0.79456,0.79466,2.07,1.69
2014.07.14 02:36:09.315,0.79457,0.79466,1.69,1.69
2014.07.14 02:36:10.598,0.79457,0.79465,2.44,1.19
2014.07.14 02:36:11.602,0.79457,0.79466,1.69,1.25
2014.07.14 02:36:13.810,0.79458,0.79466,1.25,1.19
2014.07.14 02:36:18.830,0.79456,0.79466,2.82,1.25
2014.07.14 02:36:21.056,0.79457,0.79465,1.25,1.19
2014.07.14 02:36:21.871,0.79456,0.79466,2.82,1.25
2014.07.14 02:36:24.406,0.79456,0.79466,2.82,1.25
2014.07.14 02:36:26.367,0.79457,0.79465,2.07,1.25
2014.07.14 02:36:27.645,0.79457,0.79466,1.63,1.25
2014.07.14 02:36:34.514,0.79457,0.79467,2.07,2.82
2014.07.14 02:36:35.389,0.79457,0.79466,1.69,1.00
2014.07.14 02:36:35.542,0.79456,0.79466,1.69,2.07
2014.07.14 02:36:36.524,0.79456,0.79465,1.13,1.32
2014.07.14 02:36:39.490,0.79456,0.79464,2.07,1.19
2014.07.14 02:36:41.479,0.79456,0.79465,1.32,1.32
2014.07.14 02:36:45.495,0.79456,0.79465,1.13,1.32
2014.07.14 02:36:46.515,0.79456,0.79465,1.32,1.32
2014.07.14 02:36:55.030,0.79456,0.79465,1.13,1.32
2014.07.14 02:36:57.038,0.79456,0.79465,1.32,1.32
2014.07.14 02:37:00.057,0.79456,0.79465,1.00,1.69
2014.07.14 02:37:07.695,0.79456,0.79465,1.25,1.25
2014.07.14 02:37:14.373,0.79456,0.79466,2.07,1.25
2014.07.14 02:37:16.619,0.79457,0.79465,1.19,1.25
2014.07.14 02:37:24.148,0.79456,0.79466,2.07,1.19
2014.07.14 02:37:26.118,0.79456,0.79466,2.07,1.25
2014.07.14 02:37:27.589,0.79458,0.79466,1.00,1.25
2014.07.14 02:37:28.232,0.79457,0.79466,1.32,1.25
2014.07.14 02:37:40.894,0.79458,0.79466,1.00,1.25
2014.07.14 02:37:41.415,0.79456,0.79466,2.07,1.25
2014.07.14 02:38:02.234,0.79457,0.79467,2.07,2.07
2014.07.14 02:38:08.519,0.79458,0.79466,1.32,1.32
2014.07.14 02:38:10.524,0.79458,0.79466,1.32,1.32
2014.07.14 02:38:12.536,0.79457,0.79466,1.63,1.32
2014.07.14 02:38:32.230,0.79457,0.79467,1.69,2.07
2014.07.14 02:38:39.128,0.79458,0.79467,1.00,2.07
2014.07.14 02:38:39.676,0.79457,0.79467,2.44,1.69
2014.07.14 02:38:40.032,0.79457,0.79467,2.82,1.69
2014.07.14 02:38:40.843,0.79458,0.79467,2.82,1.25
2014.07.14 02:38:41.387,0.79459,0.79469,1.32,1.19
2014.07.14 02:38:41.914,0.79459,0.79468,1.63,1.25
2014.07.14 02:38:42.459,0.79459,0.79468,1.25,1.25
2014.07.14 02:38:47.160,0.79459,0.79469,1.69,1.25
2014.07.14 02:38:48.159,0.79459,0.79469,2.07,1.19
2014.07.14 02:38:49.241,0.79459,0.79467,1.32,1.25
2014.07.14 02:38:51.680,0.79458,0.79468,2.07,1.25
2014.07.14 02:38:53.648,0.79459,0.79469,1.32,1.25
2014.07.14 02:38:54.651,0.7946,0.79468,1.25,1.19
2014.07.14 02:39:00.672,0.79459,0.79469,1.32,1.25
2014.07.14 02:39:01.677,0.79459,0.79469,1.32,1.19
2014.07.14 02:39:02.680,0.79459,0.79469,1.32,1.25
2014.07.14 02:39:03.652,0.79459,0.79469,1.32,1.19
2014.07.14 02:39:08.679,0.7946,0.79468,1.19,1.25
2014.07.14 02:39:10.675,0.79459,0.79469,2.07,1.19
2014.07.14 02:39:20.127,0.7946,0.79468,1.19,1.25
2014.07.14 02:39:21.356,0.79459,0.79469,1.63,1.19
2014.07.14 02:39:21.963,0.79459,0.79469,1.32,1.19
2014.07.14 02:39:22.471,0.79458,0.79468,2.07,1.32
2014.07.14 02:39:23.320,0.79457,0.79467,2.82,1.19
2014.07.14 02:39:23.936,0.79457,0.79467,2.82,1.19
2014.07.14 02:39:24.472,0.7946,0.79467,1.00,1.19
2014.07.14 02:39:24.675,0.7946,0.79468,1.00,1.25
2014.07.14 02:39:31.114,0.79461,0.79469,1.25,1.19
2014.07.14 02:39:32.070,0.7946,0.79469,1.25,1.25
2014.07.14 02:39:39.308,0.7946,0.79467,1.25,1.00
2014.07.14 02:39:40.850,0.79458,0.79467,2.44,1.25
2014.07.14 02:39:41.390,0.79459,0.79467,1.00,1.25
2014.07.14 02:39:42.811,0.79459,0.79467,2.44,1.69
2014.07.14 02:40:01.357,0.7946,0.79467,1.19,1.00
2014.07.14 02:40:02.856,0.79459,0.79467,2.82,1.00
2014.07.14 02:40:05.867,0.7946,0.79467,1.19,1.00
2014.07.14 02:40:07.874,0.79459,0.79467,2.82,1.00
2014.07.14 02:40:16.707,0.7946,0.7947,3.57,1.19
2014.07.14 02:40:17.214,0.7946,0.7947,3.57,1.25
2014.07.14 02:40:18.010,0.79462,0.7947,1.25,1.19
2014.07.14 02:40:19.999,0.7946,0.7947,3.57,1.25
2014.07.14 02:40:28.528,0.79462,0.7947,1.25,1.19
2014.07.14 02:40:31.538,0.79461,0.79471,1.25,1.69
2014.07.14 02:40:37.542,0.79462,0.7947,1.25,1.19
2014.07.14 02:40:38.545,0.7946,0.7947,4.69,1.25
2014.07.14 02:40:54.697,0.79461,0.79471,2.07,2.82
2014.07.14 02:40:55.706,0.79463,0.79471,1.25,2.82
2014.07.14 02:40:56.686,0.79462,0.79471,2.44,1.32
2014.07.14 02:41:01.636,0.79462,0.79471,1.69,1.69
2014.07.14 02:41:05.613,0.79462,0.79471,1.25,1.69
2014.07.14 02:41:23.264,0.79462,0.79471,1.69,1.00
2014.07.14 02:41:23.972,0.79462,0.79472,1.69,1.25
2014.07.14 02:41:25.258,0.79462,0.79472,1.69,1.19
2014.07.14 02:41:26.352,0.79463,0.79472,1.00,1.69
2014.07.14 02:41:39.308,0.79463,0.7947,1.69,1.25
2014.07.14 02:41:41.275,0.79463,0.79471,1.50,1.25
2014.07.14 02:42:09.328,0.79461,0.7947,3.19,1.00
2014.07.14 02:42:10.666,0.79461,0.7947,3.19,1.25
2014.07.14 02:42:20.681,0.79462,0.7947,1.00,1.25
2014.07.14 02:42:20.884,0.79464,0.79471,1.00,1.19
2014.07.14 02:42:20.986,0.79464,0.79472,1.00,1.69
2014.07.14 02:42:22.005,0.79465,0.79472,1.69,1.25
2014.07.14 02:42:23.116,0.79464,0.79472,2.44,1.00
2014.07.14 02:42:33.348,0.79464,0.79472,1.00,2.44
2014.07.14 02:42:34.324,0.79464,0.79472,1.00,2.44
2014.07.14 02:42:41.917,0.79464,0.79471,1.25,1.25
2014.07.14 02:42:42.920,0.79464,0.79472,1.00,1.69
2014.07.14 02:42:56.114,0.79464,0.79471,1.25,1.25
2014.07.14 02:43:04.073,0.79464,0.79472,1.00,1.25
2014.07.14 02:43:11.095,0.79464,0.79472,1.69,1.69
2014.07.14 02:43:13.102,0.79464,0.79472,1.25,1.00
2014.07.14 02:43:21.235,0.79463,0.79473,1.19,1.25
2014.07.14 02:43:22.124,0.79464,0.79472,1.19,1.25
2014.07.14 02:43:23.226,0.79463,0.79473,1.25,1.19
2014.07.14 02:43:24.274,0.79464,0.79472,1.19,1.25
2014.07.14 02:43:26.264,0.79463,0.79473,2.44,1.25
2014.07.14 02:43:28.249,0.79464,0.79472,1.25,1.19
2014.07.14 02:43:29.332,0.79463,0.79473,2.44,1.25
2014.07.14 02:43:30.335,0.79464,0.79472,1.25,1.19
2014.07.14 02:43:32.362,0.79463,0.79473,2.44,1.25
2014.07.14 02:43:36.359,0.79463,0.79473,2.44,1.19
2014.07.14 02:43:38.394,0.79463,0.79473,2.44,1.25
2014.07.14 02:43:45.429,0.79464,0.79472,1.25,1.19
2014.07.14 02:43:46.439,0.79463,0.79473,1.69,1.25
2014.07.14 02:43:56.443,0.79463,0.79473,1.69,1.19
2014.07.14 02:43:58.417,0.79464,0.79472,1.19,1.25
2014.07.14 02:44:02.426,0.79464,0.79474,1.25,1.32
2014.07.14 02:44:21.482,0.79465,0.79473,1.25,1.19
2014.07.14 02:44:25.094,0.79463,0.79473,1.69,1.25
2014.07.14 02:44:38.157,0.79464,0.79473,1.19,1.19
2014.07.14 02:44:39.126,0.79463,0.79473,2.44,1.25
2014.07.14 02:44:52.704,0.79464,0.79472,1.19,1.25
2014.07.14 02:44:58.780,0.79465,0.79474,1.50,1.32
2014.07.14 02:44:59.107,0.79468,0.79474,1.00,1.32
2014.07.14 02:44:59.716,0.79468,0.79476,1.00,1.32
2014.07.14 02:45:00.326,0.79468,0.79477,1.69,1.69
2014.07.14 02:45:00.834,0.79469,0.79477,1.00,1.69
2014.07.14 02:45:05.860,0.79469,0.79475,1.00,1.25
2014.07.14 02:45:06.368,0.7947,0.79477,1.00,1.69
2014.07.14 02:45:07.097,0.7947,0.79477,1.00,1.69
2014.07.14 02:45:07.403,0.79468,0.79477,3.94,1.69
2014.07.14 02:45:18.471,0.79468,0.79477,3.94,1.00
2014.07.14 02:45:19.450,0.79468,0.79477,3.94,1.25
2014.07.14 02:45:27.807,0.79468,0.79477,3.94,1.00
2014.07.14 02:45:28.779,0.79469,0.79477,1.69,1.69
2014.07.14 02:45:29.816,0.79469,0.79477,1.50,1.25
2014.07.14 02:45:39.677,0.79468,0.79477,2.44,1.25
2014.07.14 02:45:41.796,0.79469,0.79477,1.25,1.69
2014.07.14 02:45:49.420,0.79468,0.79477,3.19,1.25
2014.07.14 02:45:53.617,0.79469,0.79477,1.25,1.69
2014.07.14 02:45:55.424,0.79468,0.79477,2.44,1.69
2014.07.14 02:46:01.440,0.79468,0.79476,1.69,1.25
2014.07.14 02:46:03.446,0.79468,0.79478,2.44,1.54
2014.07.14 02:46:06.556,0.79468,0.79478,1.69,1.25
2014.07.14 02:46:11.574,0.79469,0.79478,1.00,1.19
2014.07.14 02:46:14.666,0.79469,0.79477,1.69,1.25
2014.07.14 02:46:19.683,0.79469,0.79478,1.00,1.19
2014.07.14 02:46:20.686,0.79469,0.79478,1.25,1.25
2014.07.14 02:46:22.691,0.79469,0.79478,1.00,1.19
2014.07.14 02:46:24.656,0.79468,0.79478,1.69,1.19
2014.07.14 02:46:25.390,0.79469,0.79478,1.25,1.25
2014.07.14 02:46:25.907,0.79468,0.79478,1.69,1.19
2014.07.14 02:46:29.057,0.79469,0.79477,1.19,1.25
2014.07.14 02:46:34.633,0.79468,0.79478,1.69,1.25
2014.07.14 02:46:37.622,0.79469,0.79477,1.19,1.25
2014.07.14 02:46:55.671,0.79468,0.79478,1.69,1.19
2014.07.14 02:46:59.596,0.7947,0.7948,1.25,1.69
2014.07.14 02:47:01.637,0.79469,0.79479,1.25,2.44
2014.07.14 02:47:15.780,0.79469,0.79479,1.19,2.44
2014.07.14 02:47:25.767,0.7947,0.79478,1.19,1.25
2014.07.14 02:47:27.874,0.79469,0.79479,1.19,2.44
2014.07.14 02:47:32.785,0.79469,0.79479,1.25,2.44
2014.07.14 02:47:51.851,0.79469,0.79479,1.69,1.69
2014.07.14 02:48:00.783,0.7947,0.79479,1.25,2.07
2014.07.14 02:48:01.302,0.7947,0.79478,1.19,1.63
2014.07.14 02:48:02.478,0.7947,0.79478,1.19,1.32
2014.07.14 02:48:03.165,0.79469,0.79479,1.69,2.82
2014.07.14 02:48:09.188,0.79469,0.79479,1.69,2.82
2014.07.14 02:48:14.381,0.79469,0.79479,2.44,2.82
2014.07.14 02:48:22.713,0.79469,0.79477,1.19,1.32
2014.07.14 02:48:31.279,0.7947,0.79479,1.50,1.57
2014.07.14 02:48:33.279,0.79469,0.79478,1.25,1.32
2014.07.14 02:48:35.777,0.79469,0.79478,1.25,1.63
2014.07.14 02:48:36.565,0.7947,0.79478,2.25,1.63
2014.07.14 02:49:20.016,0.79469,0.79479,1.69,1.57
2014.07.14 02:49:28.084,0.79469,0.79479,1.69,1.63
2014.07.14 02:49:31.372,0.79469,0.79479,1.69,1.57
2014.07.14 02:49:32.823,0.79469,0.79479,1.69,1.57
2014.07.14 02:49:36.082,0.79469,0.79479,1.69,1.57
2014.07.14 02:49:36.613,0.79469,0.79479,1.69,1.57
2014.07.14 02:49:37.147,0.79469,0.79478,1.00,1.32
2014.07.14 02:49:38.733,0.79469,0.79478,1.25,1.32
2014.07.14 02:49:40.751,0.79468,0.79478,2.44,1.19
2014.07.14 02:49:46.567,0.79469,0.79478,1.00,1.19
2014.07.14 02:49:47.206,0.79469,0.79478,1.25,1.25
2014.07.14 02:49:47.871,0.79469,0.79478,1.00,1.19
2014.07.14 02:49:49.879,0.79469,0.79477,1.69,1.25
2014.07.14 02:49:52.059,0.79469,0.79478,1.25,1.63
2014.07.14 02:49:52.664,0.79469,0.79478,1.25,1.32
2014.07.14 02:49:53.317,0.7947,0.79478,1.00,1.32
2014.07.14 02:49:53.897,0.7947,0.79478,1.69,1.32
2014.07.14 02:50:21.749,0.7947,0.79478,1.19,1.32
2014.07.14 02:50:22.753,0.79469,0.79479,3.19,2.07
2014.07.14 02:50:23.756,0.79469,0.79479,3.19,2.07
2014.07.14 02:50:24.760,0.7947,0.79478,1.25,1.32
2014.07.14 02:50:48.168,0.7947,0.79477,1.19,1.00
2014.07.14 02:50:49.149,0.79469,0.79477,3.94,1.00
2014.07.14 02:50:50.132,0.7947,0.79477,1.25,1.25
2014.07.14 02:50:51.531,0.79469,0.79477,3.94,1.00
2014.07.14 02:51:05.459,0.7947,0.79477,1.50,1.00
2014.07.14 02:51:26.281,0.7947,0.79479,1.00,2.07
2014.07.14 02:51:29.203,0.7947,0.79478,1.69,1.19
2014.07.14 02:51:33.113,0.7947,0.79479,1.00,2.07
2014.07.14 02:51:50.293,0.7947,0.79478,1.69,1.32
2014.07.14 02:51:51.251,0.7947,0.79479,1.00,2.07
2014.07.14 02:52:01.279,0.7947,0.79477,1.25,1.25
2014.07.14 02:52:06.896,0.79468,0.79478,3.19,1.63
2014.07.14 02:52:13.916,0.79469,0.79477,1.19,1.32
2014.07.14 02:52:16.001,0.79468,0.79478,2.44,1.63
2014.07.14 02:52:16.502,0.79468,0.79478,2.44,1.57
2014.07.14 02:52:17.142,0.79469,0.79478,1.00,1.57
2014.07.14 02:52:17.730,0.79469,0.79479,1.69,1.69
2014.07.14 02:52:18.237,0.7947,0.79479,2.25,1.19
2014.07.14 02:52:18.937,0.7947,0.7948,3.19,1.25
2014.07.14 02:52:19.920,0.79472,0.7948,1.25,1.19
2014.07.14 02:52:24.947,0.79471,0.79481,1.32,2.44
2014.07.14 02:52:25.932,0.79471,0.79481,1.25,2.44
2014.07.14 02:52:26.969,0.79471,0.79481,1.19,2.44
2014.07.14 02:52:27.987,0.79471,0.79481,1.25,2.44
2014.07.14 02:52:29.984,0.79471,0.79481,1.19,2.82
2014.07.14 02:52:33.959,0.79471,0.79481,1.25,2.44
2014.07.14 02:52:58.601,0.79471,0.79481,1.19,2.44
2014.07.14 02:53:01.601,0.79471,0.79481,1.25,2.44
2014.07.14 02:53:10.769,0.79471,0.79481,1.19,2.44
2014.07.14 02:53:16.132,0.79471,0.79481,1.25,2.44
2014.07.14 02:54:16.127,0.7947,0.79483,1.50,2.63
2014.07.14 02:54:17.456,0.7947,0.79483,1.50,2.63
2014.07.14 02:54:18.557,0.79469,0.79483,3.75,2.63
2014.07.14 02:54:19.034,0.79469,0.79483,3.75,2.25
2014.07.14 02:54:19.377,0.79471,0.79481,1.19,1.25
2014.07.14 02:54:20.354,0.79471,0.79481,1.25,1.19
2014.07.14 02:54:21.406,0.79471,0.79481,1.19,1.25
2014.07.14 02:54:22.358,0.79471,0.79481,1.25,1.19
2014.07.14 02:54:23.373,0.79471,0.79481,1.19,1.25
2014.07.14 02:54:27.441,0.79471,0.79481,1.25,1.69
2014.07.14 02:54:28.468,0.79472,0.7948,1.19,1.25
2014.07.14 02:55:02.950,0.79471,0.79481,1.25,1.32
2014.07.14 02:55:11.272,0.79472,0.7948,1.25,1.19
2014.07.14 02:55:26.292,0.79472,0.7948,1.19,1.25
2014.07.14 02:55:30.333,0.79472,0.79482,1.25,3.57
2014.07.14 02:55:30.875,0.79473,0.79481,1.00,1.32
2014.07.14 02:55:35.904,0.79471,0.79479,3.19,1.00
2014.07.14 02:56:04.295,0.79471,0.79479,1.32,1.00
2014.07.14 02:56:07.292,0.79471,0.79479,2.44,1.69
2014.07.14 02:56:08.296,0.79471,0.79479,1.69,1.00
2014.07.14 02:56:18.616,0.79472,0.79479,1.00,1.00
2014.07.14 02:56:50.003,0.79474,0.79479,1.00,1.25
2014.07.14 02:56:50.105,0.79474,0.79481,1.00,1.25
2014.07.14 02:56:50.561,0.79472,0.79481,1.69,1.25
2014.07.14 02:56:54.461,0.79473,0.79483,1.19,2.07
2014.07.14 02:56:54.968,0.79475,0.79483,1.69,1.00
2014.07.14 02:56:55.475,0.79476,0.79485,1.00,1.69
2014.07.14 02:56:56.009,0.79476,0.79485,1.69,1.25
2014.07.14 02:56:57.476,0.79477,0.79485,1.50,1.25
2014.07.14 02:56:57.987,0.79478,0.79486,1.00,1.19
2014.07.14 02:56:59.561,0.79478,0.79486,1.00,1.25
2014.07.14 02:57:00.070,0.79477,0.79486,1.69,1.25
2014.07.14 02:57:00.527,0.79477,0.79485,1.25,1.19
2014.07.14 02:57:02.729,0.79476,0.79486,2.07,2.07
2014.07.14 02:57:04.742,0.79476,0.79486,2.07,2.07
2014.07.14 02:57:06.742,0.79476,0.79486,2.07,2.07
2014.07.14 02:57:07.744,0.79476,0.79486,2.07,2.07
2014.07.14 02:57:08.746,0.79477,0.79486,1.25,1.63
2014.07.14 02:57:12.193,0.79476,0.79486,2.07,2.07
2014.07.14 02:57:14.666,0.79479,0.79486,1.25,1.32
2014.07.14 02:57:15.710,0.79478,0.79488,1.69,3.57
2014.07.14 02:57:20.924,0.79478,0.79487,2.07,1.25
2014.07.14 02:57:21.431,0.7948,0.79489,1.00,1.69
2014.07.14 02:57:22.029,0.7948,0.79488,1.69,1.25
2014.07.14 02:57:26.141,0.79479,0.79488,1.25,1.32
2014.07.14 02:57:26.395,0.79478,0.79486,4.32,1.25
2014.07.14 02:57:27.399,0.79478,0.79487,2.25,1.69
2014.07.14 02:57:30.412,0.79478,0.79486,1.69,1.25
2014.07.14 02:57:32.455,0.79478,0.79487,1.00,2.07
2014.07.14 02:57:33.418,0.79478,0.79486,1.69,1.25
2014.07.14 02:57:34.568,0.79478,0.79487,1.00,2.07
2014.07.14 02:57:36.539,0.79478,0.79485,1.00,1.19
2014.07.14 02:57:40.554,0.79478,0.79486,1.00,1.25
2014.07.14 02:57:44.973,0.79478,0.79487,1.25,2.07
2014.07.14 02:57:54.208,0.79478,0.79486,2.07,1.25
2014.07.14 02:57:56.217,0.79478,0.79487,1.32,1.32
2014.07.14 02:57:57.221,0.79478,0.79487,1.00,1.32
2014.07.14 02:58:01.231,0.79478,0.79485,1.25,1.25
2014.07.14 02:58:02.198,0.79478,0.79487,1.00,2.07
2014.07.14 02:58:15.139,0.79477,0.79487,1.69,2.07
2014.07.14 02:58:32.383,0.79477,0.79486,1.00,1.19
2014.07.14 02:58:36.153,0.79477,0.79486,1.25,1.25
2014.07.14 02:58:37.024,0.79478,0.79486,1.00,1.25
2014.07.14 02:58:41.565,0.79478,0.79485,1.00,1.25
2014.07.14 02:58:48.385,0.79478,0.79486,1.13,1.32
2014.07.14 02:58:50.409,0.79478,0.79486,2.07,1.32
2014.07.14 02:58:52.420,0.79478,0.79487,1.32,2.07
2014.07.14 02:59:02.114,0.79478,0.79486,1.13,1.32
2014.07.14 02:59:03.142,0.79478,0.79486,1.13,1.32
2014.07.14 02:59:06.127,0.79478,0.79486,2.07,2.07
2014.07.14 02:59:07.121,0.79478,0.79486,1.32,1.13
2014.07.14 02:59:10.176,0.79478,0.79485,1.32,1.25
2014.07.14 02:59:13.139,0.79478,0.79486,1.00,1.25
2014.07.14 02:59:29.301,0.79478,0.79487,1.32,1.25
2014.07.14 02:59:30.276,0.79478,0.79486,2.07,1.25
2014.07.14 02:59:31.291,0.79479,0.79487,1.19,1.25
2014.07.14 02:59:33.316,0.79478,0.79488,2.82,1.32
2014.07.14 02:59:38.296,0.79479,0.79488,1.00,1.32
2014.07.14 02:59:42.319,0.79479,0.79488,1.25,1.32
2014.07.14 02:59:45.562,0.79483,0.79489,1.00,1.69
2014.07.14 02:59:45.613,0.79481,0.79489,2.07,1.69
2014.07.14 02:59:46.950,0.79481,0.79491,3.94,3.19
2014.07.14 02:59:49.852,0.79484,0.79491,1.00,1.69
