2014.07.28 04:00:00.036,0.79102,0.79111,1.00,4.69
2014.07.28 04:00:00.545,0.79102,0.79111,2.07,2.25
2014.07.28 04:00:02.233,0.79103,0.79111,1.19,3.19
2014.07.28 04:00:03.212,0.79102,0.79112,1.32,2.44
2014.07.28 04:00:05.217,0.79102,0.79112,1.32,2.44
2014.07.28 04:00:06.220,0.79103,0.79111,1.25,1.19
2014.07.28 04:00:09.348,0.79102,0.79112,1.32,2.44
2014.07.28 04:00:10.365,0.79102,0.7911,1.19,1.25
2014.07.28 04:00:11.333,0.79101,0.79111,2.82,1.25
2014.07.28 04:00:13.338,0.79103,0.79111,1.25,1.19
2014.07.28 04:00:15.387,0.79101,0.79111,2.82,1.25
2014.07.28 04:00:24.562,0.79103,0.79111,1.25,1.19
2014.07.28 04:00:32.628,0.79101,0.79111,2.07,1.69
2014.07.28 04:00:33.600,0.79101,0.79111,2.07,1.69
2014.07.28 04:00:36.610,0.79102,0.7911,1.25,1.19
2014.07.28 04:00:39.654,0.79101,0.79111,2.07,1.69
2014.07.28 04:00:45.266,0.79102,0.79112,1.19,1.69
2014.07.28 04:00:46.430,0.79102,0.79112,1.25,1.69
2014.07.28 04:00:57.809,0.79101,0.79111,2.82,1.25
2014.07.28 04:00:58.349,0.79101,0.79111,2.82,1.25
2014.07.28 04:00:58.868,0.79103,0.79113,1.25,3.94
2014.07.28 04:00:59.504,0.79104,0.79113,1.25,3.94
2014.07.28 04:01:03.736,0.79103,0.79112,1.69,1.00
2014.07.28 04:01:04.403,0.79103,0.79113,1.69,4.69
2014.07.28 04:01:05.145,0.79103,0.79112,1.25,1.25
2014.07.28 04:01:07.740,0.79102,0.79111,2.07,1.00
2014.07.28 04:01:10.233,0.79103,0.79112,1.25,3.94
2014.07.28 04:01:20.277,0.79103,0.79111,1.69,1.25
2014.07.28 04:01:26.278,0.79103,0.79112,1.25,1.69
2014.07.28 04:01:31.438,0.79102,0.79112,1.25,2.44
2014.07.28 04:01:43.425,0.79102,0.7911,1.19,1.25
2014.07.28 04:01:44.424,0.79102,0.79112,1.25,2.44
2014.07.28 04:01:45.428,0.79102,0.7911,1.19,1.25
2014.07.28 04:01:50.454,0.79102,0.79112,1.25,3.94
2014.07.28 04:01:54.455,0.79102,0.7911,1.19,1.25
2014.07.28 04:01:59.517,0.79102,0.79111,1.25,1.25
2014.07.28 04:02:06.487,0.79102,0.7911,1.69,1.25
2014.07.28 04:02:11.529,0.79102,0.79111,1.25,1.25
2014.07.28 04:02:18.620,0.79101,0.79111,2.07,1.19
2014.07.28 04:02:19.725,0.79102,0.7911,1.25,1.19
2014.07.28 04:02:23.632,0.79101,0.79111,2.07,1.19
2014.07.28 04:02:31.648,0.79101,0.79111,1.32,1.25
2014.07.28 04:02:32.649,0.79102,0.7911,1.19,1.25
2014.07.28 04:02:38.690,0.79101,0.79111,1.32,1.25
2014.07.28 04:02:41.698,0.79101,0.79111,1.32,1.32
2014.07.28 04:02:46.130,0.791,0.79109,2.44,1.25
2014.07.28 04:02:47.119,0.791,0.79108,1.19,1.25
2014.07.28 04:02:48.125,0.79099,0.79109,2.44,3.94
2014.07.28 04:03:03.165,0.79099,0.79109,2.82,1.69
2014.07.28 04:03:04.203,0.79099,0.79109,2.82,1.69
2014.07.28 04:03:08.202,0.791,0.79109,1.25,1.25
2014.07.28 04:03:09.226,0.791,0.79109,1.19,1.00
2014.07.28 04:03:09.733,0.791,0.7911,2.07,1.25
2014.07.28 04:03:21.513,0.791,0.7911,2.44,1.19
2014.07.28 04:03:27.575,0.791,0.7911,2.44,1.25
2014.07.28 04:03:30.662,0.79102,0.7911,1.25,1.19
2014.07.28 04:03:34.288,0.791,0.7911,2.44,1.19
2014.07.28 04:03:35.285,0.79101,0.79109,1.25,1.19
2014.07.28 04:03:39.264,0.791,0.7911,2.44,1.19
2014.07.28 04:03:54.304,0.791,0.7911,2.07,1.25
2014.07.28 04:04:12.374,0.791,0.7911,1.69,1.19
2014.07.28 04:04:21.399,0.791,0.7911,1.69,1.25
2014.07.28 04:04:24.406,0.79101,0.79109,1.19,1.25
2014.07.28 04:04:31.723,0.791,0.7911,1.69,1.19
2014.07.28 04:04:32.728,0.791,0.7911,1.69,1.25
2014.07.28 04:04:40.849,0.79102,0.7911,1.25,1.69
2014.07.28 04:04:41.854,0.79101,0.7911,1.25,1.25
2014.07.28 04:04:46.873,0.79101,0.79109,1.32,1.25
2014.07.28 04:04:49.881,0.79101,0.79109,1.32,1.19
2014.07.28 04:04:55.930,0.79099,0.79109,3.94,1.25
2014.07.28 04:04:59.958,0.791,0.79108,1.57,1.25
2014.07.28 04:05:03.225,0.79099,0.79109,1.32,2.44
2014.07.28 04:05:05.274,0.791,0.79108,1.25,1.19
2014.07.28 04:05:10.249,0.79098,0.79108,1.69,1.25
2014.07.28 04:05:11.271,0.79099,0.79107,1.32,1.25
2014.07.28 04:05:12.256,0.79099,0.79109,1.32,4.69
2014.07.28 04:05:27.272,0.79098,0.79108,3.19,1.25
2014.07.28 04:05:42.328,0.79099,0.79109,1.32,4.69
2014.07.28 04:06:06.969,0.79099,0.79109,3.19,1.19
2014.07.28 04:06:07.329,0.79101,0.79109,1.19,1.25
2014.07.28 04:06:09.309,0.79101,0.7911,1.32,1.25
2014.07.28 04:06:14.342,0.79099,0.79109,1.32,1.25
2014.07.28 04:06:22.440,0.79099,0.79109,1.32,1.69
2014.07.28 04:06:22.952,0.791,0.79109,1.00,1.19
2014.07.28 04:06:23.744,0.791,0.7911,1.69,1.25
2014.07.28 04:06:24.747,0.79102,0.7911,1.25,1.19
2014.07.28 04:06:30.763,0.791,0.7911,1.69,1.25
2014.07.28 04:06:33.774,0.79102,0.7911,1.25,1.19
2014.07.28 04:06:36.830,0.79101,0.79111,1.32,4.69
2014.07.28 04:06:37.431,0.79101,0.79111,1.32,3.57
2014.07.28 04:06:38.210,0.79102,0.79111,1.25,2.07
2014.07.28 04:06:41.284,0.79103,0.79111,1.19,1.32
2014.07.28 04:06:42.302,0.79102,0.79112,1.69,3.19
2014.07.28 04:06:56.089,0.79101,0.79111,1.69,1.19
2014.07.28 04:06:57.092,0.79102,0.7911,1.25,1.19
2014.07.28 04:07:11.369,0.791,0.79108,1.19,1.25
2014.07.28 04:07:12.366,0.79099,0.79109,1.32,2.44
2014.07.28 04:07:20.882,0.79101,0.79109,1.25,1.69
2014.07.28 04:07:21.904,0.791,0.7911,1.25,2.44
2014.07.28 04:07:24.873,0.79101,0.79109,1.25,1.69
2014.07.28 04:07:29.883,0.79099,0.79109,2.44,1.69
2014.07.28 04:07:40.921,0.791,0.7911,1.32,2.07
2014.07.28 04:07:45.923,0.791,0.7911,1.32,2.44
2014.07.28 04:07:54.946,0.79101,0.79109,1.19,1.25
2014.07.28 04:07:56.951,0.79101,0.79109,1.25,1.19
2014.07.28 04:07:57.977,0.791,0.7911,2.44,1.19
2014.07.28 04:08:03.021,0.791,0.7911,2.44,1.25
2014.07.28 04:08:03.998,0.791,0.7911,2.44,1.19
2014.07.28 04:08:04.641,0.791,0.7911,2.44,1.19
2014.07.28 04:08:05.246,0.791,0.7911,2.44,1.25
2014.07.28 04:08:18.033,0.79101,0.79109,1.32,1.25
2014.07.28 04:08:24.046,0.791,0.7911,2.44,1.69
2014.07.28 04:08:29.599,0.79101,0.79109,1.69,1.19
2014.07.28 04:08:37.175,0.79101,0.7911,1.00,1.69
2014.07.28 04:08:39.179,0.79101,0.7911,1.25,1.69
2014.07.28 04:08:49.852,0.79101,0.79109,1.32,1.19
2014.07.28 04:08:59.131,0.79101,0.7911,1.25,1.25
2014.07.28 04:09:03.159,0.79102,0.79112,1.25,2.44
2014.07.28 04:09:17.177,0.79101,0.79111,1.32,1.69
2014.07.28 04:09:17.727,0.79102,0.79111,1.00,1.69
2014.07.28 04:09:20.185,0.79102,0.79111,1.25,1.69
2014.07.28 04:09:21.188,0.79103,0.79111,1.25,1.19
2014.07.28 04:09:22.206,0.79102,0.79111,1.25,1.25
2014.07.28 04:09:28.211,0.79101,0.79111,2.07,1.19
2014.07.28 04:09:30.818,0.79101,0.79111,3.57,1.25
2014.07.28 04:09:38.939,0.79101,0.79111,3.57,1.32
2014.07.28 04:09:39.840,0.79101,0.79111,3.57,1.32
2014.07.28 04:09:48.963,0.79101,0.79111,2.07,1.69
2014.07.28 04:09:55.375,0.79101,0.79111,2.07,1.69
2014.07.28 04:09:56.412,0.79101,0.79111,2.82,1.69
2014.07.28 04:09:56.616,0.79104,0.79113,1.69,1.25
2014.07.28 04:09:57.123,0.79103,0.79113,2.82,1.25
2014.07.28 04:09:57.731,0.79106,0.79115,1.00,2.07
2014.07.28 04:09:58.681,0.79106,0.79115,1.25,2.07
2014.07.28 04:09:59.382,0.79106,0.79114,1.25,1.00
2014.07.28 04:10:05.416,0.79106,0.79114,1.19,1.69
2014.07.28 04:10:09.459,0.79106,0.79114,1.69,1.19
2014.07.28 04:10:10.469,0.79106,0.79115,1.25,2.07
2014.07.28 04:10:11.427,0.79106,0.79115,1.00,2.07
2014.07.28 04:10:31.981,0.79106,0.79115,1.25,2.07
2014.07.28 04:10:40.007,0.79105,0.79115,2.07,2.82
2014.07.28 04:10:45.030,0.79105,0.79115,2.07,2.82
2014.07.28 04:10:51.032,0.79106,0.79114,1.19,1.25
2014.07.28 04:10:54.038,0.79106,0.79114,1.25,1.19
2014.07.28 04:10:55.050,0.79106,0.79115,1.25,2.82
2014.07.28 04:10:57.047,0.79106,0.79114,1.69,1.19
2014.07.28 04:10:58.053,0.79106,0.79115,1.25,2.82
2014.07.28 04:11:03.068,0.79106,0.79113,1.25,1.25
2014.07.28 04:11:03.392,0.79103,0.79113,1.25,1.19
2014.07.28 04:11:03.902,0.79103,0.79113,1.69,2.82
2014.07.28 04:11:04.659,0.79102,0.79112,2.07,1.57
2014.07.28 04:11:05.190,0.79103,0.79112,1.00,1.57
2014.07.28 04:11:08.882,0.79101,0.79111,3.19,1.32
2014.07.28 04:11:22.830,0.79101,0.79111,3.19,1.32
2014.07.28 04:11:25.857,0.79101,0.79111,3.19,1.32
2014.07.28 04:11:28.869,0.79103,0.79112,1.00,1.32
2014.07.28 04:11:38.316,0.79102,0.79111,1.25,1.25
2014.07.28 04:11:46.197,0.79103,0.79111,1.25,1.19
2014.07.28 04:11:49.908,0.79102,0.79112,2.82,1.19
2014.07.28 04:12:22.050,0.79102,0.79112,1.69,1.25
2014.07.28 04:12:44.204,0.79104,0.79112,1.25,1.19
2014.07.28 04:12:45.207,0.79103,0.79113,1.25,2.07
2014.07.28 04:12:48.257,0.79104,0.79112,1.19,1.25
2014.07.28 04:12:56.233,0.79104,0.79114,1.32,1.69
2014.07.28 04:13:01.242,0.79104,0.79114,1.32,1.69
2014.07.28 04:13:02.244,0.79103,0.79113,2.82,1.25
2014.07.28 04:13:04.472,0.79103,0.79112,2.82,1.00
2014.07.28 04:13:13.310,0.79104,0.79112,1.19,1.69
2014.07.28 04:13:14.321,0.79103,0.79112,2.07,1.00
2014.07.28 04:13:16.284,0.79105,0.79112,1.25,1.25
2014.07.28 04:13:17.285,0.79104,0.79112,1.25,1.00
2014.07.28 04:13:18.786,0.79104,0.79114,1.25,2.07
2014.07.28 04:13:29.455,0.79104,0.79112,1.25,1.19
2014.07.28 04:13:31.467,0.79101,0.79111,3.19,1.25
2014.07.28 04:13:47.282,0.79103,0.79111,1.00,1.25
2014.07.28 04:13:53.245,0.79102,0.79112,1.25,1.32
2014.07.28 04:13:53.757,0.79103,0.79111,1.00,1.25
2014.07.28 04:13:56.531,0.79101,0.79111,2.44,1.25
2014.07.28 04:13:59.663,0.79102,0.7911,1.25,1.00
2014.07.28 04:14:00.203,0.79102,0.79111,2.44,1.25
2014.07.28 04:14:00.868,0.79102,0.79112,3.19,1.69
2014.07.28 04:14:08.463,0.79102,0.79112,3.57,1.25
2014.07.28 04:14:09.155,0.79104,0.79112,1.32,1.19
2014.07.28 04:14:14.211,0.79103,0.79113,1.63,2.07
2014.07.28 04:14:16.183,0.79103,0.79111,1.57,1.25
2014.07.28 04:14:17.178,0.79103,0.79113,1.63,2.82
2014.07.28 04:14:44.428,0.79104,0.79112,1.32,1.19
2014.07.28 04:14:59.389,0.79103,0.79113,1.69,1.25
2014.07.28 04:15:00.392,0.79103,0.79113,1.69,1.19
2014.07.28 04:15:08.063,0.79103,0.79113,2.44,1.32
2014.07.28 04:15:08.596,0.79104,0.79112,1.25,1.19
2014.07.28 04:15:11.441,0.79103,0.79112,1.25,1.25
2014.07.28 04:15:29.492,0.79104,0.79112,1.25,1.19
2014.07.28 04:15:42.913,0.79102,0.79112,2.44,1.25
2014.07.28 04:15:44.899,0.79104,0.79112,1.25,1.19
2014.07.28 04:15:47.905,0.79103,0.79113,1.32,1.69
2014.07.28 04:15:49.910,0.79103,0.79113,1.32,1.69
2014.07.28 04:15:50.912,0.79103,0.79113,1.32,1.69
2014.07.28 04:15:53.918,0.79103,0.79113,1.32,1.69
2014.07.28 04:15:55.034,0.79104,0.79112,1.25,1.19
2014.07.28 04:15:57.026,0.79103,0.79113,1.32,1.69
2014.07.28 04:15:58.029,0.79103,0.79113,1.32,1.69
2014.07.28 04:16:03.042,0.79104,0.79112,1.25,1.19
2014.07.28 04:16:04.045,0.79103,0.79113,1.32,1.69
2014.07.28 04:16:06.048,0.79103,0.79113,2.07,1.69
2014.07.28 04:16:07.052,0.79104,0.79112,1.25,1.19
2014.07.28 04:16:15.167,0.79103,0.79112,1.13,1.19
2014.07.28 04:16:16.672,0.79103,0.79113,2.07,1.69
2014.07.28 04:16:21.686,0.79103,0.79111,1.32,1.25
2014.07.28 04:16:22.790,0.79103,0.79113,1.32,1.69
2014.07.28 04:16:26.820,0.79102,0.79112,1.25,2.07
2014.07.28 04:16:29.811,0.79102,0.79112,1.19,2.07
2014.07.28 04:16:30.818,0.79102,0.79112,1.25,2.07
2014.07.28 04:16:42.177,0.79101,0.79111,3.94,1.19
2014.07.28 04:16:43.150,0.79102,0.7911,1.19,1.25
2014.07.28 04:16:55.279,0.79101,0.79111,3.19,1.69
2014.07.28 04:16:56.082,0.79101,0.7911,3.19,1.00
2014.07.28 04:16:58.629,0.79101,0.79109,3.19,1.00
2014.07.28 04:17:02.558,0.79102,0.79109,1.19,1.00
2014.07.28 04:17:08.190,0.79102,0.79109,1.25,1.00
2014.07.28 04:17:14.587,0.79102,0.79109,1.19,1.00
2014.07.28 04:17:16.269,0.79102,0.7911,1.19,1.69
2014.07.28 04:17:16.971,0.79102,0.7911,1.25,1.00
2014.07.28 04:17:23.108,0.79103,0.7911,1.25,1.25
2014.07.28 04:17:24.211,0.79102,0.7911,1.25,1.00
2014.07.28 04:17:26.217,0.79103,0.7911,1.25,1.25
2014.07.28 04:17:40.147,0.79102,0.7911,1.25,1.00
2014.07.28 04:17:40.389,0.791,0.7911,2.07,1.19
2014.07.28 04:17:40.897,0.79101,0.7911,1.00,1.57
2014.07.28 04:17:41.403,0.79101,0.79108,1.25,1.25
2014.07.28 04:17:48.479,0.79101,0.7911,1.69,1.25
2014.07.28 04:17:51.629,0.79101,0.79111,3.19,1.25
2014.07.28 04:17:57.870,0.79101,0.79111,1.69,1.63
2014.07.28 04:17:58.124,0.791,0.7911,2.07,1.69
2014.07.28 04:18:02.118,0.79101,0.79109,1.25,1.19
2014.07.28 04:18:07.230,0.791,0.79109,1.32,1.25
2014.07.28 04:18:09.237,0.79101,0.79109,1.25,1.19
2014.07.28 04:18:12.245,0.791,0.7911,2.07,2.07
2014.07.28 04:18:17.260,0.79101,0.79109,1.32,1.32
2014.07.28 04:18:22.271,0.791,0.79109,1.63,1.32
2014.07.28 04:18:30.388,0.79101,0.79109,1.32,1.32
2014.07.28 04:18:31.392,0.791,0.7911,2.07,2.82
2014.07.28 04:18:40.546,0.79101,0.79109,1.32,1.32
2014.07.28 04:18:41.540,0.791,0.7911,2.07,2.07
2014.07.28 04:18:42.143,0.791,0.7911,1.69,2.07
2014.07.28 04:18:45.534,0.79101,0.79109,1.25,1.19
2014.07.28 04:18:46.531,0.791,0.7911,1.69,2.07
2014.07.28 04:18:50.960,0.791,0.7911,2.44,2.82
2014.07.28 04:18:51.961,0.79101,0.79109,1.25,1.19
2014.07.28 04:18:57.086,0.791,0.7911,2.44,2.82
2014.07.28 04:19:01.068,0.79101,0.79109,1.25,1.19
2014.07.28 04:19:03.093,0.791,0.7911,1.19,1.32
2014.07.28 04:19:05.116,0.791,0.7911,1.25,1.32
2014.07.28 04:19:06.077,0.791,0.7911,1.19,1.32
2014.07.28 04:19:07.186,0.791,0.7911,1.25,1.32
2014.07.28 04:19:08.175,0.791,0.7911,1.19,1.32
2014.07.28 04:19:10.215,0.791,0.7911,1.25,1.32
2014.07.28 04:19:13.991,0.79101,0.79109,1.19,1.25
2014.07.28 04:19:15.095,0.791,0.7911,1.25,1.32
2014.07.28 04:19:27.155,0.79099,0.79109,2.07,1.19
2014.07.28 04:19:33.143,0.79099,0.79109,2.07,1.25
2014.07.28 04:19:38.158,0.79101,0.79109,1.25,1.19
2014.07.28 04:19:43.212,0.79099,0.79109,2.82,1.19
2014.07.28 04:19:48.212,0.79099,0.79109,2.82,1.25
2014.07.28 04:19:50.204,0.791,0.79108,1.19,1.25
2014.07.28 04:19:51.256,0.791,0.7911,1.25,1.69
2014.07.28 04:19:55.360,0.791,0.79108,1.25,1.19
2014.07.28 04:19:56.220,0.791,0.79108,1.19,1.25
2014.07.28 04:19:58.348,0.791,0.7911,1.25,1.19
2014.07.28 04:20:18.381,0.791,0.79108,1.32,1.25
2014.07.28 04:20:19.483,0.791,0.79109,1.32,1.32
2014.07.28 04:20:24.623,0.791,0.7911,2.07,2.07
2014.07.28 04:20:26.638,0.791,0.7911,2.07,2.07
2014.07.28 04:20:27.653,0.791,0.79108,2.07,1.25
2014.07.28 04:20:32.624,0.791,0.79109,1.32,1.32
2014.07.28 04:20:40.671,0.791,0.79109,1.13,1.32
2014.07.28 04:20:41.698,0.791,0.79109,1.32,1.32
2014.07.28 04:20:42.685,0.791,0.79108,2.07,1.25
2014.07.28 04:20:55.502,0.79098,0.79108,2.82,1.25
2014.07.28 04:21:15.609,0.79099,0.79108,1.19,1.00
2014.07.28 04:21:18.572,0.791,0.79108,1.25,1.69
2014.07.28 04:21:30.749,0.79098,0.79108,1.32,1.25
2014.07.28 04:21:40.024,0.79099,0.79109,1.19,3.94
2014.07.28 04:21:41.038,0.79099,0.79109,1.25,3.94
2014.07.28 04:21:43.033,0.791,0.79108,1.25,1.19
2014.07.28 04:21:44.036,0.79099,0.79109,1.25,4.32
2014.07.28 04:21:46.643,0.79099,0.79107,1.19,1.25
2014.07.28 04:21:51.403,0.79099,0.79109,1.32,1.19
2014.07.28 04:22:01.510,0.79099,0.79109,1.32,1.25
2014.07.28 04:22:21.645,0.79101,0.79109,1.25,1.19
2014.07.28 04:22:24.655,0.79099,0.79109,1.32,1.25
2014.07.28 04:22:45.813,0.791,0.79108,1.25,1.00
2014.07.28 04:23:01.387,0.79099,0.79108,1.32,1.25
2014.07.28 04:23:10.371,0.79099,0.79109,2.82,1.25
2014.07.28 04:23:16.388,0.79101,0.79109,1.25,1.19
2014.07.28 04:23:18.516,0.79099,0.79109,3.57,1.19
2014.07.28 04:23:19.492,0.791,0.7911,1.25,2.82
2014.07.28 04:23:29.323,0.791,0.7911,2.07,1.32
2014.07.28 04:23:34.575,0.791,0.79108,2.07,1.25
2014.07.28 04:23:36.533,0.791,0.7911,2.07,1.32
2014.07.28 04:23:42.439,0.791,0.7911,1.69,1.19
2014.07.28 04:23:52.869,0.79101,0.79109,1.19,1.25
2014.07.28 04:23:53.874,0.791,0.7911,1.69,1.19
2014.07.28 04:23:54.915,0.791,0.7911,1.69,1.25
2014.07.28 04:23:56.881,0.791,0.7911,2.44,1.19
2014.07.28 04:24:00.889,0.791,0.7911,2.44,1.25
2014.07.28 04:24:01.893,0.791,0.7911,2.44,1.19
2014.07.28 04:24:04.898,0.791,0.7911,1.69,1.25
2014.07.28 04:24:05.902,0.79101,0.79109,1.25,1.19
2014.07.28 04:24:14.124,0.791,0.7911,1.25,1.32
2014.07.28 04:24:20.136,0.791,0.79108,1.19,1.25
2014.07.28 04:24:22.141,0.79099,0.79109,3.57,1.25
2014.07.28 04:24:38.327,0.79101,0.79109,1.25,1.19
2014.07.28 04:24:42.472,0.791,0.7911,1.19,1.32
2014.07.28 04:24:44.538,0.79101,0.79109,1.25,1.19
2014.07.28 04:24:45.558,0.791,0.7911,1.19,2.07
2014.07.28 04:24:46.544,0.79101,0.79109,1.25,1.19
2014.07.28 04:24:48.546,0.791,0.7911,1.19,2.07
2014.07.28 04:24:51.554,0.791,0.7911,1.25,2.07
2014.07.28 04:24:54.559,0.79101,0.79109,1.25,1.19
2014.07.28 04:24:56.565,0.791,0.7911,1.25,1.32
2014.07.28 04:25:08.592,0.791,0.79108,2.44,1.25
2014.07.28 04:25:35.577,0.791,0.7911,1.69,1.32
2014.07.28 04:26:00.893,0.79101,0.79109,1.25,1.19
2014.07.28 04:26:02.933,0.791,0.7911,1.69,2.82
2014.07.28 04:26:25.436,0.791,0.79108,1.69,1.25
2014.07.28 04:26:39.073,0.79099,0.79109,2.82,1.25
2014.07.28 04:26:44.071,0.791,0.79108,1.19,1.25
2014.07.28 04:26:57.493,0.791,0.79109,1.25,1.25
2014.07.28 04:27:02.604,0.791,0.79108,1.69,1.25
2014.07.28 04:27:16.127,0.791,0.79109,1.69,1.25
2014.07.28 04:27:29.161,0.79101,0.79109,1.19,1.25
2014.07.28 04:27:30.366,0.791,0.7911,1.69,1.32
2014.07.28 04:27:36.582,0.79101,0.79109,1.19,1.25
2014.07.28 04:27:37.585,0.791,0.7911,1.69,1.32
2014.07.28 04:27:40.628,0.79101,0.79109,1.25,1.19
2014.07.28 04:27:43.597,0.791,0.79109,1.25,1.25
2014.07.28 04:28:08.200,0.79101,0.79109,1.00,1.25
2014.07.28 04:28:08.701,0.79099,0.79109,2.82,1.25
2014.07.28 04:28:14.494,0.791,0.7911,1.19,2.07
2014.07.28 04:28:15.499,0.791,0.7911,1.25,2.07
2014.07.28 04:28:24.532,0.791,0.79108,1.19,1.25
2014.07.28 04:28:57.672,0.79099,0.79109,1.57,1.25
2014.07.28 04:29:34.683,0.791,0.79108,1.19,1.25
2014.07.28 04:29:35.650,0.79099,0.79109,2.07,1.69
2014.07.28 04:29:40.340,0.79099,0.79109,1.19,2.07
2014.07.28 04:29:40.898,0.79098,0.79108,1.69,2.07
2014.07.28 04:30:05.586,0.79099,0.79107,1.25,1.19
2014.07.28 04:30:09.558,0.79097,0.79107,5.44,1.25
2014.07.28 04:30:16.078,0.79098,0.79106,1.32,1.25
2014.07.28 04:30:21.432,0.79097,0.79107,2.82,1.69
2014.07.28 04:30:30.512,0.79098,0.79106,1.32,1.19
2014.07.28 04:30:32.569,0.79097,0.79107,2.82,1.69
2014.07.28 04:30:44.034,0.79097,0.79107,2.82,1.19
2014.07.28 04:31:22.407,0.79098,0.79107,1.00,1.19
2014.07.28 04:31:23.325,0.79099,0.79107,1.25,1.19
2014.07.28 04:31:25.331,0.79098,0.79107,1.32,1.25
2014.07.28 04:31:45.920,0.79099,0.79107,1.00,1.25
2014.07.28 04:32:30.025,0.791,0.79108,1.00,1.19
2014.07.28 04:32:30.678,0.791,0.79109,1.25,1.25
2014.07.28 04:32:33.093,0.79099,0.79109,2.82,1.32
2014.07.28 04:32:38.716,0.791,0.79109,1.00,1.32
2014.07.28 04:32:41.216,0.79099,0.79109,2.07,1.32
2014.07.28 04:33:19.691,0.79098,0.79108,3.57,1.19
2014.07.28 04:33:22.712,0.79099,0.79107,1.19,1.25
2014.07.28 04:33:36.735,0.79099,0.79107,1.25,1.19
2014.07.28 04:33:39.851,0.79098,0.79108,2.44,1.19
2014.07.28 04:33:42.579,0.79098,0.79108,3.57,1.19
2014.07.28 04:33:43.398,0.79099,0.79109,1.32,1.19
2014.07.28 04:34:24.695,0.79099,0.79109,2.07,1.25
2014.07.28 04:34:33.673,0.79099,0.79109,2.07,1.19
2014.07.28 04:34:41.822,0.79099,0.79109,2.07,1.25
2014.07.28 04:34:42.796,0.791,0.79108,1.25,1.19
2014.07.28 04:34:43.798,0.79099,0.79109,2.07,1.25
2014.07.28 04:34:44.815,0.791,0.79108,1.25,1.19
2014.07.28 04:34:47.806,0.79099,0.79109,2.07,1.25
2014.07.28 04:34:48.818,0.79099,0.79109,2.07,1.19
2014.07.28 04:34:50.813,0.79099,0.79109,2.07,1.25
2014.07.28 04:34:51.818,0.79099,0.79109,2.07,1.19
2014.07.28 04:34:53.019,0.791,0.79108,1.19,1.25
2014.07.28 04:34:54.032,0.79099,0.79109,2.07,1.19
2014.07.28 04:34:57.861,0.791,0.79108,1.19,1.25
2014.07.28 04:34:58.835,0.791,0.79107,1.25,1.25
2014.07.28 04:35:09.983,0.79099,0.79109,1.69,1.19
2014.07.28 04:35:10.995,0.79099,0.79107,1.69,1.25
2014.07.28 04:35:27.285,0.79099,0.79109,2.07,1.19
2014.07.28 04:35:34.317,0.79098,0.79108,4.32,1.25
2014.07.28 04:35:38.321,0.79099,0.79107,1.63,1.19
2014.07.28 04:35:39.334,0.79099,0.79107,1.57,1.25
2014.07.28 04:35:50.346,0.79098,0.79108,2.82,1.32
2014.07.28 04:35:57.303,0.79098,0.79108,4.32,1.32
2014.07.28 04:35:59.237,0.79098,0.79108,4.32,1.32
2014.07.28 04:36:00.240,0.79098,0.79108,4.32,1.32
2014.07.28 04:36:18.500,0.79098,0.79106,3.57,1.25
2014.07.28 04:36:20.535,0.79098,0.79108,3.57,1.32
2014.07.28 04:36:27.374,0.79098,0.79108,2.07,1.32
2014.07.28 04:36:44.590,0.79098,0.79106,2.07,1.25
2014.07.28 04:36:50.321,0.79099,0.79107,1.63,1.19
2014.07.28 04:36:52.668,0.79098,0.79108,3.57,1.32
2014.07.28 04:36:54.780,0.79098,0.79106,3.57,1.25
2014.07.28 04:36:57.251,0.79098,0.79106,2.07,1.25
2014.07.28 04:36:59.847,0.79098,0.79107,1.63,1.25
2014.07.28 04:37:07.811,0.79098,0.79107,1.69,1.25
2014.07.28 04:37:08.867,0.79098,0.79107,1.50,1.19
2014.07.28 04:37:09.833,0.79098,0.79107,1.69,1.25
2014.07.28 04:37:11.852,0.79098,0.79106,2.44,1.19
2014.07.28 04:37:16.463,0.79098,0.79107,1.25,1.25
2014.07.28 04:37:17.350,0.79098,0.79106,1.69,1.25
2014.07.28 04:37:19.472,0.79098,0.79107,1.25,1.25
2014.07.28 04:37:23.468,0.79098,0.79106,1.19,1.25
2014.07.28 04:37:24.471,0.79097,0.79107,3.94,1.25
2014.07.28 04:37:25.500,0.79099,0.79107,1.25,1.19
2014.07.28 04:37:32.829,0.79097,0.79107,3.94,1.25
2014.07.28 04:37:39.809,0.79097,0.79107,3.57,1.19
2014.07.28 04:37:42.846,0.79099,0.79107,1.25,1.19
2014.07.28 04:37:43.853,0.79097,0.79107,3.57,1.25
2014.07.28 04:37:45.725,0.79097,0.79107,3.19,1.63
2014.07.28 04:37:46.087,0.79098,0.79106,1.00,1.63
2014.07.28 04:37:46.442,0.79096,0.79105,1.00,1.57
2014.07.28 04:37:47.438,0.79096,0.79104,1.00,1.32
2014.07.28 04:37:48.680,0.79097,0.79104,1.00,1.32
2014.07.28 04:37:49.825,0.79096,0.79104,1.00,1.32
2014.07.28 04:37:50.443,0.79096,0.79104,1.00,1.32
2014.07.28 04:37:51.447,0.79096,0.79104,1.00,1.32
2014.07.28 04:37:52.223,0.79097,0.79104,1.00,1.57
2014.07.28 04:37:52.729,0.79096,0.79104,1.00,1.57
2014.07.28 04:37:54.855,0.79096,0.79104,1.00,1.32
2014.07.28 04:37:55.866,0.79096,0.79103,1.00,1.19
2014.07.28 04:37:57.922,0.79095,0.79103,1.69,1.19
2014.07.28 04:38:09.469,0.79096,0.79103,1.00,1.19
2014.07.28 04:38:09.896,0.79096,0.79104,1.00,1.32
2014.07.28 04:38:13.219,0.79096,0.79103,1.00,1.25
2014.07.28 04:38:16.249,0.79096,0.79102,1.00,1.25
2014.07.28 04:38:17.215,0.79096,0.79103,1.00,1.25
2014.07.28 04:38:18.599,0.79095,0.79103,1.00,1.25
2014.07.28 04:38:28.829,0.79094,0.79104,1.69,1.19
2014.07.28 04:38:29.340,0.79095,0.79103,1.00,1.25
2014.07.28 04:38:30.597,0.79094,0.79103,1.25,1.25
2014.07.28 04:38:31.105,0.79095,0.79103,1.00,1.32
2014.07.28 04:38:58.797,0.79094,0.79103,1.25,1.25
2014.07.28 04:39:03.251,0.79094,0.79102,1.69,1.25
2014.07.28 04:39:05.257,0.79094,0.79103,1.25,1.25
2014.07.28 04:39:10.308,0.79095,0.79103,1.00,1.25
2014.07.28 04:39:12.498,0.79095,0.79102,1.25,1.25
2014.07.28 04:39:14.192,0.79095,0.79104,1.00,1.69
2014.07.28 04:39:19.105,0.79096,0.79104,1.00,1.69
2014.07.28 04:39:19.349,0.79094,0.79104,1.69,1.69
2014.07.28 04:39:29.384,0.79094,0.79104,2.07,2.07
2014.07.28 04:39:35.356,0.79093,0.79103,2.44,1.32
2014.07.28 04:39:36.410,0.79093,0.79103,1.69,1.32
2014.07.28 04:39:36.978,0.79093,0.79102,1.69,1.00
2014.07.28 04:39:41.377,0.79094,0.79102,1.69,1.69
2014.07.28 04:39:42.380,0.79094,0.79102,1.25,1.00
2014.07.28 04:39:46.158,0.79093,0.79102,2.44,1.25
2014.07.28 04:39:46.412,0.79094,0.79102,1.19,1.69
2014.07.28 04:39:47.401,0.79093,0.79102,2.44,1.25
2014.07.28 04:39:56.838,0.79094,0.79102,1.00,1.69
2014.07.28 04:39:57.356,0.79093,0.79102,1.69,1.69
2014.07.28 04:39:58.163,0.79094,0.79102,1.00,1.69
2014.07.28 04:39:59.390,0.79093,0.79102,2.44,1.25
2014.07.28 04:39:59.899,0.79093,0.79102,2.44,1.00
2014.07.28 04:40:01.868,0.79093,0.79102,2.44,1.32
2014.07.28 04:40:06.891,0.79094,0.79102,1.25,2.07
2014.07.28 04:40:11.451,0.79093,0.79102,1.25,2.07
2014.07.28 04:40:20.184,0.79093,0.79102,1.50,1.32
2014.07.28 04:40:21.919,0.79094,0.79102,1.00,1.57
2014.07.28 04:40:22.590,0.79093,0.79102,1.69,1.63
2014.07.28 04:40:23.457,0.79093,0.79101,2.44,1.32
2014.07.28 04:40:24.463,0.79093,0.79102,1.69,1.63
2014.07.28 04:40:27.419,0.79094,0.79102,1.00,1.63
2014.07.28 04:40:29.390,0.79093,0.79103,1.69,2.07
2014.07.28 04:40:30.497,0.79093,0.79103,1.69,2.07
2014.07.28 04:40:32.532,0.79093,0.79103,1.69,2.07
2014.07.28 04:40:34.504,0.79093,0.79103,1.69,2.07
2014.07.28 04:40:35.534,0.79093,0.79103,1.69,2.07
2014.07.28 04:40:42.585,0.79093,0.79103,2.44,2.07
2014.07.28 04:40:45.591,0.79094,0.79102,1.69,1.63
2014.07.28 04:40:46.129,0.79094,0.79102,1.69,1.32
2014.07.28 04:40:46.641,0.79094,0.79103,1.25,2.07
2014.07.28 04:40:50.561,0.79094,0.79102,1.69,1.32
2014.07.28 04:40:51.564,0.79094,0.79102,1.00,1.32
2014.07.28 04:40:55.621,0.79094,0.79102,1.69,1.32
2014.07.28 04:41:02.613,0.79093,0.79102,1.25,1.32
2014.07.28 04:41:06.578,0.79094,0.79102,1.00,1.32
2014.07.28 04:41:10.098,0.79093,0.79103,1.69,1.57
2014.07.28 04:41:16.665,0.79094,0.79102,1.25,1.32
2014.07.28 04:41:19.660,0.79093,0.79102,1.25,1.32
2014.07.28 04:41:29.808,0.79093,0.79103,1.32,1.32
2014.07.28 04:41:33.817,0.79094,0.79103,1.00,1.32
2014.07.28 04:41:37.868,0.79094,0.79102,1.69,1.25
2014.07.28 04:41:41.946,0.79094,0.79103,1.69,1.25
2014.07.28 04:41:51.313,0.79094,0.79103,1.00,2.07
2014.07.28 04:41:54.096,0.79093,0.79103,1.25,2.07
2014.07.28 04:42:06.153,0.79093,0.79101,1.69,1.25
2014.07.28 04:42:10.324,0.79093,0.79102,1.25,1.32
2014.07.28 04:42:13.333,0.79093,0.79103,1.69,1.63
2014.07.28 04:42:16.128,0.79093,0.79103,1.69,1.32
2014.07.28 04:42:17.364,0.79093,0.79103,1.69,1.32
2014.07.28 04:42:20.352,0.79093,0.79103,1.69,1.32
2014.07.28 04:42:27.406,0.79093,0.79102,1.25,1.25
2014.07.28 04:42:29.735,0.79094,0.79102,1.00,1.25
2014.07.28 04:42:30.617,0.79093,0.79103,1.69,1.32
2014.07.28 04:42:32.412,0.79093,0.79103,1.69,1.32
2014.07.28 04:42:38.414,0.79093,0.79103,1.69,1.32
2014.07.28 04:42:43.376,0.79094,0.79103,1.00,1.32
2014.07.28 04:42:51.075,0.79093,0.79103,1.69,1.57
2014.07.28 04:42:53.559,0.79094,0.79102,1.25,1.32
2014.07.28 04:42:58.606,0.79093,0.79103,1.69,1.57
2014.07.28 04:42:59.623,0.79094,0.79102,1.19,1.32
2014.07.28 04:43:00.587,0.79093,0.79103,1.69,1.63
2014.07.28 04:43:01.598,0.79094,0.79102,1.25,1.32
2014.07.28 04:43:15.718,0.79092,0.79101,1.50,1.57
2014.07.28 04:43:23.740,0.79092,0.79101,1.69,1.32
2014.07.28 04:43:24.657,0.79093,0.79101,1.00,1.32
2014.07.28 04:43:24.961,0.79091,0.79101,3.19,1.32
2014.07.28 04:43:26.757,0.79091,0.79101,3.19,1.32
2014.07.28 04:43:29.454,0.79091,0.79101,3.19,1.32
2014.07.28 04:43:41.491,0.79091,0.79101,3.19,1.32
2014.07.28 04:43:47.835,0.79093,0.79101,1.00,1.32
2014.07.28 04:43:50.595,0.79095,0.79102,1.00,1.57
2014.07.28 04:43:53.154,0.79095,0.79102,1.00,2.07
2014.07.28 04:44:00.815,0.79094,0.79103,1.00,1.57
2014.07.28 04:44:10.053,0.79096,0.79103,1.00,1.57
2014.07.28 04:44:10.494,0.79094,0.79102,1.00,1.32
2014.07.28 04:44:14.243,0.79094,0.79101,1.25,1.25
2014.07.28 04:44:21.234,0.79093,0.79103,1.69,1.57
2014.07.28 04:44:24.244,0.79093,0.79101,1.69,1.25
2014.07.28 04:44:25.286,0.79093,0.79103,1.69,1.57
2014.07.28 04:44:32.363,0.79093,0.79101,1.69,1.25
2014.07.28 04:44:37.378,0.79094,0.79102,1.00,1.32
2014.07.28 04:44:38.025,0.79094,0.79101,1.00,1.19
2014.07.28 04:44:38.329,0.79092,0.79101,1.00,1.57
2014.07.28 04:44:38.836,0.79091,0.79101,1.69,1.57
2014.07.28 04:44:40.634,0.79092,0.791,1.00,6.57
2014.07.28 04:44:43.053,0.79091,0.791,1.32,6.19
2014.07.28 04:44:45.030,0.79091,0.79101,2.07,1.25
2014.07.28 04:44:46.029,0.79092,0.79101,1.00,1.19
2014.07.28 04:44:51.234,0.79091,0.79101,2.07,1.19
2014.07.28 04:44:52.027,0.79091,0.79101,2.07,1.32
2014.07.28 04:44:53.060,0.79091,0.79101,2.07,1.32
2014.07.28 04:45:07.125,0.79091,0.79101,5.07,1.25
2014.07.28 04:45:10.085,0.79091,0.79101,5.07,1.19
2014.07.28 04:45:13.703,0.79091,0.79101,5.07,1.19
2014.07.28 04:45:17.151,0.79092,0.791,1.32,1.25
2014.07.28 04:45:19.096,0.79091,0.79101,5.07,1.25
2014.07.28 04:45:20.145,0.79091,0.79101,5.07,1.19
2014.07.28 04:45:22.144,0.79092,0.791,1.32,1.25
2014.07.28 04:45:27.155,0.79092,0.791,1.32,1.19
2014.07.28 04:45:28.153,0.79092,0.791,1.32,1.25
2014.07.28 04:45:29.132,0.79092,0.791,1.32,1.19
2014.07.28 04:45:31.165,0.79092,0.791,1.32,1.25
2014.07.28 04:45:38.160,0.79092,0.791,1.32,1.19
2014.07.28 04:45:39.204,0.79091,0.79101,3.57,1.25
2014.07.28 04:45:43.317,0.79091,0.79101,3.57,1.19
2014.07.28 04:45:45.292,0.79091,0.79101,3.57,1.25
2014.07.28 04:45:48.329,0.79091,0.79101,3.57,1.19
2014.07.28 04:45:55.325,0.79092,0.79101,1.32,1.25
2014.07.28 04:45:59.063,0.79094,0.79102,1.00,6.19
2014.07.28 04:45:59.599,0.79093,0.791,1.25,1.25
2014.07.28 04:46:04.753,0.79093,0.79101,1.50,1.69
2014.07.28 04:46:16.171,0.79093,0.79101,2.82,1.69
2014.07.28 04:46:17.797,0.79093,0.79102,1.88,1.19
2014.07.28 04:46:18.329,0.79094,0.79102,1.00,1.19
2014.07.28 04:46:18.835,0.79094,0.79102,1.00,1.25
2014.07.28 04:46:19.558,0.79093,0.79102,2.07,1.25
2014.07.28 04:46:22.093,0.79094,0.79102,1.69,1.19
2014.07.28 04:46:26.105,0.79093,0.79103,2.82,1.69
2014.07.28 04:46:27.153,0.79094,0.79103,1.00,1.69
2014.07.28 04:46:34.264,0.79094,0.79101,1.25,1.25
2014.07.28 04:46:38.289,0.79094,0.79102,1.00,1.25
2014.07.28 04:46:49.923,0.79094,0.79102,1.69,1.69
2014.07.28 04:46:50.903,0.79094,0.79102,1.00,1.25
2014.07.28 04:47:11.120,0.79096,0.79102,1.00,1.25
2014.07.28 04:47:17.065,0.79096,0.79102,1.00,1.69
2014.07.28 04:47:24.062,0.79096,0.79102,1.00,1.69
2014.07.28 04:47:31.110,0.79096,0.79103,1.00,1.25
2014.07.28 04:47:32.243,0.79095,0.79104,1.13,1.19
2014.07.28 04:47:38.102,0.79095,0.79104,1.32,1.25
2014.07.28 04:47:38.408,0.79097,0.79104,1.00,1.25
2014.07.28 04:47:39.619,0.79097,0.79106,1.13,1.19
2014.07.28 04:47:48.156,0.79096,0.79105,1.63,1.69
2014.07.28 04:47:48.661,0.79096,0.79105,2.07,1.32
2014.07.28 04:47:49.476,0.79096,0.79106,2.82,1.69
2014.07.28 04:47:50.154,0.79096,0.79106,2.82,1.69
2014.07.28 04:48:07.647,0.79097,0.79106,1.63,6.19
2014.07.28 04:48:48.363,0.79098,0.79107,1.13,6.19
2014.07.28 04:48:49.188,0.79098,0.79106,1.13,1.19
2014.07.28 04:48:50.194,0.79098,0.79106,1.13,1.25
2014.07.28 04:49:02.227,0.79098,0.79106,2.07,1.69
2014.07.28 04:49:03.244,0.79098,0.79106,1.13,1.25
2014.07.28 04:49:27.839,0.79099,0.79106,1.00,1.69
2014.07.28 04:49:30.369,0.79098,0.79106,1.13,1.69
2014.07.28 04:49:44.593,0.79097,0.79107,2.07,7.69
2014.07.28 04:49:45.510,0.79097,0.79105,2.07,1.25
2014.07.28 04:49:47.396,0.79097,0.79106,1.13,1.19
2014.07.28 04:49:48.497,0.79097,0.79106,2.07,1.25
2014.07.28 04:49:53.506,0.79097,0.79106,1.88,1.19
2014.07.28 04:49:54.524,0.79097,0.79105,2.82,1.25
2014.07.28 04:49:58.542,0.79097,0.79107,3.57,7.69
2014.07.28 04:50:05.325,0.79097,0.79106,1.13,1.19
2014.07.28 04:50:06.329,0.79097,0.79105,2.07,1.25
2014.07.28 04:50:11.191,0.79099,0.79105,1.00,1.25
2014.07.28 04:50:11.695,0.79099,0.79107,1.00,6.19
2014.07.28 04:50:12.269,0.791,0.79107,1.00,6.19
2014.07.28 04:50:13.378,0.79099,0.79107,1.00,6.19
2014.07.28 04:50:16.400,0.79099,0.79106,1.00,1.19
2014.07.28 04:50:18.359,0.79099,0.79107,1.00,6.19
2014.07.28 04:50:20.463,0.79099,0.79106,1.00,1.19
2014.07.28 04:50:23.980,0.79098,0.79106,1.69,1.69
2014.07.28 04:50:24.493,0.79099,0.79106,1.00,1.00
2014.07.28 04:50:25.369,0.79098,0.79106,1.25,1.00
2014.07.28 04:50:25.924,0.79098,0.79106,1.63,1.00
2014.07.28 04:50:26.808,0.79099,0.79107,1.13,1.69
2014.07.28 04:50:29.542,0.79099,0.79107,1.38,1.25
2014.07.28 04:50:36.176,0.79099,0.79108,1.00,1.32
2014.07.28 04:50:40.525,0.79099,0.79108,1.32,1.32
2014.07.28 04:50:41.563,0.79099,0.79108,1.13,1.32
2014.07.28 04:50:46.542,0.79099,0.79108,1.32,1.32
2014.07.28 04:50:47.544,0.79099,0.79108,1.13,1.32
2014.07.28 04:50:48.548,0.79099,0.79107,2.07,1.25
2014.07.28 04:50:50.591,0.79099,0.79108,1.88,1.32
2014.07.28 04:50:52.576,0.79099,0.79108,2.07,1.32
2014.07.28 04:50:59.876,0.79099,0.79108,1.88,1.32
2014.07.28 04:51:02.328,0.79099,0.79108,2.07,1.32
2014.07.28 04:51:03.318,0.79099,0.79108,1.88,1.32
2014.07.28 04:51:08.355,0.79099,0.79107,2.07,1.25
2014.07.28 04:51:12.634,0.79099,0.79108,1.13,1.19
2014.07.28 04:51:20.399,0.791,0.79108,1.00,1.19
2014.07.28 04:51:28.777,0.791,0.79108,1.00,1.25
2014.07.28 04:51:29.781,0.791,0.79108,1.00,1.19
2014.07.28 04:51:45.119,0.79098,0.79108,2.82,1.19
2014.07.28 04:51:46.183,0.79098,0.79106,2.82,1.25
2014.07.28 04:51:47.068,0.79098,0.79108,2.82,1.19
2014.07.28 04:51:51.482,0.79099,0.79108,1.32,1.25
2014.07.28 04:51:53.464,0.79098,0.79108,2.07,1.19
2014.07.28 04:51:55.491,0.79098,0.79108,2.07,1.25
2014.07.28 04:52:00.502,0.79098,0.79108,2.07,1.19
2014.07.28 04:52:05.616,0.79098,0.79108,2.07,1.25
2014.07.28 04:52:06.599,0.79098,0.79108,2.07,1.19
2014.07.28 04:52:08.597,0.79099,0.79107,1.32,1.19
2014.07.28 04:52:09.599,0.79099,0.79107,1.32,1.25
2014.07.28 04:52:10.649,0.79098,0.79108,2.07,1.19
2014.07.28 04:52:17.923,0.79098,0.79108,2.07,1.25
2014.07.28 04:52:18.925,0.79099,0.79107,1.32,1.19
2014.07.28 04:52:40.002,0.79099,0.79107,1.13,1.25
2014.07.28 04:52:42.008,0.79099,0.79107,2.07,1.19
2014.07.28 04:52:43.056,0.79098,0.79107,1.50,1.19
2014.07.28 04:52:44.026,0.79097,0.79106,1.32,1.25
2014.07.28 04:52:49.148,0.79096,0.79105,1.32,1.25
2014.07.28 04:52:53.149,0.79096,0.79105,1.88,1.69
2014.07.28 04:52:54.151,0.79096,0.79105,2.07,1.69
2014.07.28 04:52:59.167,0.79096,0.79105,1.13,1.69
2014.07.28 04:53:02.177,0.79096,0.79104,1.69,1.25
2014.07.28 04:53:03.179,0.79096,0.79105,1.00,1.69
2014.07.28 04:53:06.186,0.79096,0.79105,1.25,1.69
2014.07.28 04:53:08.195,0.79096,0.79105,1.13,2.07
2014.07.28 04:53:08.398,0.79094,0.79103,1.50,1.00
2014.07.28 04:53:08.904,0.79092,0.79103,1.69,1.88
2014.07.28 04:53:09.120,0.79092,0.791,1.19,1.25
2014.07.28 04:53:09.639,0.79092,0.79099,1.19,1.00
2014.07.28 04:53:10.199,0.79091,0.79099,1.69,1.00
2014.07.28 04:53:11.244,0.79091,0.79099,1.19,1.69
2014.07.28 04:53:13.253,0.79091,0.79099,1.25,1.00
2014.07.28 04:53:19.207,0.79091,0.79101,1.69,2.44
2014.07.28 04:53:20.056,0.79091,0.79101,1.69,2.44
2014.07.28 04:53:28.272,0.79091,0.79101,1.69,2.44
2014.07.28 04:53:37.291,0.79092,0.791,1.19,1.25
2014.07.28 04:53:38.285,0.79092,0.791,1.25,1.19
2014.07.28 04:53:40.594,0.79091,0.79101,1.69,2.44
2014.07.28 04:53:41.623,0.79091,0.79101,1.69,2.44
2014.07.28 04:53:42.606,0.79091,0.79101,1.69,2.44
2014.07.28 04:53:44.317,0.79091,0.79101,1.69,2.44
2014.07.28 04:53:47.318,0.79091,0.79101,1.69,1.69
2014.07.28 04:53:50.465,0.79091,0.79101,1.69,1.69
2014.07.28 04:53:52.441,0.79091,0.79101,1.69,1.69
2014.07.28 04:53:55.465,0.79092,0.791,1.19,1.25
2014.07.28 04:54:00.499,0.79091,0.79101,1.69,1.69
2014.07.28 04:54:16.411,0.79091,0.79101,1.69,1.69
2014.07.28 04:54:26.535,0.79091,0.79101,1.25,1.69
2014.07.28 04:54:28.585,0.79091,0.79101,1.19,1.69
2014.07.28 04:54:29.452,0.79091,0.791,1.19,1.00
2014.07.28 04:54:32.104,0.79091,0.79101,1.19,1.69
2014.07.28 04:54:41.593,0.79091,0.79101,1.69,1.69
2014.07.28 04:54:42.579,0.79091,0.79101,1.69,2.44
2014.07.28 04:54:44.683,0.79091,0.79101,1.69,2.44
2014.07.28 04:54:45.686,0.79091,0.79101,1.69,2.44
2014.07.28 04:54:46.709,0.79091,0.79101,1.69,2.44
2014.07.28 04:54:47.719,0.79091,0.79101,1.69,2.44
2014.07.28 04:54:49.700,0.79091,0.79101,1.69,2.44
2014.07.28 04:54:52.196,0.79092,0.79101,1.00,1.69
2014.07.28 04:54:52.712,0.79092,0.79101,1.25,1.69
2014.07.28 04:54:54.717,0.79092,0.791,1.25,1.19
2014.07.28 04:55:07.785,0.79091,0.79101,1.19,1.69
2014.07.28 04:55:08.756,0.79091,0.79101,1.25,1.69
2014.07.28 04:55:17.159,0.79091,0.791,1.63,1.25
2014.07.28 04:55:20.566,0.79091,0.79101,1.69,1.19
2014.07.28 04:55:21.179,0.79091,0.79101,1.69,1.25
2014.07.28 04:55:22.811,0.79092,0.791,1.25,1.19
2014.07.28 04:55:23.813,0.79091,0.79101,2.44,1.69
2014.07.28 04:55:28.829,0.79091,0.79101,1.69,1.69
2014.07.28 04:55:29.833,0.79091,0.79101,1.69,1.69
2014.07.28 04:55:53.239,0.79091,0.79101,2.44,1.25
2014.07.28 04:56:04.034,0.79093,0.79101,1.25,1.19
2014.07.28 04:56:05.042,0.79092,0.79101,1.25,1.25
2014.07.28 04:56:15.383,0.79092,0.791,1.25,1.19
2014.07.28 04:56:21.412,0.79092,0.79101,1.25,1.69
2014.07.28 04:56:22.435,0.79092,0.79101,1.00,1.69
2014.07.28 04:56:24.411,0.79092,0.79101,1.25,1.69
2014.07.28 04:56:25.438,0.79092,0.79101,1.00,1.69
2014.07.28 04:56:26.411,0.79091,0.79101,2.07,1.69
2014.07.28 04:56:42.880,0.79093,0.79101,1.19,1.69
2014.07.28 04:56:43.908,0.79095,0.79103,1.25,1.19
2014.07.28 04:56:44.978,0.79094,0.79104,2.07,2.44
2014.07.28 04:56:45.518,0.79094,0.79103,1.19,1.00
2014.07.28 04:56:46.092,0.79094,0.79104,1.19,2.44
2014.07.28 04:56:46.194,0.79093,0.79103,1.25,1.19
2014.07.28 04:57:02.559,0.79093,0.79103,1.32,2.44
2014.07.28 04:57:03.533,0.79093,0.79103,2.07,1.69
2014.07.28 04:57:05.556,0.79093,0.79103,1.32,1.25
2014.07.28 04:57:08.652,0.79094,0.79102,1.25,1.19
2014.07.28 04:57:10.674,0.79094,0.79102,1.19,1.25
2014.07.28 04:57:11.583,0.79093,0.79103,1.32,1.25
2014.07.28 04:57:13.665,0.79094,0.79102,1.25,1.19
2014.07.28 04:57:15.713,0.79093,0.79103,2.07,1.25
2014.07.28 04:57:17.679,0.79095,0.79103,1.25,1.19
2014.07.28 04:57:25.326,0.79094,0.79104,1.69,2.44
2014.07.28 04:57:30.376,0.79094,0.79102,1.69,1.25
2014.07.28 04:57:31.375,0.79093,0.79103,4.32,1.25
2014.07.28 04:57:49.441,0.79094,0.79103,1.00,1.19
2014.07.28 04:57:50.514,0.79094,0.79103,1.25,1.25
2014.07.28 04:57:51.506,0.79095,0.79103,1.25,1.19
2014.07.28 04:57:52.509,0.79094,0.79103,1.25,1.25
2014.07.28 04:57:57.575,0.79094,0.79104,1.69,3.57
2014.07.28 04:57:57.778,0.79092,0.79101,2.82,1.25
2014.07.28 04:57:58.386,0.79093,0.79101,1.00,1.32
2014.07.28 04:58:00.936,0.79093,0.79101,1.69,1.25
2014.07.28 04:58:01.988,0.79093,0.79103,1.69,1.32
2014.07.28 04:58:10.978,0.79094,0.79102,1.19,1.25
2014.07.28 04:58:11.963,0.79093,0.79103,2.44,1.32
2014.07.28 04:58:19.253,0.79094,0.79102,1.00,1.25
2014.07.28 04:58:32.152,0.79094,0.79103,1.25,1.25
2014.07.28 04:58:35.163,0.79094,0.79103,1.00,2.07
2014.07.28 04:58:36.280,0.79094,0.79102,1.69,1.25
2014.07.28 04:58:39.067,0.79094,0.79102,1.69,1.19
2014.07.28 04:58:45.201,0.79094,0.79102,1.19,1.25
2014.07.28 04:58:48.239,0.79093,0.79103,2.44,1.19
2014.07.28 04:58:52.204,0.79093,0.79103,2.44,1.25
2014.07.28 04:58:53.236,0.79093,0.79103,2.44,1.19
2014.07.28 04:59:03.577,0.79093,0.79103,2.44,1.25
2014.07.28 04:59:05.546,0.79094,0.79102,1.19,1.25
2014.07.28 04:59:07.573,0.79093,0.79103,3.19,1.25
2014.07.28 04:59:11.692,0.79093,0.79102,1.25,1.25
2014.07.28 04:59:21.071,0.79094,0.79103,1.00,1.19
2014.07.28 04:59:21.965,0.79094,0.79103,1.25,1.25
2014.07.28 04:59:22.729,0.79094,0.79103,1.00,1.19
2014.07.28 04:59:30.021,0.79094,0.79102,1.69,1.19
2014.07.28 04:59:35.036,0.79093,0.79102,1.25,1.25
2014.07.28 04:59:39.040,0.79094,0.79102,1.25,1.19
2014.07.28 04:59:40.074,0.79093,0.79102,1.25,1.25
