2008.09.09 13:00:00.068,0.80195,0.8021,1.80,1.70
2008.09.09 13:00:00.314,0.80195,0.8021,1.80,1.00
2008.09.09 13:00:00.537,0.8019,0.8021,7.20,1.70
2008.09.09 13:00:00.761,0.8019,0.8021,6.20,1.70
2008.09.09 13:00:00.986,0.8019,0.8021,5.10,1.70
2008.09.09 13:00:01.153,0.8019,0.80205,1.80,1.00
2008.09.09 13:00:01.657,0.80185,0.80205,7.20,1.00
2008.09.09 13:00:01.825,0.80185,0.80205,6.20,1.30
2008.09.09 13:00:02.474,0.80185,0.80205,5.10,1.70
2008.09.09 13:00:02.727,0.80185,0.802,5.10,1.00
2008.09.09 13:00:02.969,0.80185,0.80195,1.80,1.00
2008.09.09 13:00:03.208,0.80185,0.80195,1.80,1.00
2008.09.09 13:00:03.472,0.80185,0.80195,4.00,1.00
2008.09.09 13:00:03.737,0.80185,0.802,4.00,10.80
2008.09.09 13:00:04.001,0.8019,0.80195,1.80,1.00
2008.09.09 13:00:04.141,0.8019,0.802,1.80,3.20
2008.09.09 13:00:04.283,0.8019,0.802,12.60,1.00
2008.09.09 13:00:04.425,0.80185,0.802,2.90,2.80
2008.09.09 13:00:04.564,0.80185,0.802,6.20,2.10
2008.09.09 13:00:04.704,0.80185,0.802,1.80,2.80
2008.09.09 13:00:04.844,0.80185,0.802,4.00,3.50
2008.09.09 13:00:05.126,0.8018,0.802,7.20,1.30
2008.09.09 13:00:05.469,0.80185,0.802,4.00,1.00
2008.09.09 13:00:05.809,0.8019,0.802,1.80,1.60
2008.09.09 13:00:06.153,0.8019,0.802,3.10,3.70
2008.09.09 13:00:06.297,0.80185,0.802,3.10,1.70
2008.09.09 13:00:06.443,0.80185,0.80205,5.10,1.70
2008.09.09 13:00:06.604,0.8019,0.80205,5.10,3.50
2008.09.09 13:00:06.748,0.80185,0.80195,6.20,2.50
2008.09.09 13:00:06.893,0.80185,0.80195,2.90,1.30
2008.09.09 13:00:07.050,0.80185,0.802,1.00,8.90
2008.09.09 13:00:07.196,0.80185,0.802,1.00,1.60
2008.09.09 13:00:07.537,0.80185,0.80195,1.00,1.40
2008.09.09 13:00:07.877,0.8018,0.80195,4.00,1.40
2008.09.09 13:00:08.533,0.8018,0.80195,1.80,1.60
2008.09.09 13:00:08.849,0.80175,0.80195,7.00,1.60
2008.09.09 13:00:11.237,0.80175,0.80195,5.80,2.50
2008.09.09 13:00:11.973,0.80175,0.80195,6.80,2.50
2008.09.09 13:00:12.156,0.8018,0.80195,1.80,1.80
2008.09.09 13:00:12.467,0.8018,0.80195,1.80,1.40
2008.09.09 13:00:13.961,0.8018,0.80195,4.00,1.40
2008.09.09 13:00:16.376,0.80175,0.80195,7.90,1.60
2008.09.09 13:00:16.757,0.80175,0.80195,7.00,1.60
2008.09.09 13:00:17.248,0.80175,0.80195,5.80,2.50
2008.09.09 13:00:18.013,0.80175,0.8019,5.10,4.50
2008.09.09 13:00:20.599,0.80175,0.8019,3.10,1.60
2008.09.09 13:00:20.881,0.8017,0.8019,5.80,2.50
2008.09.09 13:00:22.664,0.8017,0.80185,5.80,1.00
2008.09.09 13:00:23.005,0.8017,0.80185,4.00,1.40
2008.09.09 13:00:23.785,0.8017,0.80185,3.10,1.60
2008.09.09 13:00:24.678,0.8017,0.80185,4.00,1.60
2008.09.09 13:00:24.798,0.8017,0.80185,4.00,1.40
2008.09.09 13:00:26.011,0.8017,0.80185,4.00,1.60
2008.09.09 13:00:26.399,0.8017,0.8018,4.00,3.20
2008.09.09 13:00:26.497,0.8017,0.8018,5.10,3.20
2008.09.09 13:00:26.592,0.8017,0.80185,5.10,1.30
2008.09.09 13:00:26.689,0.8017,0.80185,5.10,1.60
2008.09.09 13:00:26.784,0.8017,0.80185,4.00,1.40
2008.09.09 13:00:27.912,0.8017,0.80185,4.00,1.60
2008.09.09 13:00:28.193,0.8017,0.80185,1.80,1.60
2008.09.09 13:00:28.636,0.80165,0.80185,7.90,1.60
2008.09.09 13:00:28.800,0.80165,0.80185,5.90,1.60
2008.09.09 13:00:28.964,0.80165,0.80185,4.00,1.70
2008.09.09 13:00:29.128,0.80165,0.8018,4.00,4.50
2008.09.09 13:00:29.581,0.80165,0.80185,4.70,3.20
2008.09.09 13:00:29.869,0.80165,0.80185,4.70,2.50
2008.09.09 13:00:30.444,0.80165,0.80185,7.00,1.60
2008.09.09 13:00:31.065,0.80165,0.80185,5.90,1.60
2008.09.09 13:00:31.640,0.8017,0.80185,3.10,1.60
2008.09.09 13:00:31.848,0.8017,0.8018,3.10,3.20
2008.09.09 13:00:32.605,0.8017,0.80185,3.10,2.50
2008.09.09 13:00:32.944,0.8017,0.80185,4.00,2.50
2008.09.09 13:00:33.285,0.8017,0.80185,4.00,3.10
2008.09.09 13:00:33.624,0.8017,0.80185,4.00,2.50
2008.09.09 13:00:33.904,0.8017,0.80185,4.00,1.40
2008.09.09 13:00:34.818,0.8017,0.80185,3.10,1.40
2008.09.09 13:00:35.158,0.8017,0.80185,4.00,1.60
2008.09.09 13:00:35.512,0.8017,0.80185,3.10,1.60
2008.09.09 13:00:35.628,0.8017,0.80185,3.10,2.50
2008.09.09 13:00:36.704,0.80165,0.80185,5.80,2.50
2008.09.09 13:00:37.912,0.8017,0.80185,4.00,2.50
2008.09.09 13:00:38.636,0.8017,0.80185,3.10,2.50
2008.09.09 13:00:38.864,0.8017,0.80185,3.10,2.50
2008.09.09 13:00:39.537,0.8017,0.80185,3.10,2.50
2008.09.09 13:00:40.231,0.80175,0.80185,1.00,1.80
2008.09.09 13:00:40.573,0.8018,0.80185,1.00,1.00
2008.09.09 13:00:40.916,0.8018,0.8019,1.80,1.60
2008.09.09 13:00:41.142,0.8018,0.8019,1.80,1.00
2008.09.09 13:00:41.368,0.8018,0.80195,1.80,3.10
2008.09.09 13:00:43.808,0.80175,0.80195,7.90,1.60
2008.09.09 13:00:43.963,0.80175,0.80195,7.00,1.60
2008.09.09 13:00:44.285,0.80175,0.80195,5.80,2.50
2008.09.09 13:00:46.809,0.80175,0.8019,5.80,5.90
2008.09.09 13:00:47.019,0.80175,0.8019,4.70,5.90
2008.09.09 13:00:47.872,0.80175,0.8019,1.60,5.90
2008.09.09 13:00:48.305,0.80175,0.8019,1.70,8.90
2008.09.09 13:00:48.500,0.8017,0.8019,5.90,1.60
2008.09.09 13:00:48.896,0.8017,0.80185,4.70,1.00
2008.09.09 13:00:50.449,0.8017,0.80185,1.60,1.00
2008.09.09 13:00:50.553,0.8017,0.80185,1.60,1.00
2008.09.09 13:00:50.761,0.8017,0.80185,1.60,1.30
2008.09.09 13:00:54.492,0.8017,0.80185,4.70,1.20
2008.09.09 13:00:55.504,0.8018,0.8019,5.40,1.80
2008.09.09 13:00:55.728,0.8018,0.8019,5.40,3.60
2008.09.09 13:00:55.952,0.8018,0.8019,5.40,1.40
2008.09.09 13:00:56.385,0.80175,0.8019,4.00,1.30
2008.09.09 13:00:56.816,0.80175,0.80195,4.70,2.50
2008.09.09 13:00:59.584,0.80175,0.8019,4.70,1.00
2008.09.09 13:01:01.132,0.80175,0.80195,4.70,2.50
2008.09.09 13:01:02.676,0.80175,0.8019,4.70,1.00
2008.09.09 13:01:03.977,0.80175,0.80195,4.70,2.50
2008.09.09 13:01:04.419,0.80175,0.8019,1.60,1.00
2008.09.09 13:01:06.721,0.80175,0.80195,4.70,2.50
2008.09.09 13:01:07.476,0.8018,0.80195,3.10,2.50
2008.09.09 13:01:08.516,0.8018,0.80195,3.10,2.50
2008.09.09 13:01:09.014,0.8018,0.80195,3.10,1.40
2008.09.09 13:01:09.244,0.8018,0.80195,3.90,1.20
2008.09.09 13:01:10.109,0.8018,0.802,4.70,3.20
2008.09.09 13:01:10.468,0.8018,0.802,4.70,2.50
2008.09.09 13:01:12.003,0.80185,0.802,3.10,2.50
2008.09.09 13:01:12.428,0.8018,0.802,4.70,2.50
2008.09.09 13:01:13.016,0.8018,0.80195,1.60,1.00
2008.09.09 13:01:13.988,0.80185,0.80195,1.80,1.00
2008.09.09 13:01:14.312,0.8018,0.80195,10.10,1.00
2008.09.09 13:01:14.502,0.80185,0.80195,1.00,1.00
2008.09.09 13:01:14.692,0.80185,0.80195,1.80,1.00
2008.09.09 13:01:15.068,0.80185,0.80195,1.00,1.00
2008.09.09 13:01:15.890,0.8018,0.80195,1.80,1.40
2008.09.09 13:01:16.257,0.80175,0.80195,7.90,1.60
2008.09.09 13:01:16.359,0.80175,0.80195,5.90,1.60
2008.09.09 13:01:16.460,0.80175,0.8019,5.90,1.00
2008.09.09 13:01:18.232,0.80175,0.8019,4.70,1.00
2008.09.09 13:01:19.634,0.80175,0.8019,1.70,1.70
2008.09.09 13:01:19.833,0.80175,0.8019,1.60,13.00
2008.09.09 13:01:20.033,0.80175,0.8019,1.60,2.70
2008.09.09 13:01:20.232,0.80175,0.8019,4.70,2.10
2008.09.09 13:01:20.713,0.80175,0.8019,4.70,1.00
2008.09.09 13:01:21.241,0.80175,0.8019,4.70,2.10
2008.09.09 13:01:21.504,0.80175,0.8019,1.80,2.10
2008.09.09 13:01:21.580,0.80175,0.8019,1.80,3.60
2008.09.09 13:01:21.656,0.80175,0.8019,1.80,12.20
2008.09.09 13:01:21.732,0.80175,0.8019,1.80,12.20
2008.09.09 13:01:21.960,0.80175,0.8019,1.60,10.80
2008.09.09 13:01:22.188,0.80175,0.80195,4.70,2.50
2008.09.09 13:01:23.500,0.80175,0.8019,4.70,2.10
2008.09.09 13:01:24.536,0.80175,0.8019,4.70,1.00
2008.09.09 13:01:24.884,0.80175,0.8019,1.60,2.10
2008.09.09 13:01:26.224,0.80175,0.8019,1.60,3.20
2008.09.09 13:01:26.801,0.80175,0.80185,1.80,1.00
2008.09.09 13:01:27.192,0.8017,0.80185,5.80,1.00
2008.09.09 13:01:27.388,0.80175,0.8018,1.00,4.30
2008.09.09 13:01:27.644,0.80165,0.80185,5.90,2.10
2008.09.09 13:01:27.900,0.80165,0.80185,7.00,1.60
2008.09.09 13:01:28.156,0.8017,0.8019,6.80,6.40
2008.09.09 13:01:28.412,0.80175,0.8019,1.00,1.80
2008.09.09 13:01:28.668,0.80175,0.8019,1.80,1.80
2008.09.09 13:01:28.984,0.80175,0.8019,1.80,12.20
2008.09.09 13:01:29.684,0.80175,0.8019,1.60,10.80
2008.09.09 13:01:30.020,0.80175,0.8019,1.60,11.40
2008.09.09 13:01:30.356,0.80175,0.8019,1.70,8.90
2008.09.09 13:01:30.702,0.8017,0.80185,3.60,1.00
2008.09.09 13:01:30.807,0.8017,0.80185,2.70,1.00
2008.09.09 13:01:30.912,0.8017,0.80185,3.70,1.00
2008.09.09 13:01:31.017,0.80175,0.80185,1.60,1.00
2008.09.09 13:01:31.120,0.80175,0.8019,1.60,15.90
2008.09.09 13:01:31.224,0.80175,0.8019,1.60,1.70
2008.09.09 13:01:31.739,0.80175,0.8019,1.60,1.00
2008.09.09 13:01:31.941,0.80175,0.8019,1.60,15.20
2008.09.09 13:01:32.332,0.80175,0.8019,1.60,14.50
2008.09.09 13:01:32.528,0.8017,0.8019,6.80,1.60
2008.09.09 13:01:32.724,0.80175,0.8019,1.00,18.20
2008.09.09 13:01:32.974,0.80175,0.8019,1.60,9.80
2008.09.09 13:01:33.224,0.8017,0.8019,8.50,9.10
2008.09.09 13:01:33.472,0.8017,0.8019,8.50,9.90
2008.09.09 13:01:33.720,0.8017,0.8019,28.40,10.50
2008.09.09 13:01:33.968,0.80165,0.80185,10.60,1.00
2008.09.09 13:01:34.216,0.80165,0.80185,10.60,1.00
2008.09.09 13:01:34.708,0.80165,0.80185,8.50,1.00
2008.09.09 13:01:34.953,0.80165,0.80185,18.20,1.80
2008.09.09 13:01:35.197,0.8016,0.80185,13.90,1.60
2008.09.09 13:01:35.680,0.8016,0.80185,11.60,2.50
2008.09.09 13:01:40.536,0.8017,0.80185,5.60,2.50
2008.09.09 13:01:40.656,0.80165,0.80185,11.70,2.50
2008.09.09 13:01:40.940,0.80165,0.80185,14.90,1.60
2008.09.09 13:01:41.322,0.80165,0.80185,14.90,1.60
2008.09.09 13:01:41.540,0.8016,0.80185,15.50,1.60
2008.09.09 13:01:41.756,0.80165,0.80185,6.30,2.90
2008.09.09 13:01:42.525,0.80165,0.80185,8.30,1.60
2008.09.09 13:01:43.741,0.8017,0.8019,5.80,2.50
2008.09.09 13:01:44.132,0.80175,0.8019,1.60,1.00
2008.09.09 13:01:44.328,0.80175,0.8019,1.00,1.70
2008.09.09 13:01:44.476,0.80175,0.8019,1.70,1.70
2008.09.09 13:01:44.624,0.8017,0.8019,5.80,2.50
2008.09.09 13:01:44.772,0.8017,0.8019,4.70,2.50
2008.09.09 13:01:45.216,0.8017,0.8019,5.90,1.60
2008.09.09 13:01:47.176,0.8017,0.80185,2.70,1.00
2008.09.09 13:01:47.625,0.80165,0.80185,10.60,1.00
2008.09.09 13:01:48.305,0.80165,0.80185,10.60,1.00
2008.09.09 13:01:49.304,0.80165,0.8019,10.60,1.60
2008.09.09 13:01:49.932,0.80165,0.8019,8.30,2.50
2008.09.09 13:01:54.348,0.8017,0.80185,4.70,1.00
2008.09.09 13:01:54.544,0.80165,0.80185,7.80,1.60
2008.09.09 13:01:54.740,0.8016,0.80185,13.20,2.50
2008.09.09 13:01:55.336,0.80165,0.80185,6.20,1.60
2008.09.09 13:01:55.744,0.80165,0.80185,8.50,1.00
2008.09.09 13:01:55.948,0.80165,0.80185,7.90,1.30
2008.09.09 13:01:56.152,0.80165,0.8019,8.30,2.50
2008.09.09 13:01:56.593,0.8017,0.8019,17.00,1.80
2008.09.09 13:01:56.700,0.8017,0.8019,6.80,1.80
2008.09.09 13:01:56.808,0.8017,0.8019,7.40,1.00
2008.09.09 13:01:57.132,0.8017,0.8019,7.20,1.60
2008.09.09 13:01:57.449,0.8017,0.8019,9.00,1.00
2008.09.09 13:01:57.764,0.8017,0.80195,9.50,2.50
2008.09.09 13:01:58.080,0.80175,0.80195,5.10,2.50
2008.09.09 13:01:58.367,0.80175,0.80195,4.00,2.50
2008.09.09 13:01:58.653,0.80175,0.8019,4.00,1.40
2008.09.09 13:01:59.233,0.80175,0.8019,1.80,6.80
2008.09.09 13:01:59.412,0.80175,0.80185,1.80,1.00
2008.09.09 13:01:59.592,0.80165,0.80185,8.30,1.00
2008.09.09 13:01:59.772,0.80165,0.80185,11.20,1.00
2008.09.09 13:01:59.952,0.80165,0.80185,11.20,1.40
2008.09.09 13:02:02.016,0.80165,0.80185,11.20,1.60
2008.09.09 13:02:02.828,0.8017,0.80185,15.60,1.40
2008.09.09 13:02:03.008,0.80175,0.80185,1.00,1.30
2008.09.09 13:02:03.188,0.80175,0.8019,1.80,1.60
2008.09.09 13:02:04.533,0.8017,0.8019,6.80,1.60
2008.09.09 13:02:04.812,0.80165,0.80185,10.60,1.00
2008.09.09 13:02:04.876,0.80165,0.80185,9.90,1.60
2008.09.09 13:02:05.064,0.80165,0.80185,11.20,1.60
2008.09.09 13:02:05.685,0.80165,0.80185,8.30,1.20
2008.09.09 13:02:05.969,0.80165,0.80185,9.40,1.20
2008.09.09 13:02:09.043,0.8017,0.8019,5.80,3.20
2008.09.09 13:02:09.277,0.8017,0.8019,5.80,2.50
2008.09.09 13:02:09.437,0.8017,0.80185,5.80,1.00
2008.09.09 13:02:09.512,0.8017,0.80185,4.90,1.00
2008.09.09 13:02:09.602,0.8017,0.80185,4.90,1.00
2008.09.09 13:02:09.822,0.8017,0.80185,3.90,1.00
2008.09.09 13:02:10.174,0.8017,0.80185,3.90,1.30
2008.09.09 13:02:10.508,0.8017,0.80185,3.10,2.50
2008.09.09 13:02:15.442,0.8017,0.80185,3.10,2.50
2008.09.09 13:02:15.880,0.8017,0.80185,3.10,1.40
2008.09.09 13:02:16.536,0.8017,0.80185,3.10,2.50
2008.09.09 13:02:18.483,0.80175,0.80185,1.00,1.20
2008.09.09 13:02:18.777,0.80175,0.8019,5.10,9.90
2008.09.09 13:02:19.077,0.80175,0.80195,10.60,2.90
2008.09.09 13:02:19.364,0.80175,0.80195,8.50,1.60
2008.09.09 13:02:20.136,0.80175,0.80195,8.50,2.40
2008.09.09 13:02:20.336,0.80175,0.8019,12.00,2.70
2008.09.09 13:02:20.536,0.80175,0.8019,8.50,2.70
2008.09.09 13:02:20.737,0.80175,0.8019,8.50,5.90
2008.09.09 13:02:20.936,0.80175,0.8019,8.50,4.80
2008.09.09 13:02:21.200,0.80175,0.8019,8.50,1.00
2008.09.09 13:02:21.464,0.80175,0.80195,8.50,1.00
2008.09.09 13:02:21.730,0.80175,0.8019,8.50,3.20
2008.09.09 13:02:24.609,0.8018,0.8019,4.70,3.20
2008.09.09 13:02:25.528,0.8018,0.8019,4.70,2.10
2008.09.09 13:02:25.881,0.80185,0.8019,1.00,2.10
2008.09.09 13:02:26.055,0.80185,0.80195,1.80,1.00
2008.09.09 13:02:26.232,0.80185,0.80195,1.80,1.00
2008.09.09 13:02:28.079,0.8018,0.8019,1.60,3.20
2008.09.09 13:02:28.496,0.80185,0.8019,1.00,3.20
2008.09.09 13:02:28.704,0.80185,0.80195,1.80,1.00
2008.09.09 13:02:28.964,0.8018,0.80195,5.90,1.00
2008.09.09 13:02:29.224,0.80175,0.80185,1.80,1.00
2008.09.09 13:02:29.485,0.8017,0.80185,5.10,1.60
2008.09.09 13:02:29.928,0.80165,0.80185,17.10,1.60
2008.09.09 13:02:30.292,0.80165,0.80185,11.20,1.60
2008.09.09 13:02:30.476,0.80165,0.80185,8.50,1.30
2008.09.09 13:02:30.660,0.80165,0.80185,8.30,1.00
2008.09.09 13:02:31.000,0.8017,0.8019,6.80,2.50
2008.09.09 13:02:31.340,0.8017,0.8019,11.20,1.60
2008.09.09 13:02:32.148,0.8017,0.8019,7.90,1.60
2008.09.09 13:02:32.344,0.8017,0.80185,5.90,1.00
2008.09.09 13:02:32.540,0.8017,0.80185,7.00,1.60
2008.09.09 13:02:33.052,0.80175,0.80185,1.80,1.00
2008.09.09 13:02:33.372,0.80175,0.8019,1.80,2.50
2008.09.09 13:02:33.692,0.80175,0.8019,1.80,1.80
2008.09.09 13:02:34.012,0.8017,0.8019,7.90,4.80
2008.09.09 13:02:34.138,0.8017,0.8018,1.80,3.70
2008.09.09 13:02:34.268,0.80175,0.8018,1.00,3.70
2008.09.09 13:02:34.392,0.8016,0.8018,11.70,7.00
2008.09.09 13:02:34.640,0.8016,0.8018,11.70,8.70
2008.09.09 13:02:34.884,0.8016,0.8018,11.70,9.40
2008.09.09 13:02:35.226,0.8016,0.8018,11.70,11.60
2008.09.09 13:02:37.340,0.80165,0.8018,1.60,9.40
2008.09.09 13:02:37.476,0.80165,0.8018,1.60,11.60
2008.09.09 13:02:37.612,0.80165,0.8018,1.60,9.40
2008.09.09 13:02:39.159,0.80165,0.8018,1.60,8.70
2008.09.09 13:02:39.306,0.80165,0.8018,1.60,10.90
2008.09.09 13:02:39.725,0.80165,0.8018,1.60,8.70
2008.09.09 13:02:40.130,0.80165,0.8018,1.60,10.90
2008.09.09 13:02:40.400,0.80165,0.8018,1.60,11.60
2008.09.09 13:02:40.797,0.8016,0.8017,2.90,3.20
2008.09.09 13:02:41.060,0.80155,0.8017,9.30,3.20
2008.09.09 13:02:41.324,0.80155,0.8017,10.60,3.20
2008.09.09 13:02:41.588,0.80155,0.80175,11.70,1.00
2008.09.09 13:02:41.728,0.80155,0.80175,8.50,1.00
2008.09.09 13:02:41.868,0.80155,0.80175,8.50,1.00
2008.09.09 13:02:42.144,0.80155,0.80175,9.40,1.00
2008.09.09 13:02:42.919,0.80155,0.80175,11.70,1.00
2008.09.09 13:02:43.596,0.8016,0.8018,7.00,1.60
2008.09.09 13:02:44.745,0.80165,0.8018,1.80,11.70
2008.09.09 13:02:44.908,0.80165,0.8018,1.80,10.60
2008.09.09 13:02:44.992,0.80165,0.8018,1.60,10.50
2008.09.09 13:02:45.076,0.80165,0.8018,1.60,8.30
2008.09.09 13:02:45.520,0.80165,0.8018,1.60,9.40
2008.09.09 13:02:45.930,0.80165,0.8018,1.60,8.30
2008.09.09 13:02:46.673,0.80165,0.8018,1.60,7.00
2008.09.09 13:02:47.380,0.80165,0.8018,1.60,8.30
2008.09.09 13:02:47.544,0.80165,0.8018,1.60,7.20
2008.09.09 13:02:48.044,0.80165,0.8018,1.60,5.60
2008.09.09 13:02:49.056,0.80165,0.80175,1.80,1.00
2008.09.09 13:02:51.860,0.8016,0.8018,9.50,6.30
2008.09.09 13:02:51.964,0.8016,0.80185,9.90,3.20
2008.09.09 13:02:52.181,0.80165,0.80185,5.80,2.50
2008.09.09 13:02:54.956,0.8017,0.80185,1.60,1.00
2008.09.09 13:02:55.560,0.8016,0.80185,9.00,2.50
2008.09.09 13:02:55.724,0.8016,0.80185,8.90,2.50
2008.09.09 13:02:55.888,0.80165,0.80185,10.50,1.80
2008.09.09 13:02:56.052,0.80165,0.80185,7.40,1.00
2008.09.09 13:02:56.587,0.80165,0.80185,8.50,1.00
2008.09.09 13:02:56.805,0.8016,0.8018,12.40,1.60
2008.09.09 13:02:57.033,0.8016,0.8018,7.10,1.80
2008.09.09 13:02:57.250,0.8016,0.8018,9.70,8.50
2008.09.09 13:02:57.468,0.8016,0.8018,8.60,4.10
2008.09.09 13:02:58.064,0.8016,0.8018,9.70,3.90
2008.09.09 13:02:58.264,0.80165,0.8018,1.60,4.50
2008.09.09 13:02:58.560,0.80165,0.80185,4.70,2.50
2008.09.09 13:03:02.568,0.80165,0.80185,5.80,2.50
2008.09.09 13:03:02.888,0.80165,0.80185,4.70,2.50
2008.09.09 13:03:03.210,0.80165,0.8018,3.90,9.80
2008.09.09 13:03:03.429,0.8016,0.8018,9.70,8.90
2008.09.09 13:03:03.644,0.8016,0.80185,10.80,2.50
2008.09.09 13:03:04.072,0.80165,0.80185,6.80,2.50
2008.09.09 13:03:04.180,0.80165,0.80185,11.20,1.60
2008.09.09 13:03:04.288,0.80165,0.80185,8.50,2.90
2008.09.09 13:03:04.451,0.80165,0.80185,8.30,2.90
2008.09.09 13:03:04.873,0.80165,0.80185,7.40,1.70
2008.09.09 13:03:05.469,0.80165,0.80185,6.70,2.50
2008.09.09 13:03:06.228,0.80165,0.80185,4.70,2.50
2008.09.09 13:03:09.095,0.8017,0.80185,3.10,2.50
2008.09.09 13:03:10.476,0.80165,0.80185,6.80,1.60
2008.09.09 13:03:14.327,0.8017,0.8018,3.10,3.20
2008.09.09 13:03:14.436,0.80165,0.80185,4.90,1.70
2008.09.09 13:03:14.764,0.80165,0.80185,5.80,2.50
2008.09.09 13:03:14.995,0.80165,0.80185,6.80,1.60
2008.09.09 13:03:19.439,0.8017,0.80185,3.10,2.50
2008.09.09 13:03:19.937,0.80165,0.80185,6.80,1.60
2008.09.09 13:03:25.805,0.8017,0.80185,3.10,2.50
2008.09.09 13:03:26.779,0.8016,0.80185,14.00,2.50
2008.09.09 13:03:26.815,0.8016,0.80185,12.90,2.50
2008.09.09 13:03:27.148,0.8016,0.80185,12.90,3.20
2008.09.09 13:03:28.272,0.8016,0.80185,12.90,2.50
2008.09.09 13:03:29.843,0.80165,0.80185,5.80,2.50
2008.09.09 13:03:30.635,0.8017,0.80185,1.80,2.50
2008.09.09 13:03:30.951,0.8017,0.8018,1.60,3.20
2008.09.09 13:03:34.139,0.8017,0.8018,4.70,3.20
2008.09.09 13:03:34.813,0.8017,0.8019,4.70,6.40
2008.09.09 13:03:34.892,0.8017,0.8019,4.70,5.80
2008.09.09 13:03:35.112,0.8017,0.8019,4.70,6.40
2008.09.09 13:03:35.187,0.8017,0.8018,4.70,3.20
2008.09.09 13:03:42.908,0.8017,0.8019,4.70,6.40
2008.09.09 13:03:42.950,0.80165,0.8019,8.30,3.20
2008.09.09 13:03:43.268,0.8017,0.8019,6.30,1.00
2008.09.09 13:03:43.564,0.8017,0.8019,8.30,3.20
2008.09.09 13:03:43.861,0.8017,0.8019,8.50,3.20
2008.09.09 13:03:44.156,0.8017,0.8019,8.50,1.00
2008.09.09 13:03:44.452,0.8017,0.8019,8.30,1.00
2008.09.09 13:03:44.768,0.8017,0.80195,8.30,2.50
2008.09.09 13:03:48.628,0.80175,0.80195,5.90,1.60
2008.09.09 13:03:49.407,0.8017,0.80195,13.70,2.50
2008.09.09 13:03:49.488,0.8017,0.8019,13.70,1.00
2008.09.09 13:03:49.563,0.8017,0.8019,13.70,1.00
2008.09.09 13:03:49.807,0.8017,0.8019,13.70,3.20
2008.09.09 13:03:50.147,0.8017,0.8019,10.60,4.30
2008.09.09 13:03:50.344,0.8017,0.8019,10.60,9.10
2008.09.09 13:03:50.923,0.8017,0.8019,11.70,5.90
2008.09.09 13:03:51.120,0.8017,0.80195,12.60,2.50
2008.09.09 13:03:51.308,0.80165,0.8019,14.90,1.60
2008.09.09 13:03:51.497,0.80165,0.8019,11.70,1.60
2008.09.09 13:03:51.684,0.80165,0.80185,10.60,1.00
2008.09.09 13:03:52.217,0.80165,0.80185,8.30,1.00
2008.09.09 13:03:52.379,0.8017,0.80185,1.60,1.00
2008.09.09 13:03:53.023,0.8017,0.80185,4.70,1.00
2008.09.09 13:03:55.558,0.80175,0.8019,1.00,2.50
2008.09.09 13:03:55.715,0.8017,0.8019,18.90,1.80
2008.09.09 13:03:56.539,0.8017,0.8019,27.60,1.60
2008.09.09 13:03:56.659,0.8017,0.8019,33.00,6.80
2008.09.09 13:03:57.146,0.8017,0.8019,11.20,6.80
2008.09.09 13:03:57.803,0.80165,0.8019,11.70,6.00
2008.09.09 13:03:58.053,0.80165,0.8019,11.70,1.60
2008.09.09 13:03:58.301,0.8017,0.8019,6.80,1.40
2008.09.09 13:03:58.529,0.8017,0.8019,7.40,7.60
2008.09.09 13:03:59.943,0.80175,0.8019,3.90,7.80
2008.09.09 13:04:00.107,0.80175,0.8019,3.10,1.60
2008.09.09 13:04:00.272,0.80175,0.8019,3.10,1.40
2008.09.09 13:04:00.355,0.80175,0.8019,3.90,7.60
2008.09.09 13:04:00.439,0.80175,0.8019,4.90,7.60
2008.09.09 13:04:01.500,0.80175,0.80195,5.80,3.20
2008.09.09 13:04:01.703,0.8017,0.80195,8.30,3.20
2008.09.09 13:04:01.808,0.8017,0.80195,8.30,2.50
2008.09.09 13:04:05.226,0.8017,0.80195,10.80,2.50
2008.09.09 13:04:07.198,0.8018,0.80195,3.10,2.50
2008.09.09 13:04:07.747,0.80175,0.80195,5.80,2.50
2008.09.09 13:04:07.970,0.80175,0.80195,5.80,2.50
2008.09.09 13:04:11.188,0.80175,0.80195,5.80,2.50
2008.09.09 13:04:13.305,0.8018,0.80195,3.10,1.60
2008.09.09 13:04:13.539,0.80175,0.80195,7.00,1.60
2008.09.09 13:04:13.775,0.8017,0.80195,10.60,1.60
2008.09.09 13:04:14.037,0.8017,0.80195,8.30,2.50
2008.09.09 13:04:14.439,0.8017,0.8019,11.70,3.90
2008.09.09 13:04:14.644,0.80165,0.8018,12.80,3.20
2008.09.09 13:04:14.848,0.80165,0.80185,7.90,1.40
2008.09.09 13:04:14.935,0.80165,0.80185,7.80,1.40
2008.09.09 13:04:15.107,0.80165,0.80185,6.70,2.50
2008.09.09 13:04:29.936,0.80175,0.80185,3.10,1.80
2008.09.09 13:04:30.060,0.8017,0.80185,4.10,2.50
2008.09.09 13:04:30.265,0.80165,0.80185,7.80,2.50
2008.09.09 13:04:30.327,0.80165,0.80185,5.80,2.50
2008.09.09 13:04:30.824,0.80165,0.80185,5.80,2.50
2008.09.09 13:04:30.889,0.80165,0.80185,6.80,1.40
2008.09.09 13:04:31.949,0.80165,0.8018,8.30,3.20
2008.09.09 13:04:33.111,0.80165,0.8018,8.50,3.20
2008.09.09 13:04:33.429,0.80165,0.80185,5.80,1.40
2008.09.09 13:04:33.747,0.8017,0.80185,3.10,1.60
2008.09.09 13:04:34.063,0.8017,0.80185,3.10,2.50
2008.09.09 13:04:34.771,0.80165,0.80185,5.80,2.50
2008.09.09 13:04:36.262,0.8017,0.80185,3.10,2.50
2008.09.09 13:04:37.835,0.8016,0.80185,12.60,2.50
2008.09.09 13:04:39.356,0.8016,0.80185,11.60,2.50
2008.09.09 13:04:41.105,0.80165,0.8018,3.90,11.00
2008.09.09 13:04:41.207,0.80165,0.8018,3.90,11.70
2008.09.09 13:04:41.312,0.80165,0.8018,3.10,1.40
2008.09.09 13:04:41.515,0.80165,0.8018,3.10,11.70
2008.09.09 13:04:41.600,0.80165,0.8018,3.10,13.90
2008.09.09 13:04:41.763,0.80165,0.8018,3.10,3.90
2008.09.09 13:04:41.847,0.80165,0.8018,3.10,1.40
2008.09.09 13:04:41.937,0.80165,0.8018,4.00,11.80
2008.09.09 13:04:42.099,0.80165,0.8018,3.10,1.40
2008.09.09 13:04:43.003,0.80165,0.8018,4.00,14.00
2008.09.09 13:04:43.232,0.8017,0.8018,3.10,7.80
2008.09.09 13:04:43.461,0.8016,0.80185,9.40,2.50
2008.09.09 13:04:43.690,0.8016,0.80185,8.30,2.50
2008.09.09 13:04:44.903,0.8016,0.8018,8.50,3.90
2008.09.09 13:04:44.992,0.80165,0.8018,3.70,3.90
2008.09.09 13:04:45.164,0.80165,0.8017,4.70,3.20
2008.09.09 13:04:45.252,0.8016,0.8018,22.20,5.10
2008.09.09 13:04:45.339,0.8016,0.8018,6.80,5.10
2008.09.09 13:04:45.511,0.8016,0.8018,7.90,11.80
2008.09.09 13:04:45.599,0.8016,0.8018,7.90,4.50
2008.09.09 13:04:46.867,0.8017,0.8018,3.10,4.50
2008.09.09 13:04:47.231,0.80165,0.8018,4.00,9.70
2008.09.09 13:04:47.597,0.80165,0.8018,4.00,7.50
2008.09.09 13:04:48.615,0.80165,0.8018,4.00,4.50
2008.09.09 13:04:49.323,0.80165,0.8018,5.10,4.50
2008.09.09 13:04:49.454,0.80165,0.80185,5.80,3.20
2008.09.09 13:04:49.579,0.80165,0.80185,5.80,2.50
2008.09.09 13:04:50.079,0.80165,0.80185,4.70,2.50
2008.09.09 13:04:50.563,0.8016,0.80185,8.30,2.50
2008.09.09 13:04:50.943,0.80165,0.80185,8.90,2.50
2008.09.09 13:04:51.180,0.80165,0.80185,7.80,1.70
2008.09.09 13:04:51.416,0.80165,0.80185,6.80,1.70
2008.09.09 13:04:51.652,0.80165,0.80185,6.80,1.60
2008.09.09 13:04:51.775,0.80165,0.8019,7.90,3.20
2008.09.09 13:04:51.840,0.80165,0.8019,8.30,3.20
2008.09.09 13:04:51.903,0.80165,0.8019,8.30,2.50
2008.09.09 13:04:53.171,0.80175,0.8019,3.10,2.50
2008.09.09 13:04:53.803,0.8017,0.8019,4.70,2.50
2008.09.09 13:04:54.463,0.8017,0.80185,4.70,1.00
2008.09.09 13:04:54.631,0.80165,0.80185,8.30,1.20
2008.09.09 13:04:58.204,0.8017,0.80185,5.80,1.30
2008.09.09 13:04:58.503,0.8017,0.80185,4.70,1.20
2008.09.09 13:05:00.391,0.8017,0.80185,4.70,1.30
2008.09.09 13:05:01.296,0.8017,0.8018,4.70,4.90
2008.09.09 13:05:01.439,0.80165,0.80185,11.20,1.60
2008.09.09 13:05:02.003,0.80165,0.8018,11.20,4.90
2008.09.09 13:05:02.757,0.80165,0.80185,11.20,1.60
2008.09.09 13:05:02.991,0.8016,0.80185,14.90,1.60
2008.09.09 13:05:03.227,0.8016,0.80185,10.60,1.60
2008.09.09 13:05:03.987,0.8016,0.80185,10.50,2.50
2008.09.09 13:05:05.983,0.8016,0.80185,9.40,2.50
2008.09.09 13:05:06.252,0.80165,0.8018,1.60,5.40
2008.09.09 13:05:06.519,0.80165,0.8018,5.80,8.90
2008.09.09 13:05:06.695,0.80165,0.8018,4.70,8.20
2008.09.09 13:05:06.871,0.80165,0.8018,1.60,8.20
2008.09.09 13:05:07.047,0.80165,0.8018,1.60,9.50
2008.09.09 13:05:07.223,0.80165,0.8018,1.60,8.90
2008.09.09 13:05:07.399,0.80165,0.8018,1.60,8.20
2008.09.09 13:05:07.577,0.80165,0.8018,1.80,9.70
2008.09.09 13:05:09.589,0.80165,0.8018,4.00,9.70
2008.09.09 13:05:10.064,0.80165,0.80185,4.70,2.50
2008.09.09 13:05:10.171,0.80165,0.80185,6.70,2.50
2008.09.09 13:05:10.267,0.80165,0.80185,6.80,2.50
2008.09.09 13:05:11.248,0.80165,0.80185,11.20,1.60
2008.09.09 13:05:12.475,0.80165,0.80185,6.70,2.50
2008.09.09 13:05:15.007,0.80165,0.80185,5.80,2.50
2008.09.09 13:05:15.742,0.8017,0.80185,3.10,2.50
2008.09.09 13:05:17.311,0.80165,0.80185,5.80,2.50
2008.09.09 13:05:17.835,0.80165,0.80185,5.80,2.50
2008.09.09 13:05:18.752,0.8017,0.80185,3.10,2.50
2008.09.09 13:05:18.962,0.8017,0.80185,3.10,1.40
2008.09.09 13:05:19.347,0.8017,0.80185,3.10,1.60
2008.09.09 13:05:20.871,0.80165,0.80185,7.00,1.60
2008.09.09 13:05:21.328,0.80165,0.80185,6.80,1.60
2008.09.09 13:05:21.656,0.80165,0.80185,5.80,2.50
2008.09.09 13:05:21.875,0.8016,0.80185,12.60,2.50
2008.09.09 13:05:38.162,0.80165,0.80185,4.70,2.50
2008.09.09 13:05:38.623,0.80165,0.80185,6.80,2.50
2008.09.09 13:05:38.787,0.80165,0.80185,5.80,2.50
2008.09.09 13:05:39.111,0.80165,0.80185,7.90,1.40
2008.09.09 13:05:41.423,0.80165,0.80185,6.70,2.50
2008.09.09 13:05:42.347,0.8017,0.80185,3.10,2.50
2008.09.09 13:05:44.059,0.80165,0.80185,5.80,2.50
2008.09.09 13:05:44.243,0.80165,0.80185,5.80,2.50
2008.09.09 13:05:44.787,0.8016,0.80185,12.60,2.50
2008.09.09 13:05:45.417,0.8016,0.80185,8.30,2.50
2008.09.09 13:05:45.560,0.8016,0.8018,11.20,9.00
2008.09.09 13:05:45.704,0.8016,0.8018,11.20,9.70
2008.09.09 13:05:47.011,0.8016,0.80185,12.60,2.50
2008.09.09 13:05:47.455,0.80165,0.8018,5.10,9.00
2008.09.09 13:05:47.536,0.80165,0.8018,5.10,9.70
2008.09.09 13:05:47.779,0.80165,0.8018,4.00,9.70
2008.09.09 13:05:48.351,0.80165,0.8018,4.00,1.40
2008.09.09 13:05:48.692,0.80165,0.8018,1.80,1.60
2008.09.09 13:05:49.227,0.80165,0.8018,1.80,15.10
2008.09.09 13:05:49.427,0.80165,0.8018,4.00,15.10
2008.09.09 13:05:52.297,0.80165,0.8018,1.80,15.10
2008.09.09 13:05:52.423,0.80165,0.8018,1.80,1.60
2008.09.09 13:05:53.739,0.80165,0.8018,4.00,6.40
2008.09.09 13:05:56.279,0.80165,0.80185,4.70,3.20
2008.09.09 13:05:56.347,0.8016,0.80185,8.30,2.50
2008.09.09 13:05:59.946,0.80165,0.8018,4.00,5.80
2008.09.09 13:06:00.291,0.80165,0.8018,4.00,6.40
2008.09.09 13:06:01.175,0.80165,0.80175,3.10,1.00
2008.09.09 13:06:01.336,0.8016,0.80175,6.80,1.00
2008.09.09 13:06:01.495,0.80155,0.80175,7.90,1.40
2008.09.09 13:06:01.655,0.80155,0.80175,7.90,1.40
2008.09.09 13:06:05.795,0.8016,0.80175,4.00,1.60
2008.09.09 13:06:06.095,0.8016,0.80175,4.00,1.40
2008.09.09 13:06:08.215,0.8016,0.80175,1.80,1.60
2008.09.09 13:06:10.746,0.8016,0.80175,4.00,1.60
2008.09.09 13:06:15.150,0.8016,0.80175,4.00,1.40
2008.09.09 13:06:21.875,0.8016,0.80175,4.00,1.60
2008.09.09 13:06:22.635,0.8016,0.80175,1.80,1.60
2008.09.09 13:06:25.661,0.8016,0.8017,1.80,3.20
2008.09.09 13:06:26.343,0.8015,0.80165,8.20,1.00
2008.09.09 13:06:26.451,0.8015,0.8016,8.20,3.20
2008.09.09 13:06:26.663,0.80145,0.80165,11.00,1.60
2008.09.09 13:06:26.771,0.80145,0.80165,8.90,1.40
2008.09.09 13:06:29.299,0.8014,0.8016,13.30,6.20
2008.09.09 13:06:29.499,0.80145,0.80165,6.80,1.60
2008.09.09 13:06:30.315,0.80145,0.8016,6.80,3.20
2008.09.09 13:06:33.103,0.8015,0.80165,3.10,1.40
2008.09.09 13:06:33.327,0.8015,0.80165,3.10,2.50
2008.09.09 13:06:34.104,0.8015,0.80165,3.10,2.70
2008.09.09 13:06:34.548,0.8015,0.80165,4.00,1.80
2008.09.09 13:06:35.180,0.8015,0.8016,4.00,3.20
2008.09.09 13:06:35.375,0.8015,0.80165,3.10,1.40
2008.09.09 13:06:35.459,0.8015,0.80165,3.10,1.60
2008.09.09 13:06:35.916,0.8015,0.80165,3.10,2.70
2008.09.09 13:06:36.218,0.80145,0.80165,5.80,2.70
2008.09.09 13:06:36.791,0.80145,0.80165,4.70,2.70
2008.09.09 13:06:36.915,0.80145,0.8016,4.00,9.00
2008.09.09 13:06:37.159,0.80145,0.8016,4.00,9.70
2008.09.09 13:06:37.283,0.80145,0.80165,4.70,3.20
2008.09.09 13:06:37.407,0.80145,0.80165,4.70,2.70
2008.09.09 13:06:38.779,0.80145,0.8016,4.70,8.20
2008.09.09 13:06:39.444,0.80145,0.80165,4.70,2.70
2008.09.09 13:06:39.685,0.80145,0.8016,4.70,8.20
2008.09.09 13:06:41.464,0.80145,0.8016,4.00,10.10
2008.09.09 13:06:41.700,0.80145,0.8016,4.00,12.50
2008.09.09 13:06:42.031,0.80145,0.80165,4.70,3.20
2008.09.09 13:06:42.519,0.80145,0.80165,5.80,2.70
2008.09.09 13:06:43.244,0.80145,0.80165,6.80,1.60
2008.09.09 13:06:44.189,0.80145,0.80165,5.80,1.60
2008.09.09 13:06:44.577,0.80145,0.80165,4.70,2.70
2008.09.09 13:06:44.964,0.80145,0.80165,5.80,2.70
2008.09.09 13:06:45.187,0.80145,0.80165,4.70,2.70
2008.09.09 13:06:47.999,0.80145,0.8016,4.00,9.00
2008.09.09 13:06:48.059,0.80145,0.8016,4.00,10.10
2008.09.09 13:06:48.335,0.80145,0.8016,4.00,12.50
2008.09.09 13:06:48.595,0.80145,0.8016,1.80,12.50
2008.09.09 13:06:50.723,0.8014,0.8015,7.10,3.20
2008.09.09 13:06:50.939,0.8014,0.8015,5.10,3.20
2008.09.09 13:06:51.156,0.8014,0.8015,4.00,3.20
2008.09.09 13:06:52.131,0.8014,0.8015,1.80,3.20
2008.09.09 13:06:53.936,0.80135,0.8015,5.10,7.00
2008.09.09 13:06:54.623,0.80135,0.8015,4.00,7.00
2008.09.09 13:06:55.054,0.80135,0.8015,3.90,7.00
2008.09.09 13:06:56.585,0.80135,0.8015,5.80,5.90
2008.09.09 13:06:56.767,0.80135,0.8015,5.80,3.20
2008.09.09 13:06:56.951,0.80135,0.80155,6.70,2.80
2008.09.09 13:06:57.707,0.80135,0.80155,3.60,2.80
2008.09.09 13:06:57.883,0.80135,0.8014,2.80,3.20
2008.09.09 13:06:58.060,0.80135,0.8014,6.00,3.20
2008.09.09 13:06:58.235,0.80135,0.8015,4.90,1.80
2008.09.09 13:06:58.835,0.80135,0.8015,4.90,6.70
2008.09.09 13:07:00.407,0.80135,0.80155,5.80,2.80
2008.09.09 13:07:01.235,0.80135,0.80155,6.70,2.80
2008.09.09 13:07:02.111,0.80135,0.80155,5.60,2.80
2008.09.09 13:07:02.251,0.80135,0.80155,5.80,2.80
2008.09.09 13:07:03.451,0.80135,0.80155,6.70,2.80
2008.09.09 13:07:03.775,0.80135,0.8015,3.60,3.20
2008.09.09 13:07:03.940,0.80135,0.8015,2.50,3.30
2008.09.09 13:07:04.423,0.80135,0.8015,3.60,3.30
2008.09.09 13:07:04.587,0.80135,0.8015,6.70,3.30
2008.09.09 13:07:04.911,0.80135,0.80155,6.70,2.80
2008.09.09 13:07:05.371,0.80135,0.80155,5.60,2.80
2008.09.09 13:07:05.527,0.80135,0.8015,4.90,6.30
2008.09.09 13:07:05.683,0.80135,0.8015,4.90,7.00
2008.09.09 13:07:06.119,0.80135,0.8015,3.90,7.00
2008.09.09 13:07:06.683,0.80135,0.8015,3.90,6.70
2008.09.09 13:07:07.862,0.80135,0.80155,5.80,3.30
2008.09.09 13:07:08.203,0.80135,0.80155,5.80,2.80
2008.09.09 13:07:08.544,0.8014,0.80155,3.90,1.80
2008.09.09 13:07:09.330,0.8014,0.80155,3.90,1.30
2008.09.09 13:07:09.559,0.80135,0.80155,5.60,1.60
2008.09.09 13:07:09.787,0.80135,0.8015,3.90,4.00
2008.09.09 13:07:10.015,0.80135,0.8015,3.90,4.50
2008.09.09 13:07:10.760,0.80135,0.8015,3.90,5.40
2008.09.09 13:07:11.871,0.80135,0.8015,3.90,4.50
2008.09.09 13:07:12.359,0.80135,0.8015,3.90,4.80
2008.09.09 13:07:18.296,0.80135,0.8015,3.10,1.60
2008.09.09 13:07:18.619,0.80135,0.8015,3.10,2.80
2008.09.09 13:07:19.771,0.80135,0.8015,3.10,2.70
2008.09.09 13:07:19.959,0.80135,0.8015,3.90,2.70
2008.09.09 13:07:20.264,0.80135,0.8015,3.10,2.70
2008.09.09 13:07:20.359,0.80135,0.8015,3.10,2.80
2008.09.09 13:07:20.931,0.80135,0.8015,3.90,1.80
2008.09.09 13:07:21.171,0.80135,0.8015,3.90,1.80
2008.09.09 13:07:21.647,0.80135,0.80145,4.70,1.30
2008.09.09 13:07:21.739,0.80135,0.80145,3.90,1.30
2008.09.09 13:07:22.267,0.80135,0.80145,4.70,1.30
2008.09.09 13:07:22.439,0.80135,0.80145,3.90,1.30
2008.09.09 13:07:25.879,0.80135,0.80145,4.70,1.30
2008.09.09 13:07:28.007,0.80135,0.80145,3.90,1.30
2008.09.09 13:07:28.825,0.80135,0.8015,5.80,2.50
2008.09.09 13:07:29.269,0.80135,0.8015,5.80,1.30
2008.09.09 13:07:29.438,0.80135,0.8015,5.80,4.50
2008.09.09 13:07:30.839,0.8014,0.8015,1.70,4.50
2008.09.09 13:07:31.751,0.8014,0.8015,1.70,7.80
2008.09.09 13:07:32.028,0.8014,0.8015,1.70,6.70
2008.09.09 13:07:34.347,0.80135,0.80145,5.80,1.30
2008.09.09 13:07:35.244,0.80135,0.8015,5.80,1.30
2008.09.09 13:07:35.366,0.80135,0.8015,5.80,4.50
2008.09.09 13:07:36.895,0.8014,0.8015,3.10,4.50
2008.09.09 13:07:37.029,0.8014,0.8015,4.90,4.50
2008.09.09 13:07:37.099,0.8014,0.8015,3.90,4.50
2008.09.09 13:07:37.167,0.8014,0.8015,1.70,1.30
2008.09.09 13:07:37.235,0.8014,0.8015,4.90,1.30
2008.09.09 13:07:37.304,0.8014,0.8015,4.10,4.50
2008.09.09 13:07:37.371,0.8014,0.8015,1.70,4.50
2008.09.09 13:07:37.740,0.80135,0.8015,6.70,4.50
2008.09.09 13:07:38.388,0.80135,0.8015,5.80,4.50
2008.09.09 13:07:39.382,0.80135,0.8015,5.80,6.70
2008.09.09 13:07:40.862,0.80135,0.8015,5.80,7.80
2008.09.09 13:07:43.107,0.80135,0.8015,5.80,8.10
2008.09.09 13:07:44.080,0.80135,0.8015,5.80,7.80
2008.09.09 13:07:47.216,0.8014,0.8015,1.70,5.60
2008.09.09 13:07:47.427,0.8014,0.8015,1.70,4.50
2008.09.09 13:07:48.967,0.8014,0.8015,3.90,4.50
2008.09.09 13:07:49.426,0.8014,0.8015,1.70,4.50
2008.09.09 13:07:51.739,0.8014,0.8015,3.90,4.50
2008.09.09 13:07:52.337,0.8014,0.8015,1.70,4.50
2008.09.09 13:07:53.663,0.8014,0.8015,1.70,4.80
2008.09.09 13:07:54.007,0.8014,0.8015,1.70,4.80
2008.09.09 13:07:54.348,0.80135,0.8015,7.80,4.80
2008.09.09 13:07:54.495,0.80135,0.8015,6.70,4.50
2008.09.09 13:07:54.871,0.80135,0.8015,5.80,4.50
2008.09.09 13:07:55.342,0.80135,0.8015,5.80,4.80
2008.09.09 13:07:55.659,0.80135,0.8015,5.80,4.80
2008.09.09 13:07:56.271,0.80135,0.8015,5.80,4.80
2008.09.09 13:07:58.624,0.80135,0.8015,5.80,4.80
2008.09.09 13:07:58.867,0.80135,0.8015,3.90,1.60
2008.09.09 13:07:59.352,0.80135,0.80145,1.70,1.30
2008.09.09 13:08:01.586,0.80135,0.80145,3.90,1.30
2008.09.09 13:08:02.164,0.80135,0.80145,1.70,1.30
2008.09.09 13:08:02.515,0.80135,0.80145,3.90,1.30
2008.09.09 13:08:02.796,0.80135,0.80145,5.80,1.30
2008.09.09 13:08:03.075,0.80135,0.80145,4.90,1.30
2008.09.09 13:08:03.355,0.80135,0.80145,1.70,1.30
2008.09.09 13:08:05.011,0.80135,0.8014,1.70,1.00
2008.09.09 13:08:05.095,0.80135,0.8014,1.70,3.30
2008.09.09 13:08:05.156,0.80135,0.80145,1.70,1.60
2008.09.09 13:08:05.383,0.80135,0.8014,1.70,3.30
2008.09.09 13:08:05.931,0.80135,0.8014,1.70,3.30
2008.09.09 13:08:06.271,0.80135,0.80145,1.70,1.60
2008.09.09 13:08:06.947,0.80135,0.8014,1.70,3.30
2008.09.09 13:08:07.199,0.80135,0.80145,1.70,1.60
2008.09.09 13:08:07.326,0.80135,0.8014,1.70,1.00
2008.09.09 13:08:07.591,0.8013,0.8014,1.70,5.90
2008.09.09 13:08:07.973,0.8013,0.8014,1.70,7.00
2008.09.09 13:08:08.312,0.8013,0.8014,1.70,4.80
2008.09.09 13:08:09.009,0.8013,0.8014,1.70,7.00
2008.09.09 13:08:09.271,0.8013,0.80145,1.40,1.80
2008.09.09 13:08:09.549,0.8013,0.80145,3.90,2.80
2008.09.09 13:08:09.811,0.8013,0.8014,6.70,3.30
2008.09.09 13:08:10.075,0.8013,0.80145,4.70,1.60
2008.09.09 13:08:10.315,0.80135,0.8015,3.10,3.30
2008.09.09 13:08:10.555,0.80135,0.8015,3.10,2.70
2008.09.09 13:08:10.815,0.80135,0.8015,4.90,2.70
2008.09.09 13:08:11.055,0.80135,0.8015,4.10,2.70
2008.09.09 13:08:11.342,0.80135,0.8015,3.10,2.70
2008.09.09 13:08:11.915,0.80135,0.8015,4.10,2.70
2008.09.09 13:08:12.204,0.80135,0.8015,3.10,2.70
2008.09.09 13:08:12.330,0.80135,0.8015,4.10,2.70
2008.09.09 13:08:12.463,0.80135,0.8015,4.90,1.80
2008.09.09 13:08:12.716,0.80135,0.8015,5.80,1.80
2008.09.09 13:08:13.406,0.80135,0.8015,5.80,4.80
2008.09.09 13:08:13.712,0.80135,0.8015,4.70,4.80
2008.09.09 13:08:14.038,0.80135,0.8015,5.80,4.80
2008.09.09 13:08:15.215,0.80135,0.8015,4.70,4.80
2008.09.09 13:08:15.331,0.80135,0.8015,5.80,4.80
2008.09.09 13:08:15.735,0.80135,0.80155,5.80,3.30
2008.09.09 13:08:15.838,0.8014,0.80155,3.10,2.70
2008.09.09 13:08:15.943,0.8014,0.80155,3.90,1.80
2008.09.09 13:08:16.046,0.8014,0.80155,4.90,1.80
2008.09.09 13:08:16.150,0.8014,0.80155,8.20,1.80
2008.09.09 13:08:16.259,0.8014,0.80155,6.30,2.70
2008.09.09 13:08:16.598,0.8014,0.80155,3.10,2.70
2008.09.09 13:08:16.939,0.80135,0.80155,5.60,2.80
2008.09.09 13:08:17.280,0.8014,0.80155,3.90,1.80
2008.09.09 13:08:17.620,0.8014,0.80155,4.70,1.30
2008.09.09 13:08:17.674,0.8014,0.80155,3.90,1.60
2008.09.09 13:08:17.730,0.8014,0.80155,1.70,1.60
2008.09.09 13:08:17.890,0.8014,0.8015,1.70,2.90
2008.09.09 13:08:17.946,0.8014,0.8015,6.80,2.90
2008.09.09 13:08:18.002,0.8014,0.8015,1.40,2.20
2008.09.09 13:08:18.058,0.8014,0.80155,1.40,1.40
2008.09.09 13:08:18.270,0.8014,0.8015,1.40,1.00
2008.09.09 13:08:19.343,0.8014,0.8015,4.70,1.00
2008.09.09 13:08:19.684,0.8014,0.80155,5.80,1.30
2008.09.09 13:08:19.766,0.80145,0.80155,1.70,1.30
2008.09.09 13:08:20.251,0.80145,0.8015,1.70,3.20
2008.09.09 13:08:20.701,0.80145,0.80155,1.70,1.60
2008.09.09 13:08:21.232,0.8014,0.8015,3.90,4.80
2008.09.09 13:08:22.997,0.8014,0.8015,1.70,4.80
2008.09.09 13:08:23.671,0.8014,0.8015,3.90,4.80
2008.09.09 13:08:24.522,0.8014,0.8015,4.70,4.80
2008.09.09 13:08:24.870,0.8014,0.8015,1.40,4.80
2008.09.09 13:08:25.007,0.8014,0.8015,4.70,4.80
2008.09.09 13:08:25.275,0.8014,0.8015,1.40,4.80
2008.09.09 13:08:26.810,0.8014,0.8015,4.70,4.80
2008.09.09 13:08:26.907,0.8014,0.8015,4.70,4.50
2008.09.09 13:08:29.006,0.8014,0.8015,4.70,4.80
2008.09.09 13:08:29.330,0.8014,0.8015,1.40,4.80
2008.09.09 13:08:29.671,0.8014,0.8015,4.70,4.80
2008.09.09 13:08:30.104,0.8014,0.8015,1.40,4.80
2008.09.09 13:08:30.852,0.8014,0.8015,4.70,4.80
2008.09.09 13:08:31.415,0.8014,0.8015,1.40,4.80
2008.09.09 13:08:34.845,0.8014,0.8015,1.70,4.80
2008.09.09 13:08:37.779,0.8014,0.8015,1.70,4.80
2008.09.09 13:08:38.234,0.8014,0.8015,4.90,4.80
2008.09.09 13:08:38.490,0.8014,0.8015,4.90,4.80
2008.09.09 13:08:38.746,0.8014,0.8015,4.90,4.80
2008.09.09 13:08:39.255,0.8014,0.8015,4.90,7.00
2008.09.09 13:08:40.348,0.8014,0.8015,4.90,4.80
2008.09.09 13:08:40.445,0.8014,0.8015,4.90,4.80
2008.09.09 13:08:40.858,0.8014,0.8015,4.90,4.80
2008.09.09 13:08:41.764,0.8014,0.8015,4.90,1.60
2008.09.09 13:08:42.117,0.8014,0.8015,1.00,9.20
2008.09.09 13:08:42.454,0.8013,0.8014,5.60,4.50
2008.09.09 13:08:42.834,0.8013,0.8014,2.50,4.50
2008.09.09 13:08:43.159,0.8013,0.8014,2.50,4.80
2008.09.09 13:08:43.840,0.8013,0.8014,1.40,4.80
2008.09.09 13:08:44.108,0.80135,0.80145,1.70,2.00
2008.09.09 13:08:44.379,0.80135,0.80145,1.70,3.10
2008.09.09 13:08:45.323,0.80135,0.80145,1.40,3.10
2008.09.09 13:08:45.953,0.80135,0.80145,1.70,2.00
2008.09.09 13:08:46.110,0.80135,0.80145,1.70,1.40
2008.09.09 13:08:48.446,0.80135,0.80145,1.70,1.40
2008.09.09 13:08:49.002,0.80135,0.80145,1.70,1.30
2008.09.09 13:08:49.971,0.80135,0.80145,1.70,1.40
2008.09.09 13:08:50.278,0.80135,0.80145,1.70,1.40
2008.09.09 13:08:50.490,0.80135,0.80145,1.70,1.30
2008.09.09 13:08:51.007,0.80135,0.80145,1.70,1.30
2008.09.09 13:08:51.267,0.8013,0.8014,7.00,4.00
2008.09.09 13:08:51.526,0.8013,0.80145,5.20,1.30
2008.09.09 13:08:51.787,0.80135,0.80145,1.40,1.00
2008.09.09 13:08:52.334,0.80135,0.8015,1.40,4.70
2008.09.09 13:08:52.474,0.80135,0.8015,1.40,7.90
2008.09.09 13:08:53.862,0.8014,0.8015,4.90,10.10
2008.09.09 13:08:56.073,0.8013,0.80145,5.60,1.30
2008.09.09 13:08:56.396,0.8013,0.80145,1.40,1.40
2008.09.09 13:08:56.720,0.8013,0.80145,4.70,1.30
2008.09.09 13:08:57.066,0.8013,0.80135,1.70,1.00
2008.09.09 13:08:57.414,0.8013,0.8014,3.90,1.00
2008.09.09 13:08:57.591,0.8013,0.8014,3.90,7.40
2008.09.09 13:08:57.766,0.8013,0.8014,4.70,7.40
2008.09.09 13:08:58.108,0.8013,0.8014,1.40,1.40
2008.09.09 13:08:58.447,0.8013,0.8014,1.70,1.40
2008.09.09 13:08:58.787,0.8013,0.8014,1.40,1.40
2008.09.09 13:08:59.071,0.8013,0.8014,1.40,1.00
2008.09.09 13:08:59.355,0.8013,0.8014,1.40,1.40
2008.09.09 13:08:59.639,0.8013,0.8014,1.40,1.00
2008.09.09 13:08:59.925,0.8013,0.80135,6.00,1.30
2008.09.09 13:09:00.131,0.8013,0.80135,1.40,1.00
2008.09.09 13:09:00.338,0.8013,0.8014,1.40,1.00
2008.09.09 13:09:00.751,0.8013,0.80145,1.40,3.10
2008.09.09 13:09:01.482,0.8013,0.80145,1.40,1.30
2008.09.09 13:09:01.807,0.8013,0.80145,1.40,1.40
2008.09.09 13:09:02.130,0.8013,0.80145,4.70,1.30
2008.09.09 13:09:04.075,0.8013,0.80145,5.80,1.30
2008.09.09 13:09:04.354,0.80135,0.80145,3.90,1.30
2008.09.09 13:09:04.831,0.80135,0.80145,1.70,1.30
2008.09.09 13:09:08.250,0.80135,0.80145,1.70,1.40
2008.09.09 13:09:08.830,0.80135,0.80145,1.70,1.30
2008.09.09 13:09:15.070,0.80135,0.80145,3.90,1.30
2008.09.09 13:09:16.967,0.80135,0.80145,4.70,1.30
2008.09.09 13:09:19.078,0.80135,0.80145,1.40,1.30
2008.09.09 13:09:22.318,0.80135,0.80145,4.70,1.30
2008.09.09 13:09:22.438,0.8014,0.8015,4.90,4.50
2008.09.09 13:09:22.989,0.8014,0.8015,4.90,4.70
2008.09.09 13:09:23.795,0.8014,0.8015,1.70,4.70
2008.09.09 13:09:24.262,0.80135,0.80145,2.50,1.30
2008.09.09 13:09:26.395,0.80135,0.80145,1.40,1.30
2008.09.09 13:09:26.807,0.80135,0.80145,4.70,1.30
2008.09.09 13:09:27.322,0.8014,0.8015,3.90,1.30
2008.09.09 13:09:27.430,0.8014,0.8015,1.70,1.30
2008.09.09 13:09:27.539,0.8014,0.8015,1.70,4.50
2008.09.09 13:09:27.646,0.8014,0.8015,4.90,4.50
2008.09.09 13:09:27.754,0.8014,0.8015,4.90,5.60
2008.09.09 13:09:28.130,0.8014,0.8015,1.70,4.50
2008.09.09 13:09:30.140,0.80145,0.80155,1.40,1.80
2008.09.09 13:09:30.363,0.8014,0.80155,6.70,1.80
2008.09.09 13:09:30.586,0.8014,0.80155,2.50,1.80
2008.09.09 13:09:31.758,0.8014,0.80155,1.40,1.40
2008.09.09 13:09:32.972,0.8014,0.80155,4.70,1.40
2008.09.09 13:09:33.514,0.8014,0.80155,4.70,1.30
2008.09.09 13:09:34.710,0.80145,0.80155,3.10,1.30
2008.09.09 13:09:35.115,0.8014,0.80155,4.70,1.30
2008.09.09 13:09:36.646,0.8014,0.80155,4.70,1.40
2008.09.09 13:09:37.862,0.8014,0.80155,4.70,1.30
2008.09.09 13:09:38.514,0.80145,0.80155,1.00,1.30
2008.09.09 13:09:38.734,0.80145,0.80155,1.70,1.30
2008.09.09 13:09:40.024,0.80145,0.80155,3.90,1.30
2008.09.09 13:09:43.325,0.80145,0.80155,1.70,1.30
2008.09.09 13:09:44.138,0.80145,0.80155,3.90,1.30
2008.09.09 13:09:44.369,0.80145,0.80155,1.70,1.30
2008.09.09 13:09:44.818,0.8014,0.80145,17.30,1.00
2008.09.09 13:09:45.046,0.80145,0.80155,1.70,2.70
2008.09.09 13:09:45.274,0.80135,0.80145,6.70,1.30
2008.09.09 13:09:45.411,0.80135,0.80145,4.70,1.30
2008.09.09 13:09:48.822,0.80135,0.80145,4.70,3.50
2008.09.09 13:09:49.163,0.80135,0.80145,4.70,4.10
2008.09.09 13:09:49.509,0.80135,0.80145,1.70,2.40
2008.09.09 13:09:49.626,0.80135,0.80145,1.70,3.10
2008.09.09 13:09:49.862,0.80135,0.80145,1.70,3.90
2008.09.09 13:09:51.099,0.80135,0.80145,1.40,3.90
2008.09.09 13:09:51.326,0.80135,0.80145,4.70,3.90
2008.09.09 13:09:51.750,0.80135,0.80145,1.70,3.90
2008.09.09 13:09:52.146,0.80135,0.80145,1.40,3.90
2008.09.09 13:09:52.346,0.80135,0.80145,1.70,3.90
2008.09.09 13:09:55.536,0.80135,0.8014,1.70,3.20
2008.09.09 13:09:55.758,0.80135,0.8014,1.70,3.20
2008.09.09 13:09:56.048,0.80125,0.8013,11.80,1.00
2008.09.09 13:09:56.336,0.8013,0.8014,4.70,1.40
2008.09.09 13:09:56.636,0.8013,0.8014,4.70,4.50
2008.09.09 13:09:57.086,0.8013,0.8014,1.70,4.50
2008.09.09 13:09:57.418,0.8013,0.8014,1.70,5.90
2008.09.09 13:09:58.067,0.8013,0.8014,4.90,5.90
2008.09.09 13:09:58.343,0.8013,0.8014,1.70,5.90
2008.09.09 13:09:59.334,0.8013,0.8014,4.70,4.50
2008.09.09 13:10:03.069,0.80135,0.8014,3.10,4.50
2008.09.09 13:10:03.327,0.8013,0.8014,5.80,4.50
2008.09.09 13:10:03.615,0.8013,0.8014,4.70,4.50
2008.09.09 13:10:03.906,0.80135,0.80145,3.90,1.30
2008.09.09 13:10:04.478,0.80135,0.80145,4.70,1.30
2008.09.09 13:10:05.114,0.80135,0.80145,5.20,1.30
2008.09.09 13:10:05.544,0.8014,0.80145,3.10,1.30
2008.09.09 13:10:05.866,0.80135,0.80145,5.20,1.30
2008.09.09 13:10:07.692,0.8014,0.80145,3.10,1.30
2008.09.09 13:10:07.766,0.8014,0.80145,3.90,1.30
2008.09.09 13:10:07.842,0.8014,0.8015,4.70,1.30
2008.09.09 13:10:07.918,0.8014,0.8015,1.70,1.30
2008.09.09 13:10:07.994,0.8014,0.8015,1.70,5.60
2008.09.09 13:10:08.070,0.8014,0.8015,5.50,5.60
2008.09.09 13:10:08.422,0.8014,0.8015,5.50,5.60
2008.09.09 13:10:10.592,0.8014,0.8015,3.90,5.60
2008.09.09 13:10:10.815,0.8014,0.80155,3.90,2.40
2008.09.09 13:10:11.013,0.8014,0.80155,3.10,1.80
2008.09.09 13:10:11.207,0.80135,0.80155,4.40,2.50
2008.09.09 13:10:11.402,0.8014,0.8015,8.70,5.60
2008.09.09 13:10:12.622,0.8014,0.8015,1.40,5.60
2008.09.09 13:10:12.830,0.8014,0.80155,3.90,2.40
2008.09.09 13:10:13.026,0.8014,0.80155,3.90,1.80
2008.09.09 13:10:13.226,0.8014,0.80155,3.10,1.80
2008.09.09 13:10:13.426,0.8014,0.8015,8.70,5.60
2008.09.09 13:10:14.155,0.8014,0.8015,3.90,5.60
2008.09.09 13:10:14.474,0.8014,0.8015,3.90,4.50
2008.09.09 13:10:17.165,0.8014,0.8015,4.70,4.50
2008.09.09 13:10:19.914,0.8014,0.8015,4.70,1.30
2008.09.09 13:10:20.338,0.8014,0.8015,4.70,4.50
2008.09.09 13:10:27.122,0.80145,0.8015,4.70,3.20
2008.09.09 13:10:27.347,0.80145,0.80155,4.70,1.30
2008.09.09 13:10:29.543,0.80145,0.80155,1.40,1.30
2008.09.09 13:10:30.090,0.80145,0.80155,4.70,1.30
2008.09.09 13:10:33.483,0.8015,0.8016,1.70,5.90
2008.09.09 13:10:34.726,0.8015,0.80165,6.00,3.30
2008.09.09 13:10:34.943,0.8015,0.80165,6.00,2.80
2008.09.09 13:10:36.786,0.8015,0.80165,1.70,2.80
2008.09.09 13:10:37.106,0.8015,0.80165,1.70,1.80
2008.09.09 13:10:38.507,0.8015,0.80165,6.00,2.80
2008.09.09 13:10:39.446,0.8015,0.80165,1.70,1.80
2008.09.09 13:10:39.668,0.8015,0.80165,6.00,2.80
2008.09.09 13:10:40.922,0.8015,0.80165,1.70,1.80
2008.09.09 13:10:43.476,0.8015,0.80165,1.40,1.00
2008.09.09 13:10:44.060,0.80155,0.8016,1.70,4.00
2008.09.09 13:10:44.346,0.80155,0.8016,1.70,3.20
2008.09.09 13:10:45.562,0.80155,0.8016,1.70,4.00
2008.09.09 13:10:45.718,0.80155,0.8017,1.70,7.40
2008.09.09 13:10:46.109,0.80155,0.8016,1.70,4.00
2008.09.09 13:10:48.058,0.80155,0.8016,1.70,3.20
2008.09.09 13:10:49.214,0.80155,0.80165,1.70,1.60
2008.09.09 13:10:49.382,0.8015,0.8016,1.70,4.00
2008.09.09 13:10:49.550,0.8015,0.8016,1.70,4.50
2008.09.09 13:10:50.843,0.8015,0.8016,4.90,4.50
2008.09.09 13:10:51.150,0.8015,0.8016,4.90,6.70
2008.09.09 13:10:51.414,0.8015,0.8016,4.90,1.60
2008.09.09 13:10:51.938,0.8015,0.8016,1.70,1.60
2008.09.09 13:10:52.204,0.8015,0.8016,1.70,6.70
2008.09.09 13:10:52.298,0.8015,0.8016,1.70,4.50
2008.09.09 13:10:52.606,0.8015,0.8016,2.80,1.60
2008.09.09 13:10:52.795,0.8015,0.8016,2.80,4.50
2008.09.09 13:10:52.890,0.8015,0.8016,4.90,8.90
2008.09.09 13:10:53.794,0.8015,0.8016,1.40,6.70
2008.09.09 13:10:54.051,0.8015,0.8016,1.70,4.50
2008.09.09 13:10:58.790,0.8015,0.8016,1.70,1.60
2008.09.09 13:10:59.066,0.8015,0.8016,1.70,1.60
2008.09.09 13:10:59.342,0.8015,0.8016,4.90,1.60
2008.09.09 13:10:59.794,0.80145,0.80155,1.70,1.30
2008.09.09 13:10:59.975,0.80145,0.80155,1.70,1.40
2008.09.09 13:11:01.151,0.80145,0.80155,1.70,1.30
2008.09.09 13:11:04.778,0.8015,0.80155,1.00,1.30
2008.09.09 13:11:04.998,0.8015,0.8016,1.40,2.50
2008.09.09 13:11:05.042,0.8015,0.8016,1.40,1.80
2008.09.09 13:11:05.133,0.8015,0.8016,1.70,1.80
2008.09.09 13:11:05.174,0.80145,0.8016,5.60,1.80
2008.09.09 13:11:05.218,0.80145,0.8016,2.40,1.80
2008.09.09 13:11:05.437,0.80145,0.8016,1.40,1.80
2008.09.09 13:11:06.228,0.8015,0.8016,4.90,1.80
2008.09.09 13:11:06.568,0.8015,0.8016,1.70,2.80
2008.09.09 13:11:07.215,0.80145,0.80155,1.70,1.30
2008.09.09 13:11:07.326,0.80145,0.80155,1.70,1.40
2008.09.09 13:11:07.757,0.80145,0.80155,1.70,1.40
2008.09.09 13:11:07.862,0.80145,0.80155,1.70,1.30
2008.09.09 13:11:08.890,0.80145,0.80155,1.70,1.30
2008.09.09 13:11:09.745,0.80145,0.80155,1.70,1.30
2008.09.09 13:11:11.482,0.80145,0.80155,1.70,1.40
2008.09.09 13:11:11.953,0.80145,0.80155,1.70,1.40
2008.09.09 13:11:12.170,0.80145,0.8015,1.70,3.20
2008.09.09 13:11:13.146,0.80145,0.80155,1.70,1.30
2008.09.09 13:11:13.462,0.80145,0.8016,1.40,3.30
2008.09.09 13:11:13.622,0.80145,0.8016,1.70,2.20
2008.09.09 13:11:13.782,0.80145,0.8016,1.70,1.60
2008.09.09 13:11:14.082,0.80145,0.80155,1.70,1.00
2008.09.09 13:11:14.383,0.80145,0.80155,1.70,1.30
2008.09.09 13:11:15.354,0.80145,0.8015,1.70,3.20
2008.09.09 13:11:18.586,0.8014,0.8015,4.80,4.00
2008.09.09 13:11:18.871,0.8014,0.8015,1.70,4.50
2008.09.09 13:11:19.154,0.8014,0.8015,3.90,4.50
2008.09.09 13:11:20.196,0.8014,0.8015,1.70,4.50
2008.09.09 13:11:21.858,0.8014,0.8015,1.40,4.50
2008.09.09 13:11:24.065,0.8014,0.8015,1.70,4.50
2008.09.09 13:11:24.582,0.8014,0.8015,1.70,4.70
2008.09.09 13:11:25.076,0.8014,0.8015,1.70,4.50
2008.09.09 13:11:28.818,0.8014,0.8015,1.70,7.40
2008.09.09 13:11:28.986,0.8014,0.8015,1.70,11.70
2008.09.09 13:11:29.154,0.8014,0.8015,4.90,11.70
2008.09.09 13:11:29.968,0.8014,0.8015,4.90,11.70
2008.09.09 13:11:30.605,0.8014,0.8015,4.90,9.50
2008.09.09 13:11:30.924,0.8014,0.8015,4.90,7.90
2008.09.09 13:11:31.084,0.8014,0.8015,1.70,9.00
2008.09.09 13:11:31.554,0.8014,0.8015,4.90,7.90
2008.09.09 13:11:31.715,0.8014,0.8015,1.70,4.70
2008.09.09 13:11:32.030,0.8014,0.8015,4.90,5.80
2008.09.09 13:11:32.971,0.8014,0.8015,4.90,8.90
2008.09.09 13:11:33.218,0.8014,0.8015,4.90,9.00
2008.09.09 13:11:33.466,0.8014,0.8015,4.90,1.60
2008.09.09 13:11:33.714,0.80135,0.80145,3.90,1.30
2008.09.09 13:11:33.962,0.80135,0.80145,1.70,1.30
2008.09.09 13:11:34.198,0.80135,0.80145,1.70,1.40
2008.09.09 13:11:34.898,0.8013,0.80145,2.40,1.60
2008.09.09 13:11:35.034,0.8013,0.80145,1.40,1.40
2008.09.09 13:11:35.434,0.8013,0.80145,1.40,1.60
2008.09.09 13:11:36.162,0.8013,0.80145,1.40,3.10
2008.09.09 13:11:36.382,0.8013,0.80145,1.40,1.60
2008.09.09 13:11:36.602,0.8013,0.80145,4.70,1.60
2008.09.09 13:11:36.822,0.8013,0.80145,5.80,3.10
2008.09.09 13:11:37.106,0.80135,0.80145,1.70,1.30
2008.09.09 13:11:39.910,0.80135,0.80145,1.70,1.30
2008.09.09 13:11:39.949,0.80135,0.8014,1.70,1.00
2008.09.09 13:11:40.035,0.8013,0.8014,6.70,1.00
2008.09.09 13:11:40.093,0.8013,0.8014,5.60,1.00
2008.09.09 13:11:40.165,0.8013,0.8014,5.60,3.20
2008.09.09 13:11:40.201,0.8013,0.8014,2.40,3.20
2008.09.09 13:11:40.237,0.8013,0.8014,1.40,3.20
2008.09.09 13:11:40.484,0.8013,0.80145,7.20,1.60
2008.09.09 13:11:40.522,0.8013,0.80145,3.90,1.60
2008.09.09 13:11:40.801,0.8013,0.8014,3.90,4.00
2008.09.09 13:11:40.875,0.8013,0.8014,3.90,4.50
2008.09.09 13:11:41.911,0.8013,0.8014,4.90,4.50
2008.09.09 13:11:43.302,0.8013,0.8014,4.90,5.60
2008.09.09 13:11:44.666,0.8013,0.80145,1.40,3.30
2008.09.09 13:11:44.911,0.8013,0.80145,4.70,2.80
2008.09.09 13:11:45.154,0.8013,0.80145,4.70,3.10
2008.09.09 13:11:45.397,0.8013,0.80145,1.40,3.10
2008.09.09 13:11:46.517,0.8013,0.80145,1.70,1.60
2008.09.09 13:11:46.690,0.8013,0.80145,7.20,3.30
2008.09.09 13:11:46.867,0.8013,0.80145,4.70,3.30
2008.09.09 13:11:47.042,0.8013,0.80145,4.70,2.80
2008.09.09 13:11:47.217,0.8013,0.80145,3.90,2.80
2008.09.09 13:11:47.391,0.8013,0.80145,3.90,1.60
2008.09.09 13:11:47.666,0.8013,0.8014,3.90,4.50
2008.09.09 13:11:49.211,0.8013,0.8014,5.10,4.50
2008.09.09 13:11:49.412,0.8013,0.8014,3.90,6.70
2008.09.09 13:11:49.596,0.8013,0.8014,3.90,4.50
2008.09.09 13:11:52.026,0.8013,0.8014,4.70,4.50
2008.09.09 13:11:52.263,0.8013,0.8014,3.90,4.50
2008.09.09 13:11:52.486,0.8013,0.8014,1.70,4.50
2008.09.09 13:11:52.710,0.8013,0.8014,5.10,5.60
2008.09.09 13:11:52.833,0.8013,0.8014,3.90,5.60
2008.09.09 13:11:52.893,0.8013,0.8014,3.90,4.50
2008.09.09 13:11:53.586,0.8013,0.8014,1.70,4.50
2008.09.09 13:11:55.726,0.8013,0.8014,1.70,4.70
2008.09.09 13:11:55.858,0.8013,0.8014,5.10,4.70
2008.09.09 13:11:55.905,0.8013,0.8014,4.90,6.80
2008.09.09 13:11:55.942,0.8013,0.8014,4.90,6.70
2008.09.09 13:11:59.926,0.8013,0.8014,1.70,6.70
2008.09.09 13:11:59.987,0.8013,0.8014,1.70,1.30
2008.09.09 13:12:00.536,0.8013,0.8014,1.70,3.10
2008.09.09 13:12:00.595,0.8013,0.8014,4.90,5.20
2008.09.09 13:12:00.655,0.8013,0.8014,4.90,8.50
2008.09.09 13:12:00.963,0.8013,0.8014,1.70,7.40
2008.09.09 13:12:01.210,0.8013,0.8014,1.70,6.30
2008.09.09 13:12:01.460,0.8013,0.8014,1.70,1.30
2008.09.09 13:12:01.711,0.8013,0.80145,1.40,2.50
2008.09.09 13:12:02.033,0.8013,0.80145,1.40,2.80
2008.09.09 13:12:02.362,0.8013,0.8014,1.40,1.40
2008.09.09 13:12:03.843,0.80125,0.8014,3.50,1.40
2008.09.09 13:12:04.182,0.80125,0.8014,2.50,1.40
2008.09.09 13:12:04.858,0.80125,0.8014,4.70,6.80
2008.09.09 13:12:05.163,0.80125,0.8014,1.40,6.80
2008.09.09 13:12:06.166,0.80125,0.80135,1.40,1.00
2008.09.09 13:12:06.283,0.80125,0.80135,1.40,1.30
2008.09.09 13:12:06.398,0.80125,0.80135,1.70,1.30
2008.09.09 13:12:06.622,0.8012,0.8013,7.80,4.00
2008.09.09 13:12:06.738,0.8012,0.8013,6.70,4.50
2008.09.09 13:12:08.225,0.8012,0.8013,5.80,4.50
2008.09.09 13:12:08.479,0.8012,0.8013,5.80,6.70
2008.09.09 13:12:08.736,0.8012,0.8013,4.70,6.70
2008.09.09 13:12:09.605,0.8012,0.8013,1.40,6.70
2008.09.09 13:12:10.174,0.8012,0.8013,1.70,6.70
2008.09.09 13:12:10.398,0.8012,0.8013,9.40,6.80
2008.09.09 13:12:10.622,0.8012,0.8013,4.90,6.80
2008.09.09 13:12:10.846,0.80115,0.80125,1.40,1.30
2008.09.09 13:12:11.290,0.80115,0.80125,1.70,1.30
2008.09.09 13:12:11.506,0.80115,0.80125,1.40,1.30
2008.09.09 13:12:11.722,0.80115,0.80125,1.00,1.00
2008.09.09 13:12:11.938,0.80115,0.80125,1.00,2.50
2008.09.09 13:12:12.154,0.80115,0.8012,1.70,1.00
2008.09.09 13:12:13.177,0.80115,0.8012,1.00,1.00
2008.09.09 13:12:13.454,0.8011,0.8012,7.20,1.00
2008.09.09 13:12:13.734,0.8011,0.8012,7.20,4.00
2008.09.09 13:12:14.014,0.8011,0.8012,5.10,4.70
2008.09.09 13:12:14.294,0.80105,0.80115,3.50,1.00
2008.09.09 13:12:14.890,0.801,0.8011,6.70,1.00
2008.09.09 13:12:15.190,0.801,0.8011,4.90,1.30
2008.09.09 13:12:15.503,0.80105,0.80115,1.00,1.30
2008.09.09 13:12:15.606,0.80105,0.80115,1.70,1.30
2008.09.09 13:12:15.710,0.801,0.80115,7.80,1.30
2008.09.09 13:12:15.923,0.801,0.80115,6.70,1.30
2008.09.09 13:12:16.578,0.80105,0.80115,1.40,1.30
2008.09.09 13:12:17.876,0.8011,0.80115,3.90,1.30
2008.09.09 13:12:18.019,0.8011,0.8012,1.40,7.40
2008.09.09 13:12:18.302,0.8011,0.8012,1.40,1.00
2008.09.09 13:12:18.574,0.8011,0.8012,1.40,1.00
2008.09.09 13:12:19.096,0.8011,0.80125,1.40,1.40
2008.09.09 13:12:20.187,0.8011,0.8012,1.40,1.00
2008.09.09 13:12:20.470,0.8011,0.8012,1.40,1.00
2008.09.09 13:12:20.594,0.8011,0.8012,1.40,1.30
2008.09.09 13:12:20.723,0.8011,0.8012,1.40,1.40
2008.09.09 13:12:20.851,0.8011,0.8012,1.40,1.00
2008.09.09 13:12:20.978,0.8011,0.8012,1.40,1.00
2008.09.09 13:12:21.121,0.8011,0.8012,1.40,1.30
2008.09.09 13:12:21.233,0.8011,0.8012,1.40,1.40
2008.09.09 13:12:21.482,0.8011,0.8012,1.40,1.30
2008.09.09 13:12:21.823,0.8011,0.80125,1.40,1.80
2008.09.09 13:12:22.165,0.8011,0.80125,4.70,1.40
2008.09.09 13:12:22.511,0.80115,0.80125,1.00,1.30
2008.09.09 13:12:22.820,0.80115,0.8013,1.40,1.80
2008.09.09 13:12:23.122,0.80115,0.8013,4.70,1.80
2008.09.09 13:12:23.427,0.80115,0.8013,4.70,6.80
2008.09.09 13:12:24.045,0.80115,0.8013,4.70,6.70
2008.09.09 13:12:24.669,0.80115,0.8013,4.70,6.80
2008.09.09 13:12:24.983,0.8012,0.8013,1.70,9.70
2008.09.09 13:12:25.845,0.8012,0.8013,1.70,9.70
2008.09.09 13:12:30.078,0.8012,0.8013,1.70,5.60
2008.09.09 13:12:30.401,0.8012,0.8013,1.70,9.70
2008.09.09 13:12:30.462,0.8012,0.8013,1.70,9.70
2008.09.09 13:12:30.886,0.8012,0.8013,1.70,4.70
2008.09.09 13:12:31.041,0.8012,0.8013,1.70,4.50
2008.09.09 13:12:31.449,0.8012,0.8013,3.90,4.50
2008.09.09 13:12:31.622,0.80125,0.8013,1.70,4.50
2008.09.09 13:12:31.799,0.80125,0.8013,1.70,1.30
2008.09.09 13:12:31.974,0.80125,0.80135,1.40,2.50
2008.09.09 13:12:32.149,0.80125,0.80135,1.40,1.30
2008.09.09 13:12:34.110,0.8013,0.80135,3.20,1.40
2008.09.09 13:12:34.370,0.80125,0.8013,1.70,1.00
2008.09.09 13:12:34.630,0.80125,0.8013,1.00,1.30
2008.09.09 13:12:35.142,0.80125,0.80135,1.00,1.40
2008.09.09 13:12:35.882,0.80125,0.8013,1.00,1.30
2008.09.09 13:12:36.878,0.8012,0.8013,1.40,1.30
2008.09.09 13:12:37.133,0.8012,0.80135,1.40,1.40
2008.09.09 13:12:37.690,0.8012,0.80135,1.70,1.60
2008.09.09 13:12:37.762,0.80115,0.80135,7.80,1.60
2008.09.09 13:12:37.981,0.8012,0.80135,1.70,1.40
2008.09.09 13:12:38.053,0.8012,0.80135,4.90,1.30
2008.09.09 13:12:38.198,0.80125,0.80135,1.40,1.30
2008.09.09 13:12:39.382,0.80125,0.80135,1.70,1.40
2008.09.09 13:12:39.753,0.80125,0.80135,1.70,1.30
2008.09.09 13:12:41.066,0.80125,0.80135,1.70,1.30
2008.09.09 13:12:41.318,0.80125,0.80135,1.70,1.30
2008.09.09 13:12:41.658,0.8012,0.8013,3.50,1.00
2008.09.09 13:12:41.998,0.8012,0.80135,5.60,1.30
2008.09.09 13:12:42.338,0.8012,0.80135,1.40,1.40
2008.09.09 13:12:43.536,0.8012,0.80135,4.70,1.30
2008.09.09 13:12:43.721,0.8012,0.80135,1.40,1.30
2008.09.09 13:12:43.903,0.8012,0.80135,4.70,1.30
2008.09.09 13:12:44.086,0.80125,0.80135,1.70,1.40
2008.09.09 13:12:44.448,0.80125,0.80135,1.70,1.40
2008.09.09 13:12:44.922,0.8012,0.8013,2.50,1.30
2008.09.09 13:12:45.214,0.80125,0.80135,1.40,1.30
2008.09.09 13:12:45.510,0.80125,0.80135,1.70,1.30
2008.09.09 13:12:45.785,0.80125,0.80135,1.70,1.30
2008.09.09 13:12:46.193,0.80125,0.80135,1.40,1.30
2008.09.09 13:12:46.470,0.8013,0.8014,3.90,1.40
2008.09.09 13:12:46.611,0.8013,0.80135,1.00,5.00
2008.09.09 13:12:46.934,0.80125,0.80135,1.40,1.00
2008.09.09 13:12:47.578,0.80125,0.8014,1.40,1.80
2008.09.09 13:12:47.713,0.80125,0.8014,1.70,2.80
2008.09.09 13:12:48.900,0.80125,0.80135,1.70,1.00
2008.09.09 13:12:49.093,0.80125,0.80135,1.70,1.30
2008.09.09 13:12:49.862,0.80125,0.80135,3.90,1.30
2008.09.09 13:12:51.002,0.80125,0.80135,1.70,1.40
2008.09.09 13:12:51.613,0.80125,0.80135,1.70,1.30
2008.09.09 13:12:52.191,0.80125,0.80135,1.70,1.40
2008.09.09 13:12:53.205,0.80125,0.80135,1.70,1.30
2008.09.09 13:12:53.865,0.8012,0.80135,5.60,1.30
2008.09.09 13:12:54.086,0.8012,0.80135,4.70,1.30
2008.09.09 13:12:54.428,0.8012,0.8013,1.40,1.00
2008.09.09 13:12:54.766,0.8012,0.8013,7.50,1.30
2008.09.09 13:12:55.102,0.8012,0.8013,7.50,1.40
2008.09.09 13:12:57.365,0.8012,0.8013,7.50,4.70
2008.09.09 13:12:57.685,0.8012,0.8013,5.40,4.70
2008.09.09 13:12:57.845,0.8012,0.8013,1.70,4.70
2008.09.09 13:12:58.933,0.8012,0.8013,1.70,4.50
2008.09.09 13:12:59.617,0.8012,0.8013,1.70,4.70
2008.09.09 13:13:00.326,0.8012,0.8013,1.40,1.40
2008.09.09 13:13:00.799,0.8012,0.8013,1.40,1.30
2008.09.09 13:13:01.341,0.8012,0.80135,1.40,1.80
2008.09.09 13:13:01.701,0.8012,0.80135,1.40,3.10
2008.09.09 13:13:02.162,0.8012,0.80135,1.40,2.20
2008.09.09 13:13:02.446,0.80125,0.80135,1.70,1.00
2008.09.09 13:13:02.730,0.8013,0.8014,1.70,1.80
2008.09.09 13:13:03.014,0.8013,0.8014,1.70,10.10
2008.09.09 13:13:03.493,0.8013,0.8014,1.70,11.20
2008.09.09 13:13:03.758,0.8013,0.8014,4.90,12.80
2008.09.09 13:13:04.005,0.8013,0.8014,4.90,13.30
2008.09.09 13:13:04.994,0.80125,0.80135,2.40,1.00
2008.09.09 13:13:05.229,0.80125,0.80135,1.40,1.40
2008.09.09 13:13:05.926,0.80125,0.80135,1.40,1.30
2008.09.09 13:13:07.235,0.80125,0.80135,1.70,1.40
2008.09.09 13:13:07.441,0.8012,0.80135,2.50,1.40
2008.09.09 13:13:07.849,0.8012,0.80135,1.40,1.40
2008.09.09 13:13:08.053,0.8012,0.80135,1.40,1.60
2008.09.09 13:13:08.921,0.8012,0.8013,1.40,1.00
2008.09.09 13:13:09.381,0.8012,0.8013,1.40,1.40
2008.09.09 13:13:09.621,0.8012,0.8013,1.40,1.30
2008.09.09 13:13:09.861,0.8012,0.80135,1.40,3.30
2008.09.09 13:13:10.103,0.8012,0.80135,1.40,1.80
2008.09.09 13:13:10.957,0.8012,0.80135,1.40,1.40
2008.09.09 13:13:11.349,0.8012,0.80135,1.70,1.60
2008.09.09 13:13:11.867,0.8012,0.80135,1.40,1.80
2008.09.09 13:13:12.121,0.8012,0.80135,1.40,1.40
2008.09.09 13:13:12.373,0.8012,0.80135,1.70,1.60
2008.09.09 13:13:12.705,0.8012,0.80135,1.70,2.80
2008.09.09 13:13:12.869,0.8012,0.8013,1.70,4.00
2008.09.09 13:13:13.033,0.8012,0.8013,1.70,4.70
2008.09.09 13:13:13.833,0.8012,0.8013,1.70,4.50
2008.09.09 13:13:14.425,0.8012,0.8013,3.90,4.50
2008.09.09 13:13:16.757,0.8012,0.8013,5.80,4.50
2008.09.09 13:13:16.957,0.8012,0.8013,5.80,1.30
2008.09.09 13:13:17.158,0.8012,0.8013,4.70,4.50
2008.09.09 13:13:19.829,0.80125,0.8013,3.10,1.30
2008.09.09 13:13:20.090,0.8012,0.8013,1.70,4.50
2008.09.09 13:13:20.354,0.8012,0.8013,1.70,4.70
2008.09.09 13:13:20.614,0.8012,0.8013,1.40,1.00
2008.09.09 13:13:20.738,0.8012,0.80125,1.70,1.00
2008.09.09 13:13:20.865,0.80115,0.80125,2.80,1.00
2008.09.09 13:13:20.989,0.80115,0.80125,1.70,1.00
2008.09.09 13:13:21.763,0.8011,0.80125,4.00,1.00
2008.09.09 13:13:22.042,0.8011,0.80125,2.90,1.00
2008.09.09 13:13:22.594,0.8011,0.80125,1.80,1.00
2008.09.09 13:13:23.153,0.8011,0.80125,1.80,1.00
2008.09.09 13:13:23.317,0.8011,0.80125,1.80,1.40
2008.09.09 13:13:23.985,0.8011,0.80125,4.70,1.30
2008.09.09 13:13:24.322,0.8011,0.8012,1.40,1.30
2008.09.09 13:13:24.676,0.8011,0.8012,1.40,1.00
2008.09.09 13:13:24.902,0.8011,0.80125,4.70,1.30
2008.09.09 13:13:26.329,0.8011,0.80125,5.80,1.30
2008.09.09 13:13:26.528,0.80115,0.80125,1.70,1.30
2008.09.09 13:13:30.491,0.8011,0.80125,1.40,1.40
2008.09.09 13:13:31.749,0.8011,0.80125,4.70,1.40
2008.09.09 13:13:32.420,0.8011,0.80125,5.60,1.40
2008.09.09 13:13:32.693,0.80115,0.80125,1.70,1.30
2008.09.09 13:13:33.117,0.80115,0.80125,1.70,1.40
2008.09.09 13:13:33.651,0.80115,0.80125,1.70,1.30
2008.09.09 13:13:33.815,0.80115,0.80125,3.90,1.30
2008.09.09 13:13:35.009,0.80115,0.8012,1.70,3.20
2008.09.09 13:13:38.013,0.80115,0.8012,1.40,3.20
2008.09.09 13:13:38.166,0.80115,0.80125,1.40,1.30
2008.09.09 13:13:40.990,0.80115,0.80125,4.70,1.30
2008.09.09 13:13:42.951,0.8012,0.8013,1.70,4.70
2008.09.09 13:13:43.510,0.8012,0.8013,4.90,4.70
2008.09.09 13:13:44.453,0.8012,0.8013,4.90,6.80
2008.09.09 13:13:44.657,0.8012,0.8013,4.90,7.40
2008.09.09 13:13:45.271,0.8012,0.8013,4.90,12.80
2008.09.09 13:13:45.477,0.8012,0.8013,1.70,12.80
2008.09.09 13:13:45.620,0.8012,0.8013,1.70,6.30
2008.09.09 13:13:45.761,0.8012,0.8013,1.70,5.20
2008.09.09 13:13:45.901,0.8012,0.8013,1.70,4.70
2008.09.09 13:13:46.181,0.8012,0.8013,1.70,4.50
2008.09.09 13:13:47.288,0.8012,0.8013,1.70,4.70
2008.09.09 13:13:48.257,0.8012,0.8013,4.90,4.70
2008.09.09 13:13:48.855,0.8012,0.8013,1.70,1.40
2008.09.09 13:13:49.198,0.8012,0.8013,1.40,1.40
2008.09.09 13:13:49.565,0.8012,0.8013,1.40,1.30
2008.09.09 13:13:49.791,0.8012,0.80135,1.40,1.40
2008.09.09 13:13:50.021,0.8012,0.80135,4.70,1.40
2008.09.09 13:13:50.469,0.8012,0.80135,1.40,1.40
2008.09.09 13:13:51.021,0.80125,0.80135,1.00,1.30
2008.09.09 13:13:51.185,0.80125,0.80135,1.70,1.30
2008.09.09 13:13:51.351,0.80125,0.80135,1.40,1.30
2008.09.09 13:13:51.907,0.80125,0.80135,3.50,1.00
2008.09.09 13:13:52.136,0.80125,0.80135,6.70,1.00
2008.09.09 13:13:52.362,0.8013,0.8014,1.70,1.80
2008.09.09 13:13:52.814,0.8013,0.8014,4.90,1.80
2008.09.09 13:13:52.981,0.8013,0.8014,4.90,1.80
2008.09.09 13:13:53.801,0.8013,0.8014,4.90,5.80
2008.09.09 13:13:54.093,0.8013,0.8014,4.90,5.60
2008.09.09 13:13:56.189,0.8013,0.8014,4.90,1.60
2008.09.09 13:13:56.385,0.80125,0.80135,3.90,1.30
2008.09.09 13:13:57.654,0.80125,0.80135,1.70,1.30
2008.09.09 13:13:57.893,0.8012,0.80135,5.80,1.30
2008.09.09 13:14:00.094,0.80125,0.80135,3.90,1.30
2008.09.09 13:14:00.380,0.80125,0.80135,1.70,1.30
2008.09.09 13:14:00.589,0.80125,0.80135,3.90,1.30
2008.09.09 13:14:02.433,0.80125,0.80135,1.70,1.30
2008.09.09 13:14:07.036,0.80125,0.80135,3.90,1.30
2008.09.09 13:14:08.751,0.80125,0.8014,4.70,1.80
2008.09.09 13:14:09.201,0.80125,0.8014,5.60,4.50
2008.09.09 13:14:09.854,0.80125,0.8014,4.70,4.50
2008.09.09 13:14:10.969,0.80125,0.8014,5.80,4.50
2008.09.09 13:14:12.821,0.80125,0.8014,4.70,4.50
2008.09.09 13:14:13.082,0.80125,0.8014,4.70,4.70
2008.09.09 13:14:14.809,0.8013,0.8014,4.90,4.70
2008.09.09 13:14:16.149,0.8013,0.8014,1.70,4.70
2008.09.09 13:14:16.449,0.8013,0.8014,1.70,4.50
2008.09.09 13:14:16.861,0.8013,0.8014,3.90,4.50
2008.09.09 13:14:26.889,0.8013,0.8014,4.70,4.50
2008.09.09 13:14:27.229,0.80135,0.80145,1.40,1.60
2008.09.09 13:14:27.315,0.80135,0.8015,1.40,5.10
2008.09.09 13:14:27.402,0.80135,0.8015,1.40,1.80
2008.09.09 13:14:27.830,0.80135,0.8015,1.40,4.70
2008.09.09 13:14:28.839,0.80135,0.8015,1.40,1.60
2008.09.09 13:14:29.026,0.80135,0.8015,1.40,5.80
2008.09.09 13:14:29.205,0.80135,0.8015,1.40,7.40
2008.09.09 13:14:30.094,0.80135,0.80145,1.40,1.00
2008.09.09 13:14:30.429,0.80135,0.80145,1.70,1.00
2008.09.09 13:14:30.771,0.80135,0.80145,1.70,1.40
2008.09.09 13:14:31.138,0.80135,0.8014,1.70,3.20
2008.09.09 13:14:31.801,0.80135,0.80145,1.70,1.40
2008.09.09 13:14:32.317,0.8013,0.80145,1.70,1.60
2008.09.09 13:14:32.655,0.80125,0.8014,6.70,4.50
2008.09.09 13:14:33.307,0.80125,0.8014,5.80,4.50
2008.09.09 13:14:34.633,0.8013,0.8014,1.70,4.50
2008.09.09 13:14:36.185,0.80125,0.8014,6.70,4.50
2008.09.09 13:14:36.497,0.80125,0.8014,5.80,4.50
2008.09.09 13:14:36.812,0.8013,0.8014,3.10,4.50
2008.09.09 13:14:37.037,0.8013,0.8014,3.90,4.50
2008.09.09 13:14:44.649,0.8013,0.8014,1.70,4.50
2008.09.09 13:14:45.381,0.8013,0.8014,3.90,4.50
2008.09.09 13:14:45.561,0.8013,0.8014,1.70,4.50
2008.09.09 13:14:47.273,0.8013,0.8014,3.90,4.50
2008.09.09 13:14:48.213,0.8013,0.8014,1.70,4.70
2008.09.09 13:14:48.389,0.8013,0.8014,1.70,4.50
2008.09.09 13:14:48.565,0.8013,0.8014,3.90,4.50
2008.09.09 13:14:50.278,0.80135,0.8014,1.00,3.70
2008.09.09 13:14:50.615,0.8013,0.8014,1.70,4.00
2008.09.09 13:14:50.801,0.8013,0.8014,3.90,4.00
2008.09.09 13:14:51.170,0.80125,0.8014,5.60,4.50
2008.09.09 13:14:51.353,0.80125,0.8014,4.70,4.50
2008.09.09 13:14:51.538,0.80125,0.8014,1.40,1.60
2008.09.09 13:14:51.721,0.80125,0.80135,2.50,1.30
2008.09.09 13:14:52.076,0.80125,0.80135,1.70,1.40
2008.09.09 13:14:52.414,0.8012,0.8013,6.70,1.30
2008.09.09 13:14:52.750,0.8012,0.8013,3.60,1.30
2008.09.09 13:14:53.966,0.80125,0.80135,1.40,1.40
2008.09.09 13:14:54.305,0.8013,0.80135,1.00,1.40
2008.09.09 13:14:54.899,0.8012,0.80135,5.20,1.60
2008.09.09 13:14:55.158,0.8013,0.80135,1.00,1.40
2008.09.09 13:14:55.413,0.8013,0.80135,1.00,1.80
2008.09.09 13:14:55.670,0.8013,0.80135,1.00,2.80
2008.09.09 13:14:56.429,0.8013,0.80135,1.00,2.70
2008.09.09 13:14:57.558,0.80125,0.80135,3.90,2.70
2008.09.09 13:14:57.853,0.8013,0.80135,1.00,1.00
2008.09.09 13:14:58.029,0.80125,0.80135,3.90,1.00
2008.09.09 13:14:58.382,0.80125,0.8013,3.90,1.00
2008.09.09 13:14:58.561,0.8012,0.8013,1.70,1.30
2008.09.09 13:14:59.073,0.8012,0.80135,1.70,1.00
2008.09.09 13:14:59.409,0.8012,0.8014,4.90,2.80
2008.09.09 13:14:59.745,0.8013,0.8014,1.70,1.80
2008.09.09 13:15:00.091,0.8013,0.8014,1.70,1.80
2008.09.09 13:15:00.377,0.8013,0.8014,3.90,4.50
2008.09.09 13:15:00.945,0.8013,0.8014,5.80,1.30
2008.09.09 13:15:02.217,0.80135,0.80145,1.70,2.50
2008.09.09 13:15:02.553,0.80135,0.80145,3.90,1.80
2008.09.09 13:15:02.889,0.80135,0.80145,4.70,1.30
2008.09.09 13:15:03.090,0.80135,0.80145,1.70,1.30
2008.09.09 13:15:03.593,0.80135,0.80145,1.70,1.30
2008.09.09 13:15:03.693,0.80135,0.8014,1.70,3.20
2008.09.09 13:15:04.112,0.80135,0.80145,1.70,1.30
2008.09.09 13:15:04.751,0.80135,0.80145,1.40,1.30
2008.09.09 13:15:05.070,0.8014,0.8015,4.90,6.70
2008.09.09 13:15:05.841,0.8014,0.8015,4.90,6.80
2008.09.09 13:15:06.847,0.8014,0.8015,4.90,1.60
2008.09.09 13:15:07.129,0.8014,0.80145,1.00,1.00
2008.09.09 13:15:07.429,0.80135,0.80145,1.70,1.00
2008.09.09 13:15:07.712,0.80135,0.80145,1.40,1.40
2008.09.09 13:15:07.995,0.80135,0.8015,2.50,1.80
2008.09.09 13:15:08.189,0.80135,0.8015,1.40,1.80
2008.09.09 13:15:08.774,0.80135,0.8015,1.70,2.80
2008.09.09 13:15:08.971,0.8013,0.80145,3.50,1.00
2008.09.09 13:15:09.309,0.8013,0.80145,4.10,1.30
2008.09.09 13:15:09.646,0.80125,0.8014,2.80,1.00
2008.09.09 13:15:09.982,0.80125,0.8014,1.70,1.00
2008.09.09 13:15:11.373,0.80125,0.8014,2.80,1.00
2008.09.09 13:15:11.497,0.8013,0.80145,1.70,1.80
2008.09.09 13:15:11.617,0.8013,0.80145,1.40,1.80
2008.09.09 13:15:11.746,0.8013,0.80145,1.40,2.80
2008.09.09 13:15:11.869,0.8013,0.80145,1.40,1.80
2008.09.09 13:15:12.470,0.8013,0.80145,1.70,2.80
2008.09.09 13:15:12.809,0.8013,0.8014,1.40,1.30
2008.09.09 13:15:13.145,0.8013,0.80145,2.50,1.80
2008.09.09 13:15:13.281,0.8013,0.80145,1.40,1.80
2008.09.09 13:15:13.417,0.8013,0.8014,1.40,1.00
2008.09.09 13:15:13.553,0.8013,0.8014,1.40,1.40
2008.09.09 13:15:13.689,0.8013,0.80145,2.50,3.30
2008.09.09 13:15:13.825,0.8013,0.80145,2.50,2.80
2008.09.09 13:15:13.961,0.8013,0.8014,1.40,1.00
2008.09.09 13:15:14.097,0.8013,0.8014,1.40,2.40
2008.09.09 13:15:14.770,0.80135,0.8014,1.00,1.00
2008.09.09 13:15:15.109,0.80135,0.80145,1.70,1.40
2008.09.09 13:15:16.122,0.80135,0.80145,1.70,1.30
2008.09.09 13:15:18.251,0.80135,0.80145,3.90,1.30
2008.09.09 13:15:20.497,0.80135,0.8015,4.70,2.50
2008.09.09 13:15:20.669,0.80135,0.8015,4.70,1.80
2008.09.09 13:15:21.593,0.80135,0.8015,1.40,1.80
2008.09.09 13:15:21.930,0.80135,0.8015,4.70,1.80
2008.09.09 13:15:22.282,0.80135,0.8015,4.70,4.50
2008.09.09 13:15:22.522,0.80135,0.8015,1.40,4.50
2008.09.09 13:15:22.768,0.80135,0.8015,1.40,4.70
2008.09.09 13:15:24.125,0.80135,0.8015,4.70,4.70
2008.09.09 13:15:24.418,0.80135,0.80145,1.70,1.00
2008.09.09 13:15:24.661,0.80135,0.80145,1.70,1.30
2008.09.09 13:15:24.901,0.80135,0.80145,1.40,1.30
2008.09.09 13:15:28.277,0.80135,0.80145,4.70,1.30
2008.09.09 13:15:29.497,0.8014,0.8015,1.70,4.50
2008.09.09 13:15:29.836,0.8014,0.8015,3.90,4.50
2008.09.09 13:15:30.073,0.8014,0.8015,4.70,4.50
2008.09.09 13:15:30.309,0.8014,0.8015,1.40,4.50
2008.09.09 13:15:30.737,0.8014,0.8015,3.90,4.50
2008.09.09 13:15:30.929,0.8014,0.8015,1.70,4.50
2008.09.09 13:15:32.425,0.8014,0.8015,4.90,4.50
2008.09.09 13:15:33.266,0.8014,0.8015,1.70,4.50
2008.09.09 13:15:35.045,0.8014,0.8015,1.70,4.70
2008.09.09 13:15:35.281,0.8014,0.8015,4.90,4.70
2008.09.09 13:15:35.517,0.8014,0.8015,1.70,4.70
2008.09.09 13:15:35.893,0.8014,0.8015,4.90,4.70
2008.09.09 13:15:36.034,0.8014,0.8015,4.90,1.60
2008.09.09 13:15:36.319,0.8014,0.80145,3.20,2.40
2008.09.09 13:15:36.482,0.80135,0.80145,1.70,3.10
2008.09.09 13:15:36.874,0.80135,0.80145,1.70,3.10
2008.09.09 13:15:37.147,0.80135,0.80145,1.70,1.30
2008.09.09 13:15:37.905,0.80135,0.80145,3.90,1.30
2008.09.09 13:15:38.197,0.80135,0.80145,1.70,1.30
2008.09.09 13:15:38.489,0.80135,0.80145,1.70,1.40
2008.09.09 13:15:39.093,0.80135,0.80145,1.70,1.60
2008.09.09 13:15:39.405,0.80135,0.80145,1.70,3.10
2008.09.09 13:15:39.717,0.80135,0.80145,1.70,2.00
2008.09.09 13:15:40.029,0.80135,0.80145,1.70,1.60
2008.09.09 13:15:40.361,0.80135,0.80145,1.70,1.30
2008.09.09 13:15:41.025,0.80135,0.80145,1.70,1.40
2008.09.09 13:15:43.705,0.80135,0.80145,1.70,1.30
2008.09.09 13:15:44.400,0.80135,0.80145,1.70,1.40
2008.09.09 13:15:44.812,0.80135,0.80145,1.70,1.30
2008.09.09 13:15:46.117,0.80135,0.80145,3.90,1.30
2008.09.09 13:15:46.434,0.80135,0.80145,1.70,1.30
2008.09.09 13:15:55.305,0.8013,0.80145,5.60,1.30
2008.09.09 13:15:55.462,0.8013,0.80145,4.70,1.30
2008.09.09 13:15:56.770,0.8013,0.80145,5.60,1.30
2008.09.09 13:15:58.361,0.8013,0.80145,3.90,1.60
2008.09.09 13:15:58.691,0.8013,0.8014,3.90,4.00
2008.09.09 13:15:58.995,0.8013,0.8014,3.90,4.50
2008.09.09 13:15:59.668,0.8013,0.8014,4.70,4.50
2008.09.09 13:16:00.205,0.8013,0.8014,3.90,4.50
2008.09.09 13:16:01.825,0.8013,0.8014,4.70,4.50
2008.09.09 13:16:02.162,0.8013,0.80145,1.70,1.60
2008.09.09 13:16:02.502,0.80125,0.80145,6.70,1.60
2008.09.09 13:16:03.003,0.80125,0.80145,6.00,1.60
2008.09.09 13:16:03.765,0.80125,0.80145,6.00,2.80
2008.09.09 13:16:04.597,0.80125,0.8014,6.00,1.00
2008.09.09 13:16:04.933,0.80125,0.8014,1.70,1.00
2008.09.09 13:16:05.109,0.80125,0.8014,1.70,1.00
2008.09.09 13:16:07.413,0.80125,0.8014,1.70,5.40
2008.09.09 13:16:08.616,0.80125,0.8014,3.90,5.40
2008.09.09 13:16:08.694,0.80125,0.8014,4.90,5.40
2008.09.09 13:16:08.777,0.80125,0.80145,4.90,2.80
2008.09.09 13:16:09.777,0.8013,0.80145,1.40,1.60
2008.09.09 13:16:10.045,0.8013,0.80145,1.70,1.60
2008.09.09 13:16:10.313,0.8013,0.8014,7.10,5.40
2008.09.09 13:16:10.557,0.8013,0.8014,1.40,1.00
2008.09.09 13:16:10.801,0.8013,0.8014,1.40,1.40
2008.09.09 13:16:11.042,0.8013,0.8014,7.10,1.40
2008.09.09 13:16:11.285,0.80125,0.80135,2.80,1.00
2008.09.09 13:16:11.369,0.80125,0.80135,2.80,1.60
2008.09.09 13:16:11.453,0.80125,0.80135,1.70,1.00
2008.09.09 13:16:11.536,0.80125,0.8014,4.10,16.40
2008.09.09 13:16:11.621,0.8013,0.8014,3.90,1.60
2008.09.09 13:16:11.705,0.8013,0.8014,4.90,1.60
2008.09.09 13:16:11.788,0.8013,0.8014,1.70,1.60
2008.09.09 13:16:11.873,0.80125,0.80135,2.00,1.00
2008.09.09 13:16:11.956,0.80125,0.80135,3.10,1.00
2008.09.09 13:16:12.041,0.8012,0.80135,5.60,1.00
2008.09.09 13:16:12.226,0.8012,0.80135,2.50,1.00
2008.09.09 13:16:12.561,0.8012,0.80135,4.50,1.00
2008.09.09 13:16:12.898,0.8012,0.8014,6.70,2.80
2008.09.09 13:16:13.274,0.8012,0.80135,2.50,1.00
2008.09.09 13:16:13.569,0.8012,0.80135,5.60,1.00
2008.09.09 13:16:14.013,0.8012,0.8014,6.70,2.80
2008.09.09 13:16:15.641,0.8012,0.8014,6.70,1.60
2008.09.09 13:16:16.933,0.80125,0.8014,1.70,1.60
2008.09.09 13:16:17.686,0.8013,0.8014,1.70,1.60
2008.09.09 13:16:17.861,0.8013,0.8014,1.70,1.60
2008.09.09 13:16:18.389,0.8013,0.80145,1.70,3.30
2008.09.09 13:16:18.565,0.8013,0.80145,1.70,2.80
2008.09.09 13:16:18.741,0.8013,0.80145,3.90,2.70
2008.09.09 13:16:18.989,0.8013,0.80145,5.80,1.80
2008.09.09 13:16:19.237,0.80135,0.80145,1.70,1.80
2008.09.09 13:16:19.485,0.80135,0.80145,1.70,1.30
2008.09.09 13:16:19.733,0.80135,0.80145,3.10,1.30
2008.09.09 13:16:20.021,0.80135,0.80145,3.90,1.30
2008.09.09 13:16:22.849,0.80135,0.80145,1.70,1.30
2008.09.09 13:16:28.140,0.80135,0.80145,1.70,1.30
2008.09.09 13:16:30.273,0.80135,0.80145,1.70,1.40
2008.09.09 13:16:31.923,0.80135,0.8014,1.70,3.20
2008.09.09 13:16:32.002,0.80135,0.8014,1.70,3.20
2008.09.09 13:16:32.078,0.80135,0.8014,1.70,4.00
2008.09.09 13:16:32.229,0.8013,0.8014,2.00,1.60
2008.09.09 13:16:32.393,0.8013,0.8014,2.00,4.70
2008.09.09 13:16:32.559,0.8013,0.8014,1.70,4.70
2008.09.09 13:16:36.593,0.8013,0.8014,1.70,5.80
2008.09.09 13:16:37.605,0.8013,0.8014,1.70,10.10
2008.09.09 13:16:38.029,0.8013,0.8014,1.70,4.70
2008.09.09 13:16:38.641,0.8013,0.80135,1.00,1.00
2008.09.09 13:16:38.941,0.80125,0.80135,1.70,1.60
2008.09.09 13:16:39.413,0.80125,0.80135,1.70,1.60
2008.09.09 13:16:40.133,0.80125,0.8013,1.70,3.20
2008.09.09 13:16:40.684,0.80125,0.8013,1.70,4.00
2008.09.09 13:16:40.865,0.8012,0.80125,3.10,1.30
2008.09.09 13:16:41.045,0.80115,0.80125,4.10,1.30
2008.09.09 13:16:41.329,0.80115,0.80125,1.70,1.30
2008.09.09 13:16:41.613,0.80115,0.80125,3.10,1.30
2008.09.09 13:16:42.180,0.8011,0.80125,5.60,1.30
2008.09.09 13:16:42.925,0.8011,0.80125,2.50,1.40
2008.09.09 13:16:43.141,0.8011,0.8012,2.50,1.30
2008.09.09 13:16:43.357,0.8011,0.8012,2.50,1.40
2008.09.09 13:16:43.497,0.8011,0.8012,1.40,1.40
2008.09.09 13:16:44.056,0.8011,0.8012,1.40,1.00
2008.09.09 13:16:44.196,0.8011,0.8012,1.40,1.00
2008.09.09 13:16:44.445,0.8011,0.80125,1.40,1.40
2008.09.09 13:16:46.495,0.8011,0.80125,2.50,1.40
2008.09.09 13:16:46.876,0.80115,0.80125,1.70,1.40
2008.09.09 13:16:48.121,0.8011,0.80125,3.50,1.40
2008.09.09 13:16:48.409,0.8011,0.80125,1.40,1.40
2008.09.09 13:16:49.697,0.8011,0.80125,1.40,1.60
2008.09.09 13:16:50.039,0.8011,0.80125,1.40,1.40
2008.09.09 13:16:50.720,0.8011,0.80125,1.70,1.60
2008.09.09 13:16:50.849,0.8011,0.8012,7.10,1.00
2008.09.09 13:16:50.992,0.8011,0.8012,3.90,14.00
2008.09.09 13:16:51.121,0.80105,0.80115,2.00,1.00
2008.09.09 13:16:51.249,0.80105,0.80115,3.10,1.40
2008.09.09 13:16:51.506,0.80105,0.80115,3.10,1.60
2008.09.09 13:16:51.990,0.80105,0.8011,3.10,4.50
2008.09.09 13:16:52.764,0.801,0.8011,3.90,4.50
2008.09.09 13:16:55.321,0.80105,0.8011,3.90,3.70
2008.09.09 13:16:55.545,0.80105,0.8012,1.70,1.00
2008.09.09 13:16:55.806,0.80105,0.8012,1.70,1.80
2008.09.09 13:16:55.972,0.80105,0.8012,6.00,1.80
2008.09.09 13:16:56.137,0.80105,0.8012,6.70,1.00
2008.09.09 13:16:56.465,0.80105,0.8012,5.80,1.00
2008.09.09 13:16:56.870,0.8011,0.80115,1.00,1.00
2008.09.09 13:16:57.111,0.80105,0.80115,3.50,1.30
2008.09.09 13:16:57.353,0.80105,0.80115,2.50,1.30
2008.09.09 13:16:58.184,0.80105,0.80115,3.60,1.30
2008.09.09 13:16:58.481,0.8011,0.80115,4.90,1.00
2008.09.09 13:16:58.801,0.80105,0.80115,3.10,1.00
2008.09.09 13:16:59.089,0.80105,0.80115,3.10,1.40
2008.09.09 13:16:59.376,0.801,0.80115,2.50,1.40
2008.09.09 13:16:59.665,0.801,0.8011,2.50,1.00
2008.09.09 13:16:59.953,0.801,0.80115,2.50,1.40
2008.09.09 13:17:00.699,0.801,0.8012,6.70,2.80
2008.09.09 13:17:00.877,0.801,0.80115,6.70,1.40
2008.09.09 13:17:01.054,0.801,0.80115,5.60,1.40
2008.09.09 13:17:01.449,0.801,0.80115,6.70,1.40
2008.09.09 13:17:02.161,0.80105,0.80115,1.70,1.30
2008.09.09 13:17:02.325,0.80105,0.8012,1.70,2.20
2008.09.09 13:17:02.488,0.80105,0.8012,1.70,1.60
2008.09.09 13:17:02.653,0.8011,0.8012,1.70,1.60
2008.09.09 13:17:02.817,0.80105,0.8012,4.80,1.60
2008.09.09 13:17:03.157,0.80105,0.8012,5.80,7.90
2008.09.09 13:17:03.503,0.8011,0.8012,1.70,4.70
2008.09.09 13:17:05.506,0.8011,0.8012,4.90,4.70
2008.09.09 13:17:05.685,0.8011,0.8012,1.70,4.70
2008.09.09 13:17:05.861,0.8011,0.8012,1.40,3.70
2008.09.09 13:17:06.039,0.8011,0.8012,7.10,1.00
2008.09.09 13:17:06.322,0.8011,0.8012,1.40,1.40
2008.09.09 13:17:06.606,0.8011,0.80125,1.40,3.10
2008.09.09 13:17:08.508,0.8011,0.8012,1.40,1.00
2008.09.09 13:17:08.836,0.8011,0.80125,1.40,3.10
2008.09.09 13:17:09.980,0.8011,0.80125,4.70,3.10
2008.09.09 13:17:11.220,0.8011,0.80125,3.90,1.60
2008.09.09 13:17:11.516,0.8011,0.80125,3.90,2.80
2008.09.09 13:17:11.586,0.8011,0.80125,4.90,2.80
2008.09.09 13:17:11.641,0.80115,0.80125,3.10,2.70
2008.09.09 13:17:11.738,0.80115,0.80125,3.10,1.60
2008.09.09 13:17:11.776,0.80115,0.80125,3.10,1.30
2008.09.09 13:17:11.874,0.8012,0.80125,3.10,1.30
2008.09.09 13:17:11.914,0.8012,0.8013,3.10,2.40
2008.09.09 13:17:12.024,0.8012,0.8013,3.10,1.80
2008.09.09 13:17:12.060,0.80115,0.8013,4.10,1.80
2008.09.09 13:17:12.097,0.80115,0.8013,4.90,1.00
2008.09.09 13:17:12.461,0.80115,0.8013,3.90,1.00
2008.09.09 13:17:12.790,0.8012,0.8013,3.10,1.00
2008.09.09 13:17:13.134,0.8012,0.80135,3.10,2.80
2008.09.09 13:17:13.350,0.8012,0.80135,3.10,1.80
2008.09.09 13:17:13.590,0.8012,0.80135,3.90,2.80
2008.09.09 13:17:13.805,0.8012,0.80135,1.70,1.60
2008.09.09 13:17:13.914,0.8012,0.80135,4.70,1.00
2008.09.09 13:17:14.020,0.8012,0.8014,4.70,3.30
2008.09.09 13:17:14.129,0.8012,0.8014,4.70,2.80
2008.09.09 13:17:14.469,0.8012,0.80135,3.90,1.30
2008.09.09 13:17:14.836,0.8012,0.80135,1.70,1.40
2008.09.09 13:17:15.204,0.80115,0.80135,6.70,2.80
2008.09.09 13:17:15.484,0.80115,0.80135,5.60,2.80
2008.09.09 13:17:15.751,0.80115,0.80135,6.70,2.80
2008.09.09 13:17:16.018,0.80115,0.8013,5.60,1.30
2008.09.09 13:17:16.285,0.80115,0.8013,4.90,5.20
2008.09.09 13:17:16.525,0.80115,0.80125,4.10,1.60
2008.09.09 13:17:16.765,0.8011,0.80125,3.10,2.70
2008.09.09 13:17:17.926,0.80105,0.80125,6.00,2.80
2008.09.09 13:17:18.271,0.8011,0.80125,3.10,2.70
2008.09.09 13:17:18.573,0.80105,0.80125,4.90,2.80
2008.09.09 13:17:18.873,0.8011,0.80125,3.10,2.80
2008.09.09 13:17:19.473,0.80105,0.80125,5.80,2.80
2008.09.09 13:17:19.813,0.80105,0.8012,2.50,1.00
2008.09.09 13:17:20.153,0.8011,0.8012,1.70,1.00
2008.09.09 13:17:20.493,0.8011,0.8012,1.70,1.00
2008.09.09 13:17:20.661,0.80115,0.8012,1.70,1.00
2008.09.09 13:17:20.829,0.8011,0.80125,2.80,2.80
2008.09.09 13:17:20.997,0.8011,0.80125,1.70,1.60
2008.09.09 13:17:21.165,0.8011,0.80125,4.90,1.60
2008.09.09 13:17:21.332,0.8011,0.80125,3.90,1.60
2008.09.09 13:17:21.829,0.8011,0.80125,3.90,2.70
2008.09.09 13:17:22.077,0.8011,0.80125,3.10,2.70
2008.09.09 13:17:22.325,0.80115,0.80125,3.10,1.80
2008.09.09 13:17:23.005,0.8011,0.80125,4.70,1.80
2008.09.09 13:17:23.345,0.8011,0.80125,3.90,2.70
2008.09.09 13:17:23.685,0.8011,0.80125,3.10,2.70
2008.09.09 13:17:23.844,0.8011,0.80125,3.90,1.80
2008.09.09 13:17:24.181,0.8011,0.80125,5.80,1.80
2008.09.09 13:17:24.341,0.8011,0.80125,4.90,2.70
2008.09.09 13:17:24.501,0.8011,0.80125,3.90,2.80
2008.09.09 13:17:24.841,0.80115,0.80125,3.10,2.70
2008.09.09 13:17:25.181,0.8011,0.8012,3.10,1.30
2008.09.09 13:17:25.921,0.80105,0.80125,3.90,2.80
2008.09.09 13:17:26.121,0.8011,0.80125,3.10,2.80
2008.09.09 13:17:26.321,0.8011,0.80125,3.90,1.80
2008.09.09 13:17:26.521,0.8011,0.80125,3.10,2.80
2008.09.09 13:17:26.741,0.8011,0.80125,3.90,3.30
2008.09.09 13:17:26.961,0.8011,0.8012,3.90,5.60
2008.09.09 13:17:27.400,0.8011,0.8012,4.90,5.60
2008.09.09 13:17:27.901,0.8011,0.8012,1.40,5.80
2008.09.09 13:17:28.181,0.8011,0.8012,1.40,1.00
2008.09.09 13:17:28.709,0.8011,0.80125,1.40,1.00
2008.09.09 13:17:28.958,0.8011,0.80125,1.40,1.00
2008.09.09 13:17:29.209,0.8011,0.8012,3.90,4.00
2008.09.09 13:17:29.459,0.8011,0.8012,3.90,4.50
2008.09.09 13:17:30.036,0.8011,0.8012,4.70,4.50
2008.09.09 13:17:31.108,0.8011,0.8012,1.40,4.50
2008.09.09 13:17:31.356,0.8011,0.8012,4.70,4.50
2008.09.09 13:17:33.232,0.8011,0.8012,1.40,4.50
2008.09.09 13:17:35.064,0.8011,0.8012,4.70,4.50
2008.09.09 13:17:37.540,0.8011,0.8012,1.40,4.50
2008.09.09 13:17:37.933,0.80115,0.80125,1.00,1.40
2008.09.09 13:17:38.133,0.8011,0.8012,1.70,4.00
2008.09.09 13:17:38.333,0.8011,0.8012,1.70,4.50
2008.09.09 13:17:39.648,0.8011,0.8012,1.70,4.70
2008.09.09 13:17:40.176,0.8011,0.8012,4.90,4.70
2008.09.09 13:17:41.434,0.8011,0.8012,4.90,1.60
2008.09.09 13:17:41.573,0.8011,0.8012,1.70,5.80
2008.09.09 13:17:41.708,0.8011,0.8012,4.90,5.80
2008.09.09 13:17:42.015,0.8011,0.8012,4.90,5.60
2008.09.09 13:17:43.798,0.8011,0.8012,3.90,4.50
2008.09.09 13:17:43.990,0.8011,0.8012,4.70,4.50
2008.09.09 13:17:46.000,0.8011,0.8012,5.60,4.50
2008.09.09 13:17:46.096,0.80115,0.80125,1.70,2.50
2008.09.09 13:17:46.193,0.80115,0.80125,1.70,1.80
2008.09.09 13:17:46.289,0.80115,0.80125,1.70,1.00
2008.09.09 13:17:46.480,0.80115,0.8013,1.70,2.80
2008.09.09 13:17:46.690,0.80115,0.8013,3.90,2.80
2008.09.09 13:17:47.122,0.80115,0.8013,1.70,2.80
2008.09.09 13:17:47.328,0.80115,0.8013,1.70,2.80
2008.09.09 13:17:47.536,0.80115,0.80125,1.00,1.00
2008.09.09 13:17:47.792,0.80115,0.8013,1.00,3.30
2008.09.09 13:17:48.048,0.80115,0.80125,1.00,1.00
2008.09.09 13:17:48.304,0.8011,0.80125,4.70,1.40
2008.09.09 13:17:49.801,0.8011,0.80125,1.40,1.60
2008.09.09 13:17:49.968,0.8011,0.80125,1.40,1.40
2008.09.09 13:17:51.130,0.8011,0.80125,1.40,1.60
2008.09.09 13:17:52.651,0.8011,0.80125,1.40,1.40
2008.09.09 13:17:53.217,0.8011,0.80125,4.70,1.40
2008.09.09 13:17:53.996,0.8011,0.8012,1.40,1.00
2008.09.09 13:17:54.452,0.8011,0.80125,1.40,1.40
2008.09.09 13:17:54.680,0.8011,0.80125,1.40,3.10
2008.09.09 13:17:55.137,0.8011,0.80125,1.40,1.40
2008.09.09 13:17:55.477,0.8011,0.80125,2.50,1.40
2008.09.09 13:17:55.816,0.80115,0.80125,1.70,1.30
2008.09.09 13:17:56.769,0.80115,0.80125,1.70,1.40
2008.09.09 13:17:56.909,0.80115,0.80125,1.70,1.40
2008.09.09 13:17:57.213,0.80115,0.80125,1.70,1.40
2008.09.09 13:17:57.613,0.80115,0.80125,1.70,1.30
2008.09.09 13:17:57.812,0.80115,0.8012,1.70,3.20
2008.09.09 13:17:58.213,0.80115,0.80125,1.70,1.60
2008.09.09 13:17:58.717,0.80115,0.8012,1.70,3.20
2008.09.09 13:18:00.360,0.80115,0.80125,1.70,1.60
2008.09.09 13:18:00.578,0.8011,0.8012,1.70,4.50
2008.09.09 13:18:03.300,0.8011,0.8012,1.40,4.50
2008.09.09 13:18:03.656,0.8011,0.8012,3.90,4.50
2008.09.09 13:18:04.441,0.8011,0.8012,1.70,4.50
2008.09.09 13:18:04.780,0.8011,0.8012,4.70,4.50
2008.09.09 13:18:05.800,0.8011,0.8012,1.70,4.50
2008.09.09 13:18:06.164,0.8011,0.8012,1.40,4.50
2008.09.09 13:18:06.285,0.8011,0.8012,4.70,4.50
2008.09.09 13:18:06.524,0.80115,0.8012,1.00,1.30
2008.09.09 13:18:06.649,0.80115,0.8012,1.70,1.00
2008.09.09 13:18:06.873,0.8012,0.8013,1.70,1.00
2008.09.09 13:18:07.100,0.8012,0.80135,1.40,1.80
2008.09.09 13:18:07.329,0.8012,0.8013,1.40,3.20
2008.09.09 13:18:07.556,0.8012,0.8013,3.90,6.60
2008.09.09 13:18:07.820,0.8012,0.8013,4.90,12.80
2008.09.09 13:18:08.084,0.8012,0.8013,1.70,4.70
2008.09.09 13:18:08.350,0.8012,0.8013,1.40,4.70
2008.09.09 13:18:08.616,0.8012,0.8013,1.40,1.40
2008.09.09 13:18:09.332,0.8012,0.8013,7.10,1.30
2008.09.09 13:18:09.568,0.8012,0.8013,4.90,1.60
2008.09.09 13:18:10.444,0.8012,0.8013,4.90,1.60
2008.09.09 13:18:10.764,0.8012,0.8013,4.90,5.60
2008.09.09 13:18:11.004,0.8012,0.8013,1.40,5.60
2008.09.09 13:18:11.156,0.8012,0.80135,1.40,2.50
2008.09.09 13:18:11.310,0.8012,0.80135,1.40,1.80
2008.09.09 13:18:11.542,0.8012,0.80135,1.40,1.60
2008.09.09 13:18:11.620,0.8012,0.80135,1.40,1.00
2008.09.09 13:18:11.696,0.80125,0.80135,1.70,1.00
2008.09.09 13:18:13.256,0.8012,0.80135,4.80,1.00
2008.09.09 13:18:13.464,0.8012,0.80135,3.90,1.80
2008.09.09 13:18:14.220,0.80125,0.80135,4.70,1.60
2008.09.09 13:18:14.560,0.80125,0.80135,5.80,1.00
2008.09.09 13:18:14.901,0.80125,0.80135,4.70,1.00
2008.09.09 13:18:15.169,0.80125,0.8014,4.70,1.30
2008.09.09 13:18:15.442,0.8013,0.80145,3.10,2.80
2008.09.09 13:18:15.977,0.8013,0.80145,1.70,3.30
2008.09.09 13:18:16.133,0.8013,0.80145,3.90,2.70
2008.09.09 13:18:16.291,0.8013,0.80145,1.70,2.80
2008.09.09 13:18:16.448,0.8013,0.8014,1.70,7.20
2008.09.09 13:18:16.604,0.8013,0.8014,1.70,1.60
2008.09.09 13:18:16.761,0.80125,0.80135,4.80,1.00
2008.09.09 13:18:16.917,0.80125,0.80135,3.90,1.30
2008.09.09 13:18:17.293,0.8012,0.80135,4.70,1.30
2008.09.09 13:18:17.732,0.80125,0.80135,3.10,1.30
2008.09.09 13:18:18.191,0.8012,0.80135,4.70,1.30
2008.09.09 13:18:20.052,0.8012,0.80135,1.40,1.40
2008.09.09 13:18:21.076,0.8012,0.8013,1.40,1.00
2008.09.09 13:18:21.319,0.8012,0.8013,1.40,5.40
2008.09.09 13:18:21.517,0.8012,0.80135,1.40,1.60
2008.09.09 13:18:21.696,0.8012,0.80135,1.40,1.40
2008.09.09 13:18:21.999,0.8012,0.80135,4.70,1.40
2008.09.09 13:18:22.060,0.8012,0.80135,4.70,1.30
2008.09.09 13:18:22.180,0.8012,0.80135,1.40,1.40
2008.09.09 13:18:22.490,0.8012,0.80135,1.40,1.60
2008.09.09 13:18:23.425,0.8012,0.80135,1.40,1.40
2008.09.09 13:18:23.548,0.8012,0.80135,1.40,1.60
2008.09.09 13:18:23.920,0.8012,0.80135,1.40,1.40
2008.09.09 13:18:24.044,0.8012,0.80135,4.70,1.30
2008.09.09 13:18:25.188,0.8012,0.80135,1.40,1.40
2008.09.09 13:18:25.445,0.8012,0.80135,1.40,3.10
2008.09.09 13:18:25.696,0.8012,0.8013,1.40,1.80
2008.09.09 13:18:25.948,0.8012,0.8013,1.40,1.30
2008.09.09 13:18:26.197,0.8012,0.8013,1.40,2.40
2008.09.09 13:18:26.537,0.8012,0.8013,1.40,1.40
2008.09.09 13:18:27.524,0.8012,0.8013,1.70,1.00
2008.09.09 13:18:27.833,0.8012,0.8013,1.70,4.70
2008.09.09 13:18:28.814,0.8012,0.8013,1.70,12.20
2008.09.09 13:18:29.004,0.8012,0.8013,1.70,12.80
2008.09.09 13:18:29.187,0.80115,0.8013,2.80,5.50
2008.09.09 13:18:29.370,0.80115,0.80125,1.70,1.60
2008.09.09 13:18:29.707,0.8012,0.8013,1.70,4.70
2008.09.09 13:18:30.032,0.8012,0.8013,4.90,4.70
2008.09.09 13:18:30.813,0.8012,0.8013,1.70,7.40
2008.09.09 13:18:31.042,0.8012,0.8013,4.90,7.40
2008.09.09 13:18:31.269,0.8012,0.8013,1.70,7.40
2008.09.09 13:18:31.496,0.8012,0.8013,1.40,7.40
2008.09.09 13:18:31.741,0.8012,0.8013,1.70,7.40
2008.09.09 13:18:33.444,0.8012,0.8013,4.90,7.40
2008.09.09 13:18:37.076,0.8012,0.8013,1.70,7.40
2008.09.09 13:18:37.640,0.8012,0.8013,1.70,6.30
2008.09.09 13:18:37.864,0.8012,0.8013,1.70,4.70
2008.09.09 13:18:38.312,0.8012,0.8013,1.40,4.70
2008.09.09 13:18:38.532,0.8012,0.80135,1.40,2.80
2008.09.09 13:18:39.092,0.8012,0.80135,1.40,1.60
2008.09.09 13:18:39.948,0.8012,0.80135,1.40,1.40
2008.09.09 13:18:40.129,0.80125,0.80135,1.00,1.40
2008.09.09 13:18:40.668,0.80125,0.80135,1.70,1.40
2008.09.09 13:18:41.009,0.80125,0.80135,1.40,1.40
2008.09.09 13:18:41.168,0.80125,0.80135,1.40,1.30
2008.09.09 13:18:41.488,0.80125,0.8013,1.70,1.00
2008.09.09 13:18:41.648,0.80125,0.8013,1.40,2.70
2008.09.09 13:18:41.808,0.80125,0.8014,1.70,8.30
2008.09.09 13:18:42.026,0.8012,0.8013,1.70,4.00
2008.09.09 13:18:42.229,0.8012,0.80135,1.70,3.30
2008.09.09 13:18:42.432,0.8012,0.80135,1.40,1.80
2008.09.09 13:18:42.636,0.8012,0.80135,1.40,1.00
2008.09.09 13:18:42.840,0.8012,0.80135,2.50,1.00
2008.09.09 13:18:43.120,0.80125,0.80135,1.70,1.40
2008.09.09 13:18:43.402,0.80125,0.80135,1.40,1.40
2008.09.09 13:18:45.297,0.80125,0.8014,1.40,2.50
2008.09.09 13:18:45.536,0.80125,0.8014,1.40,1.80
2008.09.09 13:18:46.802,0.80125,0.8014,1.40,1.60
2008.09.09 13:18:47.152,0.80125,0.80135,1.40,1.00
2008.09.09 13:18:47.349,0.80125,0.80135,1.40,1.30
2008.09.09 13:18:48.993,0.80125,0.8014,1.40,1.40
2008.09.09 13:18:49.201,0.80125,0.8014,1.40,2.20
2008.09.09 13:18:49.400,0.80125,0.8014,1.40,1.60
2008.09.09 13:18:50.888,0.80125,0.8014,1.70,1.60
2008.09.09 13:18:51.078,0.8012,0.80135,6.70,1.00
2008.09.09 13:18:51.264,0.8012,0.80135,5.60,1.30
2008.09.09 13:18:51.912,0.80125,0.80135,1.00,1.30
2008.09.09 13:18:52.232,0.80125,0.80135,1.70,1.30
2008.09.09 13:18:52.392,0.80125,0.80135,1.40,1.30
2008.09.09 13:18:53.697,0.80125,0.80135,1.40,1.00
2008.09.09 13:18:53.856,0.80125,0.8014,1.40,12.80
2008.09.09 13:18:54.108,0.80125,0.8014,1.40,6.30
2008.09.09 13:18:54.283,0.80125,0.8014,1.40,5.80
2008.09.09 13:18:54.525,0.80125,0.8014,1.40,4.70
2008.09.09 13:18:54.764,0.80125,0.8014,1.40,1.00
2008.09.09 13:18:55.004,0.80125,0.8014,4.70,1.00
2008.09.09 13:18:55.484,0.80125,0.80145,4.70,2.80
2008.09.09 13:18:56.772,0.80125,0.80145,5.80,2.80
2008.09.09 13:18:57.046,0.80125,0.8014,5.80,1.00
2008.09.09 13:18:57.156,0.80125,0.8014,4.70,1.00
2008.09.09 13:18:57.372,0.80125,0.80145,4.70,2.80
2008.09.09 13:18:58.536,0.80125,0.8014,4.70,1.00
2008.09.09 13:18:59.692,0.80125,0.80145,4.70,2.80
2008.09.09 13:19:00.498,0.80125,0.8014,4.70,1.00
2008.09.09 13:19:00.894,0.80125,0.80145,4.70,2.80
2008.09.09 13:19:04.520,0.80125,0.80145,5.80,2.80
2008.09.09 13:19:04.820,0.8013,0.80145,1.70,2.80
2008.09.09 13:19:05.212,0.8013,0.8014,1.70,5.40
2008.09.09 13:19:05.468,0.80125,0.80135,1.40,1.30
2008.09.09 13:19:05.726,0.80125,0.80135,1.40,1.40
2008.09.09 13:19:06.109,0.80125,0.80135,1.40,1.30
2008.09.09 13:19:06.864,0.80125,0.8014,1.40,2.80
2008.09.09 13:19:06.992,0.80125,0.8013,1.70,1.00
2008.09.09 13:19:07.116,0.80125,0.8013,1.70,1.00
2008.09.09 13:19:07.240,0.8012,0.80135,2.50,2.20
2008.09.09 13:19:07.488,0.8012,0.80135,1.70,1.60
2008.09.09 13:19:07.612,0.8012,0.80135,1.70,1.60
2008.09.09 13:19:07.736,0.8012,0.8013,4.70,3.20
2008.09.09 13:19:07.860,0.8012,0.80135,4.70,1.40
2008.09.09 13:19:08.312,0.8012,0.80135,1.40,1.40
2008.09.09 13:19:08.640,0.8012,0.8013,1.40,1.00
2008.09.09 13:19:08.968,0.8012,0.8013,1.40,1.30
2008.09.09 13:19:09.630,0.8012,0.80135,1.40,2.20
2008.09.09 13:19:09.853,0.8012,0.80135,1.40,1.60
2008.09.09 13:19:10.292,0.8012,0.80135,1.40,3.10
2008.09.09 13:19:10.668,0.8012,0.80135,1.40,1.40
2008.09.09 13:19:10.856,0.8012,0.80135,1.40,1.00
2008.09.09 13:19:11.044,0.8012,0.80135,1.40,1.00
2008.09.09 13:19:11.896,0.8012,0.80135,1.40,1.00
2008.09.09 13:19:12.064,0.8012,0.80135,1.40,1.40
2008.09.09 13:19:13.467,0.8012,0.80135,1.40,1.00
2008.09.09 13:19:13.704,0.8012,0.8014,4.70,2.80
2008.09.09 13:19:13.944,0.8012,0.80135,4.70,1.00
2008.09.09 13:19:14.184,0.8012,0.8014,4.70,2.80
2008.09.09 13:19:14.700,0.8012,0.80135,1.40,1.00
2008.09.09 13:19:14.976,0.8012,0.80135,2.50,1.40
2008.09.09 13:19:15.252,0.8012,0.8013,1.70,4.30
2008.09.09 13:19:15.592,0.8012,0.8013,1.00,7.40
2008.09.09 13:19:15.933,0.8012,0.8013,1.70,6.80
2008.09.09 13:19:16.272,0.8012,0.8013,1.70,7.40
2008.09.09 13:19:16.612,0.8012,0.80135,1.70,3.30
2008.09.09 13:19:16.748,0.8012,0.80135,1.40,3.30
2008.09.09 13:19:16.884,0.8012,0.80135,1.40,2.80
2008.09.09 13:19:18.192,0.8012,0.8013,1.40,3.60
2008.09.09 13:19:18.421,0.8012,0.8013,1.40,4.10
2008.09.09 13:19:18.828,0.80125,0.8013,1.00,3.30
2008.09.09 13:19:18.964,0.8012,0.8013,1.40,4.10
2008.09.09 13:19:21.796,0.80125,0.8013,1.00,2.20
2008.09.09 13:19:22.001,0.80125,0.80135,1.70,1.00
2008.09.09 13:19:22.205,0.8013,0.8014,4.10,13.20
2008.09.09 13:19:22.408,0.8013,0.8014,1.00,3.30
2008.09.09 13:19:22.612,0.80135,0.8014,1.00,1.60
2008.09.09 13:19:22.868,0.80125,0.8014,4.70,1.00
2008.09.09 13:19:23.124,0.80125,0.8014,4.70,1.00
2008.09.09 13:19:23.382,0.8013,0.80145,1.70,2.80
2008.09.09 13:19:23.640,0.8013,0.80145,1.70,1.80
2008.09.09 13:19:23.804,0.8013,0.80145,3.90,1.80
2008.09.09 13:19:23.968,0.8013,0.80145,4.70,1.80
2008.09.09 13:19:24.133,0.80135,0.80145,1.00,1.80
2008.09.09 13:19:24.296,0.80135,0.80145,1.70,1.80
2008.09.09 13:19:24.460,0.80135,0.80145,1.40,1.80
2008.09.09 13:19:24.624,0.80135,0.80145,1.40,1.30
2008.09.09 13:19:27.343,0.8013,0.80145,6.70,1.30
2008.09.09 13:19:27.512,0.8013,0.80145,2.50,1.60
2008.09.09 13:19:27.676,0.8013,0.80145,4.70,1.60
2008.09.09 13:19:27.840,0.8013,0.80145,5.60,1.30
2008.09.09 13:19:28.180,0.8013,0.80145,4.70,1.30
2008.09.09 13:19:28.521,0.8013,0.80145,3.90,1.60
2008.09.09 13:19:28.882,0.8013,0.80145,3.10,1.60
2008.09.09 13:19:29.532,0.80135,0.80145,1.00,1.30
2008.09.09 13:19:29.752,0.80135,0.80145,1.70,1.30
2008.09.09 13:19:29.972,0.8013,0.80145,8.90,1.30
2008.09.09 13:19:30.217,0.8013,0.80145,4.10,1.60
2008.09.09 13:19:30.460,0.8013,0.80145,3.10,1.60
2008.09.09 13:19:30.704,0.80125,0.80145,6.70,1.60
2008.09.09 13:19:31.556,0.80135,0.80145,1.00,1.80
2008.09.09 13:19:31.680,0.80135,0.80145,1.70,1.80
2008.09.09 13:19:31.929,0.80135,0.80145,1.40,1.80
2008.09.09 13:19:32.184,0.80135,0.80145,1.40,1.30
2008.09.09 13:19:37.988,0.80135,0.80145,1.70,1.30
2008.09.09 13:19:38.066,0.8014,0.80145,3.20,1.30
2008.09.09 13:19:38.355,0.8013,0.80145,10.10,1.30
2008.09.09 13:19:38.641,0.8013,0.80145,6.80,1.30
2008.09.09 13:19:38.939,0.8013,0.80145,5.80,1.30
2008.09.09 13:19:39.228,0.8013,0.80145,9.00,1.30
2008.09.09 13:19:39.468,0.8013,0.80145,1.40,1.60
2008.09.09 13:19:39.693,0.8014,0.80145,1.00,1.60
2008.09.09 13:19:40.581,0.8014,0.80145,1.00,2.80
2008.09.09 13:19:41.374,0.8014,0.80145,1.00,2.55
2008.09.09 13:19:42.471,0.8013,0.8014,1.80,1.00
2008.09.09 13:19:42.648,0.8013,0.8014,8.67,1.00
2008.09.09 13:19:42.952,0.8014,0.80145,1.00,2.20
2008.09.09 13:19:43.250,0.8014,0.80145,1.00,2.55
2008.09.09 13:19:44.916,0.8014,0.80145,1.00,2.60
2008.09.09 13:19:45.256,0.8014,0.80145,1.00,9.90
2008.09.09 13:19:45.597,0.8013,0.80145,3.90,1.00
2008.09.09 13:19:45.936,0.8014,0.80145,1.00,12.40
2008.09.09 13:19:46.056,0.8014,0.80145,1.00,2.20
2008.09.09 13:19:46.176,0.8014,0.80145,1.00,2.60
2008.09.09 13:19:46.296,0.8013,0.80135,5.60,1.00
2008.09.09 13:19:46.417,0.8013,0.80135,6.60,1.00
2008.09.09 13:19:46.536,0.8013,0.80135,2.50,1.00
2008.09.09 13:19:46.656,0.8013,0.80135,1.40,1.00
2008.09.09 13:19:46.996,0.8013,0.80145,2.50,1.60
2008.09.09 13:19:47.336,0.8013,0.80145,2.50,3.10
2008.09.09 13:19:47.677,0.8013,0.80145,5.80,1.40
2008.09.09 13:19:47.912,0.8013,0.80145,5.80,1.40
2008.09.09 13:19:48.148,0.8014,0.80145,1.00,1.40
2008.09.09 13:19:50.165,0.80135,0.80145,1.70,1.40
2008.09.09 13:19:50.385,0.80135,0.80145,1.70,1.30
2008.09.09 13:19:50.604,0.8014,0.80145,1.00,1.40
2008.09.09 13:19:52.080,0.8013,0.8014,2.50,1.30
2008.09.09 13:19:52.266,0.8013,0.8014,5.80,1.30
2008.09.09 13:19:52.452,0.8014,0.80145,1.00,3.10
2008.09.09 13:19:52.636,0.8014,0.80145,1.00,1.40
2008.09.09 13:19:53.160,0.80135,0.80145,1.40,1.30
2008.09.09 13:19:53.500,0.80135,0.80145,1.70,1.40
2008.09.09 13:19:54.256,0.80135,0.80145,1.40,1.30
2008.09.09 13:19:54.872,0.80135,0.80145,1.70,1.30
2008.09.09 13:19:55.092,0.80135,0.80145,1.70,1.40
2008.09.09 13:19:55.312,0.80135,0.80145,1.70,1.30
2008.09.09 13:19:55.532,0.80135,0.80145,1.70,1.40
2008.09.09 13:19:55.968,0.80135,0.80145,1.70,1.30
2008.09.09 13:19:56.116,0.80135,0.80145,3.90,1.30
2008.09.09 13:19:56.816,0.80135,0.80145,4.70,1.30
2008.09.09 13:19:56.967,0.80135,0.80145,1.40,1.30
2008.09.09 13:20:09.460,0.80135,0.80145,4.70,1.30
2008.09.09 13:20:11.888,0.8014,0.8015,7.10,6.70
2008.09.09 13:20:12.048,0.8014,0.8015,7.10,4.70
2008.09.09 13:20:12.207,0.8014,0.8015,7.10,4.50
2008.09.09 13:20:12.524,0.8014,0.8015,1.40,4.50
2008.09.09 13:20:15.762,0.8014,0.8015,1.70,4.50
2008.09.09 13:20:17.976,0.8014,0.8015,1.40,4.50
2008.09.09 13:20:20.231,0.8014,0.8015,1.40,4.70
2008.09.09 13:20:20.892,0.8014,0.8015,1.40,4.50
2008.09.09 13:20:21.436,0.8014,0.8015,1.40,4.70
2008.09.09 13:20:22.217,0.8014,0.8015,10.10,4.70
2008.09.09 13:20:22.582,0.8014,0.8015,8.20,4.70
2008.09.09 13:20:22.701,0.8014,0.8015,1.70,4.50
2008.09.09 13:20:23.240,0.8014,0.8015,1.70,4.70
2008.09.09 13:20:28.837,0.8014,0.8015,1.70,4.50
2008.09.09 13:20:29.367,0.8014,0.8015,1.70,4.70
2008.09.09 13:20:31.148,0.8014,0.8015,1.70,4.50
2008.09.09 13:20:31.209,0.8014,0.8015,1.40,4.50
2008.09.09 13:20:39.812,0.8014,0.8015,1.70,4.50
2008.09.09 13:20:40.020,0.8014,0.8015,1.70,4.70
2008.09.09 13:20:41.796,0.8014,0.8015,1.70,3.20
2008.09.09 13:20:42.026,0.80135,0.80155,7.00,1.80
2008.09.09 13:20:42.244,0.8014,0.8015,1.70,4.00
2008.09.09 13:20:42.460,0.8014,0.8015,1.40,1.00
2008.09.09 13:20:42.828,0.8014,0.80155,1.70,2.80
2008.09.09 13:20:43.594,0.8014,0.8015,1.70,4.00
2008.09.09 13:20:43.751,0.8014,0.8015,1.70,4.50
2008.09.09 13:20:44.016,0.8014,0.8015,7.10,4.50
2008.09.09 13:20:44.800,0.8014,0.8015,3.90,4.50
2008.09.09 13:20:48.737,0.8014,0.8015,4.70,4.50
2008.09.09 13:20:49.552,0.80145,0.80155,3.90,2.50
2008.09.09 13:20:49.828,0.80145,0.80155,3.90,1.30
2008.09.09 13:20:52.636,0.80145,0.80155,1.70,1.30
2008.09.09 13:20:52.763,0.8014,0.80155,10.10,1.30
2008.09.09 13:20:52.892,0.8014,0.80155,9.00,1.30
2008.09.09 13:20:53.020,0.8014,0.80155,11.20,1.30
2008.09.09 13:20:53.608,0.8014,0.80155,10.30,1.60
2008.09.09 13:20:53.910,0.8014,0.8015,5.80,3.20
2008.09.09 13:20:54.204,0.8014,0.80155,9.00,1.30
2008.09.09 13:20:54.466,0.8014,0.80155,11.20,1.30
2008.09.09 13:20:54.989,0.80145,0.80155,3.10,1.30
2008.09.09 13:20:55.312,0.8014,0.80155,12.10,1.30
2008.09.09 13:20:56.266,0.8014,0.80155,11.20,1.30
2008.09.09 13:20:56.420,0.80145,0.80155,3.10,1.30
2008.09.09 13:20:56.728,0.80145,0.80155,3.90,1.30
2008.09.09 13:20:57.360,0.80145,0.80155,4.70,1.30
2008.09.09 13:20:57.884,0.8015,0.8016,3.90,1.30
2008.09.09 13:20:58.060,0.8015,0.8016,3.90,4.50
2008.09.09 13:21:00.493,0.8015,0.8016,4.70,4.50
2008.09.09 13:21:01.167,0.8015,0.8016,3.90,4.50
2008.09.09 13:21:03.812,0.80155,0.8016,3.10,4.50
2008.09.09 13:21:04.072,0.8015,0.8016,4.70,4.50
2008.09.09 13:21:04.332,0.8015,0.8016,3.90,4.50
2008.09.09 13:21:05.207,0.8015,0.8016,4.70,4.50
2008.09.09 13:21:05.427,0.8015,0.8016,3.90,4.50
2008.09.09 13:21:05.708,0.8015,0.8016,4.70,4.50
2008.09.09 13:21:05.988,0.8015,0.8016,3.90,4.50
2008.09.09 13:21:06.543,0.8015,0.8016,4.70,4.50
2008.09.09 13:21:06.828,0.8015,0.8016,3.90,4.50
2008.09.09 13:21:07.736,0.8015,0.8016,4.70,4.50
2008.09.09 13:21:08.344,0.80155,0.8016,3.10,4.50
2008.09.09 13:21:08.468,0.8015,0.8016,4.70,4.50
2008.09.09 13:21:12.276,0.80155,0.8016,3.10,1.30
2008.09.09 13:21:12.557,0.80155,0.8016,3.10,4.00
2008.09.09 13:21:12.697,0.80155,0.8016,3.90,3.20
2008.09.09 13:21:13.969,0.80155,0.80165,3.90,1.30
2008.09.09 13:21:14.176,0.80155,0.80165,4.70,1.30
2008.09.09 13:21:14.384,0.80155,0.8017,4.70,2.50
2008.09.09 13:21:14.592,0.80155,0.8017,4.70,1.80
2008.09.09 13:21:15.135,0.80155,0.8017,4.70,4.50
2008.09.09 13:21:17.496,0.80155,0.8017,5.80,4.50
2008.09.09 13:21:18.581,0.80155,0.8017,6.70,4.50
2008.09.09 13:21:18.716,0.8016,0.8017,1.70,4.50
2008.09.09 13:21:20.623,0.8016,0.8017,4.90,4.70
2008.09.09 13:21:20.824,0.80155,0.80165,2.40,1.00
2008.09.09 13:21:21.024,0.80155,0.80165,1.40,1.30
2008.09.09 13:21:21.496,0.80155,0.80165,1.70,1.30
2008.09.09 13:21:21.636,0.8015,0.80165,6.70,1.30
2008.09.09 13:21:21.776,0.8015,0.80165,5.60,1.30
2008.09.09 13:21:21.916,0.8015,0.80165,4.90,1.40
2008.09.09 13:21:22.056,0.8015,0.8017,3.90,3.30
2008.09.09 13:21:22.339,0.8015,0.8017,3.90,2.80
2008.09.09 13:21:23.084,0.8015,0.80165,3.10,1.00
2008.09.09 13:21:23.232,0.8015,0.80165,3.10,1.30
2008.09.09 13:21:23.686,0.8015,0.80165,3.10,1.60
2008.09.09 13:21:24.169,0.8015,0.80165,3.10,1.60
2008.09.09 13:21:24.448,0.8015,0.80165,3.90,1.60
2008.09.09 13:21:24.728,0.80155,0.80165,3.10,1.30
2008.09.09 13:21:25.284,0.80155,0.80165,3.90,1.30
2008.09.09 13:21:26.720,0.80155,0.80165,4.70,1.30
2008.09.09 13:21:27.567,0.80155,0.80165,3.90,1.30
2008.09.09 13:21:27.740,0.80155,0.80165,3.10,1.30
