2011.10.12 23:00:00.287,0.87535,0.87553,1.50,1.13
2011.10.12 23:00:00.872,0.87535,0.87553,1.50,1.13
2011.10.12 23:00:01.293,0.87534,0.87552,1.50,1.13
2011.10.12 23:00:01.539,0.87528,0.87548,1.13,1.13
2011.10.12 23:00:01.669,0.87526,0.87548,1.88,1.13
2011.10.12 23:00:02.275,0.87528,0.87548,1.50,1.13
2011.10.12 23:00:04.435,0.87529,0.87548,1.50,1.13
2011.10.12 23:00:07.131,0.87524,0.87544,1.90,1.13
2011.10.12 23:00:07.379,0.87523,0.87542,1.88,1.50
2011.10.12 23:00:07.865,0.87526,0.87544,1.13,1.50
2011.10.12 23:00:07.997,0.87528,0.87544,1.50,1.50
2011.10.12 23:00:08.368,0.87528,0.87549,1.50,1.13
2011.10.12 23:00:10.105,0.87528,0.87547,1.50,1.13
2011.10.12 23:00:10.476,0.87524,0.87543,1.50,1.50
2011.10.12 23:00:11.083,0.87522,0.87542,2.25,1.50
2011.10.12 23:00:11.653,0.87524,0.87542,1.50,1.50
2011.10.12 23:00:12.432,0.87524,0.87541,1.50,1.50
2011.10.12 23:00:12.798,0.87525,0.87543,1.88,1.50
2011.10.12 23:00:13.293,0.87526,0.87543,1.15,1.50
2011.10.12 23:00:14.236,0.87525,0.87543,1.50,1.88
2011.10.12 23:00:15.253,0.87525,0.87544,1.50,1.50
2011.10.12 23:00:15.497,0.87528,0.87546,1.88,1.50
2011.10.12 23:00:15.746,0.87528,0.87547,1.50,1.50
2011.10.12 23:00:17.503,0.87526,0.87546,1.13,1.50
2011.10.12 23:00:17.745,0.87523,0.87541,1.50,1.88
2011.10.12 23:00:17.879,0.87523,0.87539,1.13,1.13
2011.10.12 23:00:18.124,0.87521,0.87539,2.65,1.50
2011.10.12 23:00:18.617,0.87523,0.87541,1.50,1.50
2011.10.12 23:00:18.987,0.87526,0.87544,1.13,1.50
2011.10.12 23:00:19.718,0.87528,0.87546,1.50,1.88
2011.10.12 23:00:19.847,0.87528,0.87546,1.50,1.50
2011.10.12 23:00:21.847,0.87528,0.87546,1.50,2.25
2011.10.12 23:00:22.095,0.87524,0.87544,1.50,1.13
2011.10.12 23:00:22.223,0.87522,0.87539,1.50,1.13
2011.10.12 23:00:22.344,0.87521,0.87539,2.28,2.25
2011.10.12 23:00:23.186,0.87525,0.87543,1.15,1.88
2011.10.12 23:00:23.324,0.87528,0.87546,1.13,1.50
2011.10.12 23:00:24.288,0.87528,0.87546,1.50,1.88
2011.10.12 23:00:24.655,0.87523,0.8754,1.15,1.13
2011.10.12 23:00:25.026,0.87522,0.8754,1.50,1.88
2011.10.12 23:00:25.395,0.8752,0.87538,1.50,1.13
2011.10.12 23:00:26.057,0.87521,0.8754,1.50,2.25
2011.10.12 23:00:27.850,0.8752,0.87538,1.50,1.13
2011.10.12 23:00:28.094,0.87518,0.87534,1.50,1.50
2011.10.12 23:00:28.467,0.87518,0.87536,2.25,1.50
2011.10.12 23:00:28.835,0.87521,0.87538,1.53,1.50
2011.10.12 23:00:29.084,0.87523,0.87541,1.50,1.50
2011.10.12 23:00:29.692,0.87522,0.87539,1.50,1.50
2011.10.12 23:00:30.418,0.87523,0.8754,1.50,1.50
2011.10.12 23:00:31.143,0.87523,0.87539,1.50,1.50
2011.10.12 23:00:32.224,0.8752,0.8754,1.90,1.13
2011.10.12 23:00:34.063,0.87522,0.87541,1.50,1.50
2011.10.12 23:00:34.423,0.87522,0.8754,1.50,1.50
2011.10.12 23:00:34.785,0.87517,0.87533,2.25,1.13
2011.10.12 23:00:35.040,0.8752,0.87538,1.13,3.38
2011.10.12 23:00:35.644,0.8752,0.87538,1.88,1.50
2011.10.12 23:00:36.722,0.8752,0.87538,1.50,1.88
2011.10.12 23:00:38.456,0.87517,0.87534,1.13,1.50
2011.10.12 23:00:38.819,0.87518,0.87538,1.88,1.50
2011.10.12 23:00:39.067,0.87521,0.87538,1.50,1.50
2011.10.12 23:00:39.674,0.87518,0.87538,1.88,1.88
2011.10.12 23:00:40.165,0.87521,0.87539,1.50,1.50
2011.10.12 23:00:41.088,0.8752,0.87538,1.50,1.13
2011.10.12 23:00:43.614,0.87518,0.87537,1.50,1.50
2011.10.12 23:00:43.863,0.87517,0.87536,1.13,1.13
2011.10.12 23:00:44.204,0.87517,0.87531,1.13,1.13
2011.10.12 23:00:44.332,0.87511,0.87531,1.88,1.13
2011.10.12 23:00:44.453,0.87514,0.87532,1.13,1.50
2011.10.12 23:00:52.256,0.87516,0.87534,1.13,1.50
2011.10.12 23:00:52.734,0.87518,0.87538,1.13,1.50
2011.10.12 23:00:53.290,0.87518,0.87538,1.88,1.50
2011.10.12 23:00:53.416,0.87517,0.87534,1.50,1.50
2011.10.12 23:00:53.991,0.87518,0.87534,1.50,1.50
2011.10.12 23:00:57.401,0.87517,0.87533,1.50,1.50
2011.10.12 23:01:04.091,0.87517,0.87534,1.50,1.50
2011.10.12 23:01:04.649,0.87516,0.87534,1.50,1.50
2011.10.12 23:01:15.704,0.87517,0.87536,1.50,1.50
2011.10.12 23:01:19.382,0.87517,0.87535,1.50,1.50
2011.10.12 23:01:20.064,0.87516,0.87535,1.50,1.50
2011.10.12 23:01:21.301,0.87515,0.87533,1.88,1.50
2011.10.12 23:01:22.902,0.87516,0.87533,1.50,1.50
2011.10.12 23:01:23.461,0.87516,0.87534,1.88,1.50
2011.10.12 23:01:25.974,0.87514,0.87532,1.53,1.50
2011.10.12 23:01:26.101,0.87514,0.87532,1.50,1.50
2011.10.12 23:01:26.342,0.87514,0.87532,1.50,1.50
2011.10.12 23:01:26.802,0.87517,0.87536,1.50,1.50
2011.10.12 23:01:28.124,0.87517,0.87536,1.13,1.88
2011.10.12 23:01:28.253,0.87516,0.87534,1.53,1.50
2011.10.12 23:01:28.613,0.87514,0.87532,1.88,1.13
2011.10.12 23:01:28.731,0.87514,0.87532,1.50,1.13
2011.10.12 23:01:29.524,0.87516,0.87534,1.88,1.50
2011.10.12 23:01:29.896,0.87517,0.87535,1.50,1.88
2011.10.12 23:01:30.026,0.87517,0.87535,1.50,1.88
2011.10.12 23:01:30.611,0.87517,0.87535,1.50,1.13
2011.10.12 23:01:33.313,0.87514,0.87534,1.90,1.13
2011.10.12 23:01:33.434,0.87518,0.87537,1.50,2.25
2011.10.12 23:01:33.784,0.87517,0.87529,1.13,1.13
2011.10.12 23:01:34.032,0.87512,0.87526,1.50,1.50
2011.10.12 23:01:34.278,0.87509,0.87528,1.13,1.50
2011.10.12 23:01:34.410,0.87508,0.87527,1.15,1.50
2011.10.12 23:01:34.536,0.87509,0.87529,1.50,1.13
2011.10.12 23:01:35.818,0.87508,0.87525,1.50,1.13
2011.10.12 23:01:36.052,0.87508,0.87523,1.50,1.50
2011.10.12 23:01:36.293,0.87507,0.87523,1.50,2.25
2011.10.12 23:01:36.850,0.87507,0.87525,2.25,2.25
2011.10.12 23:01:37.194,0.87507,0.87521,1.50,1.50
2011.10.12 23:01:37.563,0.87501,0.8752,1.13,1.13
2011.10.12 23:01:37.796,0.87503,0.8752,1.50,1.13
2011.10.12 23:01:38.276,0.87503,0.87514,1.50,1.13
2011.10.12 23:01:38.407,0.87497,0.87515,1.50,1.50
2011.10.12 23:01:38.763,0.875,0.87518,1.50,1.50
2011.10.12 23:01:39.924,0.87503,0.87521,1.13,1.50
2011.10.12 23:01:40.744,0.87504,0.87525,1.15,1.50
2011.10.12 23:01:40.864,0.87506,0.87526,1.53,1.13
2011.10.12 23:01:41.237,0.87509,0.87528,1.50,1.50
2011.10.12 23:01:41.484,0.87513,0.8753,1.50,1.50
2011.10.12 23:01:41.615,0.87513,0.8753,2.25,1.50
2011.10.12 23:01:41.745,0.87512,0.87528,1.50,2.25
2011.10.12 23:01:42.402,0.87512,0.87525,1.50,1.88
2011.10.12 23:01:42.532,0.87507,0.87526,1.88,2.25
2011.10.12 23:01:44.556,0.87509,0.87527,1.50,1.88
2011.10.12 23:01:44.683,0.87512,0.8753,1.50,2.25
2011.10.12 23:01:44.923,0.87513,0.87532,1.50,1.50
2011.10.12 23:01:46.295,0.87513,0.87531,1.50,1.13
2011.10.12 23:01:46.663,0.87508,0.87523,1.53,1.50
2011.10.12 23:01:47.022,0.87506,0.87522,2.28,1.50
2011.10.12 23:01:47.144,0.87506,0.87524,1.50,1.13
2011.10.12 23:01:47.274,0.87502,0.8752,1.53,1.13
2011.10.12 23:01:47.409,0.87502,0.8752,1.50,1.13
2011.10.12 23:01:47.547,0.875,0.87519,1.50,1.13
2011.10.12 23:01:50.063,0.875,0.87519,1.13,1.50
2011.10.12 23:01:50.209,0.87498,0.87517,1.50,1.13
2011.10.12 23:01:54.453,0.87495,0.87511,1.50,1.50
2011.10.12 23:01:54.698,0.87495,0.87512,1.50,1.88
2011.10.12 23:01:54.834,0.8749,0.87508,1.50,1.88
2011.10.12 23:01:54.968,0.87492,0.8751,1.50,1.13
2011.10.12 23:01:55.453,0.87493,0.87512,1.88,1.50
2011.10.12 23:01:56.042,0.87495,0.87513,1.50,1.50
2011.10.12 23:01:56.957,0.87496,0.87514,1.13,1.50
2011.10.12 23:01:59.133,0.87496,0.87514,1.13,1.50
2011.10.12 23:02:00.395,0.87494,0.87511,1.13,1.13
2011.10.12 23:02:00.643,0.87495,0.87514,1.50,1.13
2011.10.12 23:02:00.763,0.87494,0.87512,1.50,1.13
2011.10.12 23:02:01.123,0.87488,0.87505,1.50,1.50
2011.10.12 23:02:01.366,0.87485,0.87505,1.50,1.13
2011.10.12 23:02:05.162,0.87485,0.87505,1.50,3.00
2011.10.12 23:02:05.769,0.8749,0.87507,1.53,1.50
2011.10.12 23:02:06.133,0.87492,0.87508,1.15,1.13
2011.10.12 23:02:06.998,0.87493,0.87512,2.25,1.50
2011.10.12 23:02:07.947,0.87494,0.87514,1.13,1.13
2011.10.12 23:02:09.224,0.87495,0.87515,1.13,1.13
2011.10.12 23:02:09.463,0.87498,0.87517,1.50,1.50
2011.10.12 23:02:10.031,0.87498,0.87518,1.88,1.13
2011.10.12 23:02:14.902,0.87498,0.87517,1.13,1.13
2011.10.12 23:02:18.522,0.87498,0.87518,2.25,1.13
2011.10.12 23:02:18.871,0.875,0.8752,1.50,1.13
2011.10.12 23:02:18.995,0.87502,0.87521,1.50,2.25
2011.10.12 23:02:19.475,0.87504,0.87523,1.50,2.25
2011.10.12 23:02:20.433,0.87505,0.87525,1.90,1.13
2011.10.12 23:02:21.786,0.87506,0.87526,1.15,1.88
2011.10.12 23:02:23.846,0.87505,0.87526,1.53,1.13
2011.10.12 23:02:24.462,0.87505,0.87525,1.90,1.13
2011.10.12 23:02:25.054,0.87505,0.87525,1.50,1.13
2011.10.12 23:02:30.132,0.87504,0.87524,1.50,1.13
2011.10.12 23:02:32.272,0.87504,0.87524,1.50,1.13
2011.10.12 23:02:32.735,0.87504,0.87522,1.50,1.13
2011.10.12 23:02:33.333,0.87503,0.87522,1.50,1.13
2011.10.12 23:02:34.046,0.87504,0.87522,1.50,1.13
2011.10.12 23:02:34.622,0.87503,0.87522,1.50,1.13
2011.10.12 23:02:35.891,0.87504,0.87522,1.50,1.13
2011.10.12 23:02:37.172,0.87504,0.87523,1.50,1.13
2011.10.12 23:02:40.651,0.87503,0.87523,1.50,1.13
2011.10.12 23:02:44.349,0.87503,0.87523,1.50,1.13
2011.10.12 23:02:47.420,0.87503,0.87523,1.50,1.13
2011.10.12 23:02:48.057,0.87503,0.87523,1.50,1.13
2011.10.12 23:02:48.544,0.87503,0.87523,1.50,1.13
2011.10.12 23:02:49.961,0.87503,0.87523,1.50,1.13
2011.10.12 23:02:50.762,0.87503,0.87523,1.50,1.13
2011.10.12 23:02:51.334,0.87504,0.87523,1.50,1.13
2011.10.12 23:02:54.432,0.87504,0.87525,1.50,1.13
2011.10.12 23:02:55.691,0.87504,0.87526,1.88,1.13
2011.10.12 23:02:56.592,0.87504,0.87524,1.13,1.13
2011.10.12 23:02:59.836,0.87503,0.87524,1.90,1.13
2011.10.12 23:03:10.452,0.87503,0.87522,1.50,1.13
2011.10.12 23:03:12.646,0.87502,0.87522,1.50,1.13
2011.10.12 23:03:13.013,0.87499,0.87519,1.50,1.13
2011.10.12 23:03:13.142,0.87499,0.87519,1.50,1.88
2011.10.12 23:03:21.709,0.87499,0.87518,1.50,1.50
2011.10.12 23:03:22.281,0.87499,0.87519,1.50,1.88
2011.10.12 23:03:23.494,0.87499,0.87518,1.50,1.50
2011.10.12 23:03:24.200,0.87499,0.87518,1.50,1.50
2011.10.12 23:03:24.832,0.87499,0.87519,1.50,2.63
2011.10.12 23:03:25.403,0.87499,0.87518,1.50,1.50
2011.10.12 23:03:25.961,0.87499,0.87517,1.50,1.50
2011.10.12 23:03:26.629,0.87499,0.87518,1.50,1.50
2011.10.12 23:03:29.670,0.87499,0.87517,1.50,1.50
2011.10.12 23:03:31.429,0.87499,0.87517,1.50,1.88
2011.10.12 23:03:34.503,0.875,0.87518,1.50,1.50
2011.10.12 23:03:42.570,0.875,0.87518,1.50,1.88
2011.10.12 23:03:43.239,0.875,0.87517,1.50,1.50
2011.10.12 23:03:43.818,0.875,0.87518,1.50,1.88
2011.10.12 23:03:44.369,0.875,0.87517,1.50,1.50
2011.10.12 23:03:44.929,0.875,0.87518,1.50,1.88
2011.10.12 23:03:45.050,0.875,0.87518,1.50,1.88
2011.10.12 23:03:45.390,0.875,0.87518,1.50,1.88
2011.10.12 23:03:47.428,0.875,0.87517,1.50,1.50
2011.10.12 23:03:48.193,0.875,0.87518,1.50,1.88
2011.10.12 23:03:49.331,0.875,0.87517,1.50,1.50
2011.10.12 23:03:49.931,0.875,0.87519,1.50,1.50
2011.10.12 23:03:50.492,0.87501,0.87519,1.50,1.50
2011.10.12 23:04:06.199,0.87502,0.8752,1.88,1.50
2011.10.12 23:04:06.564,0.87504,0.87522,1.13,1.50
2011.10.12 23:04:07.170,0.87504,0.87522,1.50,1.13
2011.10.12 23:04:07.302,0.87505,0.87523,1.50,1.50
2011.10.12 23:04:07.427,0.87504,0.87522,1.50,1.13
2011.10.12 23:04:08.025,0.87503,0.87522,1.50,1.13
2011.10.12 23:04:08.623,0.87503,0.87524,1.50,1.13
2011.10.12 23:04:19.514,0.87505,0.87525,1.13,1.13
2011.10.12 23:04:20.572,0.87507,0.87527,1.13,1.13
2011.10.12 23:04:21.173,0.87506,0.87526,1.13,1.13
2011.10.12 23:04:21.973,0.87507,0.87527,1.13,1.88
2011.10.12 23:04:53.223,0.87506,0.87526,1.88,1.13
2011.10.12 23:04:55.502,0.87507,0.87527,1.88,1.13
2011.10.12 23:04:56.864,0.87507,0.87527,1.50,1.13
2011.10.12 23:04:58.053,0.87507,0.87527,1.88,1.13
2011.10.12 23:04:59.183,0.87507,0.87527,1.50,1.13
2011.10.12 23:05:01.331,0.87507,0.87527,1.88,1.13
2011.10.12 23:05:04.703,0.87508,0.87526,1.50,1.13
2011.10.12 23:05:05.810,0.87506,0.87528,2.63,1.13
2011.10.12 23:05:07.141,0.87508,0.87528,1.50,1.13
2011.10.12 23:05:07.710,0.87509,0.87529,1.50,1.13
2011.10.12 23:05:08.549,0.87509,0.87527,1.50,1.13
2011.10.12 23:05:08.674,0.87507,0.87527,1.88,1.13
2011.10.12 23:05:10.547,0.87509,0.87529,1.50,1.13
2011.10.12 23:05:11.143,0.87509,0.87529,2.25,1.13
2011.10.12 23:05:11.612,0.87506,0.87528,2.63,1.13
2011.10.12 23:05:16.031,0.87508,0.87528,1.50,1.13
2011.10.12 23:05:16.590,0.87508,0.87528,1.50,1.13
2011.10.12 23:05:17.153,0.87508,0.87528,1.50,1.13
2011.10.12 23:05:17.710,0.87507,0.87528,2.25,1.88
2011.10.12 23:05:23.461,0.87508,0.87528,1.50,1.13
2011.10.12 23:05:24.030,0.87508,0.87528,1.50,1.13
2011.10.12 23:05:25.152,0.87508,0.87528,2.25,1.13
2011.10.12 23:05:26.211,0.8751,0.87528,2.25,1.13
2011.10.12 23:05:27.046,0.8751,0.87529,2.25,1.13
2011.10.12 23:05:35.598,0.8751,0.87529,2.25,1.13
2011.10.12 23:05:44.214,0.87516,0.87531,1.50,1.50
2011.10.12 23:05:44.826,0.87516,0.87536,1.50,1.13
2011.10.12 23:05:44.956,0.87516,0.87534,2.25,1.13
2011.10.12 23:05:45.203,0.87518,0.87536,1.50,1.88
2011.10.12 23:05:45.792,0.87518,0.87536,2.25,1.13
2011.10.12 23:05:47.685,0.87518,0.87536,1.50,1.13
2011.10.12 23:05:50.104,0.87519,0.87537,1.50,1.88
2011.10.12 23:05:50.233,0.87519,0.87537,3.00,2.63
2011.10.12 23:05:51.045,0.87517,0.87536,1.50,1.50
2011.10.12 23:05:52.304,0.8752,0.87537,1.50,1.88
2011.10.12 23:05:54.491,0.8752,0.87537,1.50,1.50
2011.10.12 23:05:55.084,0.8752,0.87537,1.50,1.50
2011.10.12 23:05:55.560,0.87523,0.87539,1.50,1.50
2011.10.12 23:05:55.925,0.87529,0.87549,1.13,1.50
2011.10.12 23:05:56.054,0.87533,0.87551,1.50,1.13
2011.10.12 23:05:56.305,0.87533,0.87552,1.50,1.88
2011.10.12 23:05:57.472,0.87533,0.87552,1.50,1.13
2011.10.12 23:05:58.392,0.87532,0.87552,2.25,1.88
2011.10.12 23:05:58.888,0.87532,0.87552,2.25,2.63
2011.10.12 23:05:59.475,0.87535,0.87552,1.50,1.88
2011.10.12 23:06:00.998,0.87535,0.87549,1.50,1.13
2011.10.12 23:06:01.246,0.87533,0.87549,1.50,1.13
2011.10.12 23:06:01.612,0.87533,0.87547,1.50,1.13
2011.10.12 23:06:02.828,0.87529,0.87547,2.25,1.13
2011.10.12 23:06:03.903,0.87529,0.87546,1.50,1.13
2011.10.12 23:06:04.877,0.8753,0.87547,1.50,1.50
2011.10.12 23:06:05.441,0.8753,0.87549,1.50,1.13
2011.10.12 23:06:06.022,0.8753,0.8755,2.25,1.88
2011.10.12 23:06:06.265,0.87534,0.87551,1.50,2.25
2011.10.12 23:06:06.634,0.87534,0.87551,1.50,1.13
2011.10.12 23:06:06.873,0.87534,0.87551,1.50,1.13
2011.10.12 23:06:07.855,0.87533,0.87546,1.50,1.13
2011.10.12 23:06:07.996,0.87528,0.87546,1.50,1.13
2011.10.12 23:06:08.475,0.87528,0.87546,1.50,1.13
2011.10.12 23:06:08.611,0.87529,0.8755,1.50,1.13
2011.10.12 23:06:08.854,0.87532,0.8755,1.50,1.13
2011.10.12 23:06:09.441,0.87533,0.8755,1.50,1.13
2011.10.12 23:06:10.622,0.87534,0.87551,1.50,1.50
2011.10.12 23:06:12.515,0.87533,0.87549,1.50,1.13
2011.10.12 23:06:12.882,0.87528,0.87546,2.25,1.13
2011.10.12 23:06:17.612,0.87529,0.87547,1.50,1.13
2011.10.12 23:06:18.192,0.8753,0.87548,1.50,1.13
2011.10.12 23:06:20.262,0.87531,0.87549,2.25,1.88
2011.10.12 23:06:20.909,0.87531,0.87549,2.25,1.88
2011.10.12 23:06:22.412,0.87533,0.8755,1.50,1.88
2011.10.12 23:06:25.461,0.87531,0.87549,2.25,1.50
2011.10.12 23:06:25.820,0.8753,0.87549,1.50,1.50
2011.10.12 23:06:26.290,0.87529,0.87547,1.50,1.13
2011.10.12 23:06:26.658,0.87527,0.87545,1.50,1.13
2011.10.12 23:06:27.253,0.87526,0.87546,2.25,1.13
2011.10.12 23:06:28.303,0.87527,0.87546,1.50,1.13
2011.10.12 23:06:33.101,0.87527,0.87547,2.25,1.13
2011.10.12 23:06:33.680,0.87527,0.87547,1.50,1.13
2011.10.12 23:06:40.526,0.87528,0.87548,1.50,1.88
2011.10.12 23:06:45.642,0.87529,0.87546,1.50,1.13
2011.10.12 23:06:48.322,0.87529,0.87547,1.50,1.13
2011.10.12 23:06:48.891,0.87529,0.87546,1.50,1.50
2011.10.12 23:06:50.283,0.87529,0.87547,2.25,1.13
2011.10.12 23:06:54.584,0.8753,0.87548,1.50,1.13
2011.10.12 23:06:56.599,0.87532,0.8755,1.50,1.13
2011.10.12 23:06:57.192,0.87533,0.87551,1.50,1.13
2011.10.12 23:07:00.492,0.87535,0.87552,2.25,1.50
2011.10.12 23:07:01.061,0.87535,0.87552,1.50,1.50
2011.10.12 23:07:01.182,0.8754,0.87557,1.50,1.50
2011.10.12 23:07:01.422,0.87539,0.87556,2.25,1.13
2011.10.12 23:07:01.982,0.87539,0.87556,2.25,1.88
2011.10.12 23:07:04.167,0.87539,0.87556,2.25,1.50
2011.10.12 23:07:04.884,0.8754,0.87556,1.50,1.50
2011.10.12 23:07:12.322,0.87539,0.87558,2.25,1.88
2011.10.12 23:07:13.015,0.87542,0.87558,1.50,1.50
2011.10.12 23:07:13.146,0.87542,0.8756,2.25,1.88
2011.10.12 23:07:13.514,0.87545,0.8756,1.50,1.88
2011.10.12 23:07:14.115,0.87545,0.8756,1.50,1.88
2011.10.12 23:07:15.932,0.87545,0.87561,2.25,1.50
2011.10.12 23:07:16.292,0.8755,0.87567,1.13,1.13
2011.10.12 23:07:16.412,0.87549,0.87569,2.25,1.13
2011.10.12 23:07:16.531,0.87552,0.87569,1.50,1.13
2011.10.12 23:07:20.312,0.87553,0.8757,1.50,1.50
2011.10.12 23:07:20.434,0.87554,0.87567,1.50,1.13
2011.10.12 23:07:20.566,0.87555,0.87569,1.50,1.13
2011.10.12 23:07:21.174,0.87552,0.87568,1.50,1.13
2011.10.12 23:07:22.705,0.87552,0.87569,1.50,1.13
2011.10.12 23:07:24.763,0.87553,0.87569,1.50,1.13
2011.10.12 23:07:25.442,0.87553,0.87571,1.50,1.50
2011.10.12 23:07:25.927,0.87553,0.87569,1.50,1.13
2011.10.12 23:07:26.056,0.8755,0.87569,1.50,1.13
2011.10.12 23:07:26.188,0.8755,0.87567,1.50,1.13
2011.10.12 23:07:26.804,0.87551,0.87567,1.50,1.13
2011.10.12 23:07:28.096,0.87551,0.87569,1.50,1.13
2011.10.12 23:07:28.347,0.87551,0.87567,1.50,1.50
2011.10.12 23:07:28.476,0.87549,0.87567,1.50,1.50
2011.10.12 23:07:28.608,0.87549,0.87569,2.25,1.13
2011.10.12 23:07:28.737,0.8755,0.87569,1.50,1.13
2011.10.12 23:07:28.982,0.8755,0.87569,1.50,1.13
2011.10.12 23:07:29.573,0.87552,0.87569,1.50,1.13
2011.10.12 23:07:31.402,0.87552,0.87567,1.50,1.13
2011.10.12 23:07:31.960,0.87552,0.87567,1.50,1.13
2011.10.12 23:07:32.395,0.87551,0.87567,1.50,1.13
2011.10.12 23:07:39.454,0.8755,0.87567,1.50,1.88
2011.10.12 23:07:39.800,0.87549,0.87567,3.00,1.88
2011.10.12 23:08:00.391,0.87549,0.87566,1.50,1.13
2011.10.12 23:08:02.472,0.87549,0.87568,1.50,1.13
2011.10.12 23:08:12.620,0.87549,0.87566,1.50,1.13
2011.10.12 23:08:12.973,0.87548,0.87563,1.50,1.13
2011.10.12 23:08:13.332,0.87545,0.87561,1.50,1.13
2011.10.12 23:08:15.840,0.87544,0.87561,1.50,1.88
2011.10.12 23:08:16.554,0.87544,0.8756,1.50,1.88
2011.10.12 23:08:16.698,0.87539,0.87557,1.50,1.13
2011.10.12 23:08:27.833,0.87539,0.87556,1.50,1.13
2011.10.12 23:08:28.402,0.87539,0.87556,1.50,1.13
2011.10.12 23:08:29.863,0.87539,0.87557,2.25,1.13
2011.10.12 23:08:36.018,0.87542,0.87557,1.50,1.13
2011.10.12 23:08:36.147,0.87543,0.87561,1.50,1.13
2011.10.12 23:08:36.739,0.87545,0.87563,1.88,1.50
2011.10.12 23:08:36.884,0.87548,0.87565,1.50,1.13
2011.10.12 23:08:37.465,0.87549,0.87565,1.50,1.13
2011.10.12 23:08:37.592,0.87549,0.87567,2.25,1.88
2011.10.12 23:08:42.082,0.8755,0.87567,1.50,1.13
2011.10.12 23:08:42.642,0.87549,0.87567,2.25,1.13
2011.10.12 23:08:42.763,0.87552,0.87567,1.50,1.13
2011.10.12 23:08:43.432,0.87552,0.87568,1.50,1.13
2011.10.12 23:08:51.222,0.87552,0.8757,1.50,1.13
2011.10.12 23:09:10.021,0.87551,0.8757,1.50,1.13
2011.10.12 23:09:12.594,0.87551,0.8757,1.88,1.13
2011.10.12 23:09:12.729,0.87554,0.87572,1.50,2.63
2011.10.12 23:09:12.977,0.87555,0.87573,1.50,1.50
2011.10.12 23:09:13.583,0.87554,0.87573,1.50,1.88
2011.10.12 23:09:14.172,0.87554,0.87573,2.25,1.50
2011.10.12 23:09:15.383,0.87555,0.87572,1.50,1.13
2011.10.12 23:09:15.502,0.87553,0.87572,1.50,1.13
2011.10.12 23:09:16.093,0.87553,0.87572,1.50,1.13
2011.10.12 23:09:16.853,0.87554,0.87572,1.50,1.13
2011.10.12 23:09:16.976,0.87554,0.87572,1.50,1.50
2011.10.12 23:09:17.587,0.87554,0.87573,1.50,1.50
2011.10.12 23:09:20.265,0.87554,0.87573,1.88,1.50
2011.10.12 23:09:20.756,0.87564,0.87579,1.50,1.50
2011.10.12 23:09:20.886,0.87564,0.87581,1.50,1.88
2011.10.12 23:09:21.015,0.87561,0.87581,1.50,1.88
2011.10.12 23:09:21.592,0.87561,0.87581,1.50,1.88
2011.10.12 23:09:22.392,0.87561,0.87581,1.13,2.33
2011.10.12 23:09:22.953,0.87559,0.87579,2.65,1.13
2011.10.12 23:09:23.554,0.87556,0.87576,1.90,1.13
2011.10.12 23:09:28.354,0.87557,0.87577,1.13,1.13
2011.10.12 23:09:28.596,0.87556,0.87576,1.50,1.13
2011.10.12 23:09:36.204,0.87553,0.87574,1.13,1.20
2011.10.12 23:09:39.675,0.87552,0.87572,1.88,1.13
2011.10.12 23:09:39.925,0.87552,0.87572,1.50,1.58
2011.10.12 23:09:40.414,0.87548,0.87568,3.03,1.13
2011.10.12 23:09:41.357,0.87548,0.87567,2.25,1.50
2011.10.12 23:09:41.727,0.87544,0.87562,1.50,1.13
2011.10.12 23:09:41.973,0.87546,0.87564,1.50,1.50
2011.10.12 23:09:44.346,0.87546,0.87566,1.50,1.13
2011.10.12 23:09:45.044,0.87548,0.87566,1.50,1.13
2011.10.12 23:09:45.285,0.87549,0.87568,1.50,1.50
2011.10.12 23:09:45.754,0.87548,0.87566,2.25,1.13
2011.10.12 23:09:45.994,0.87547,0.87566,1.50,1.13
2011.10.12 23:09:49.609,0.87546,0.87564,1.50,1.13
2011.10.12 23:09:50.193,0.87545,0.87564,1.50,1.13
2011.10.12 23:09:50.765,0.87546,0.87565,1.50,1.50
2011.10.12 23:09:51.959,0.87546,0.87565,1.50,1.13
2011.10.12 23:09:55.423,0.87547,0.87566,1.50,1.50
2011.10.12 23:09:55.653,0.87549,0.87568,1.13,2.25
2011.10.12 23:09:56.021,0.87551,0.87573,1.88,1.88
2011.10.12 23:09:56.505,0.87554,0.87573,1.13,1.50
2011.10.12 23:09:56.874,0.8756,0.87577,1.50,1.50
2011.10.12 23:10:00.682,0.87559,0.87576,1.50,1.13
2011.10.12 23:10:00.925,0.87558,0.87576,1.50,1.13
2011.10.12 23:10:01.753,0.87558,0.87576,1.50,1.13
2011.10.12 23:10:01.996,0.87555,0.87572,1.50,1.13
2011.10.12 23:10:02.125,0.87554,0.87572,1.53,1.13
2011.10.12 23:10:02.255,0.87551,0.87569,2.25,1.13
2011.10.12 23:10:02.623,0.87547,0.87566,1.50,1.88
2011.10.12 23:10:02.747,0.87548,0.87566,1.50,1.13
2011.10.12 23:10:03.358,0.87547,0.87565,1.50,1.13
2011.10.12 23:10:03.487,0.87548,0.87566,1.50,1.50
2011.10.12 23:10:04.684,0.87547,0.87566,1.50,1.50
2011.10.12 23:10:05.194,0.87549,0.87567,1.13,1.50
2011.10.12 23:10:05.558,0.87553,0.87572,1.88,1.50
2011.10.12 23:10:05.685,0.87556,0.87573,1.50,1.13
2011.10.12 23:10:05.935,0.87554,0.87572,1.50,1.50
2011.10.12 23:10:06.544,0.87554,0.87572,2.25,1.50
2011.10.12 23:10:07.157,0.87557,0.87577,1.50,1.13
2011.10.12 23:10:07.287,0.87558,0.87577,1.50,1.88
2011.10.12 23:10:07.898,0.87557,0.87575,2.25,1.13
2011.10.12 23:10:08.262,0.87555,0.87572,1.50,1.50
2011.10.12 23:10:11.602,0.87554,0.87571,1.50,1.88
2011.10.12 23:10:12.544,0.87554,0.87571,1.50,1.50
2011.10.12 23:10:13.153,0.87554,0.87571,1.50,1.50
2011.10.12 23:10:13.722,0.87554,0.87571,2.25,1.50
2011.10.12 23:10:15.922,0.87554,0.87571,1.50,1.88
2011.10.12 23:10:19.161,0.87554,0.87572,1.50,1.50
2011.10.12 23:10:19.404,0.87555,0.87575,1.88,2.25
2011.10.12 23:10:19.824,0.87557,0.87575,1.50,1.50
2011.10.12 23:10:22.793,0.87556,0.87576,1.50,1.13
2011.10.12 23:10:23.604,0.87556,0.87576,2.25,1.13
2011.10.12 23:10:24.394,0.87556,0.87575,1.50,1.50
2011.10.12 23:10:26.656,0.87554,0.87573,2.25,1.13
2011.10.12 23:10:27.253,0.87554,0.87571,1.50,1.50
2011.10.12 23:10:32.367,0.87554,0.87572,2.63,1.50
2011.10.12 23:10:41.372,0.87556,0.87571,1.50,1.50
2011.10.12 23:10:43.953,0.87554,0.8757,3.00,1.50
2011.10.12 23:10:47.437,0.87555,0.87569,1.13,1.50
2011.10.12 23:10:48.095,0.87555,0.87569,1.13,1.50
2011.10.12 23:10:48.225,0.87555,0.87569,1.13,1.50
2011.10.12 23:10:49.374,0.87554,0.87569,1.88,1.50
2011.10.12 23:10:50.275,0.87554,0.87569,1.88,1.50
2011.10.12 23:10:53.472,0.87555,0.87569,1.13,1.50
2011.10.12 23:10:57.017,0.87554,0.87569,1.88,1.50
2011.10.12 23:11:00.839,0.87554,0.87569,1.88,1.50
2011.10.12 23:11:01.450,0.87554,0.87569,1.88,1.50
2011.10.12 23:11:05.858,0.87554,0.8757,1.50,1.50
2011.10.12 23:11:07.823,0.87554,0.8757,1.50,1.50
2011.10.12 23:11:07.941,0.87554,0.8757,1.50,1.50
2011.10.12 23:11:25.992,0.87554,0.8757,2.25,1.50
2011.10.12 23:11:31.110,0.87555,0.8757,1.50,1.50
2011.10.12 23:11:31.685,0.87554,0.8757,1.50,2.25
2011.10.12 23:11:32.260,0.87554,0.8757,1.50,2.25
2011.10.12 23:11:33.631,0.87554,0.8757,2.25,2.25
2011.10.12 23:11:38.264,0.87553,0.87569,2.25,1.50
2011.10.12 23:11:40.742,0.87552,0.87567,1.50,1.50
2011.10.12 23:11:45.973,0.87552,0.87567,1.50,1.88
2011.10.12 23:11:46.094,0.87549,0.87566,1.50,1.50
2011.10.12 23:11:47.975,0.8755,0.87564,1.50,1.13
2011.10.12 23:11:48.347,0.87543,0.87559,1.50,1.50
2011.10.12 23:11:48.475,0.87542,0.87556,1.50,1.13
2011.10.12 23:11:48.845,0.87536,0.87551,1.50,1.50
2011.10.12 23:11:53.464,0.87536,0.87553,1.88,1.50
2011.10.12 23:11:53.596,0.87535,0.87553,1.50,1.50
2011.10.12 23:12:02.641,0.87535,0.87552,1.50,1.50
2011.10.12 23:12:04.334,0.87534,0.87552,3.00,1.50
2011.10.12 23:12:24.083,0.87534,0.87551,2.25,1.20
2011.10.12 23:12:25.504,0.87534,0.87552,2.25,1.50
2011.10.12 23:13:02.821,0.87531,0.87552,1.88,1.20
2011.10.12 23:13:05.414,0.87533,0.87552,1.13,1.20
2011.10.12 23:13:09.101,0.87532,0.87552,1.13,1.58
2011.10.12 23:13:10.194,0.87533,0.87552,1.13,1.20
2011.10.12 23:13:26.844,0.87534,0.87551,1.50,1.20
2011.10.12 23:13:28.932,0.87533,0.8755,1.50,1.20
2011.10.12 23:13:29.493,0.87534,0.87548,1.50,1.50
2011.10.12 23:13:29.978,0.87528,0.87545,1.50,1.50
2011.10.12 23:13:30.227,0.87526,0.87544,2.25,1.20
2011.10.12 23:13:30.355,0.87526,0.87544,2.25,1.20
2011.10.12 23:13:30.942,0.87528,0.87544,1.50,1.95
2011.10.12 23:13:31.293,0.87527,0.87544,1.50,1.95
2011.10.12 23:13:32.363,0.87527,0.87543,1.50,1.20
2011.10.12 23:13:32.939,0.87525,0.87543,2.25,1.20
2011.10.12 23:13:34.152,0.87525,0.87543,2.25,1.95
2011.10.12 23:13:34.733,0.87526,0.87543,1.50,1.50
2011.10.12 23:13:42.084,0.87524,0.87542,2.25,1.13
2011.10.12 23:13:48.505,0.87524,0.87541,2.25,1.50
2011.10.12 23:13:55.812,0.87524,0.8754,2.25,1.50
2011.10.12 23:14:06.220,0.87517,0.87535,1.53,1.95
2011.10.12 23:14:06.831,0.87519,0.87535,1.50,1.20
2011.10.12 23:14:13.196,0.87519,0.87535,2.25,1.20
2011.10.12 23:14:14.042,0.87518,0.87534,1.50,1.20
2011.10.12 23:14:21.479,0.87521,0.87537,2.25,3.00
2011.10.12 23:14:21.851,0.87522,0.8754,1.13,1.50
2011.10.12 23:14:22.458,0.87524,0.8754,1.50,1.50
2011.10.12 23:14:24.285,0.87524,0.8754,1.50,1.50
2011.10.12 23:14:25.827,0.87524,0.87541,1.50,1.50
2011.10.12 23:14:26.197,0.87525,0.87543,2.25,1.13
2011.10.12 23:14:26.327,0.87527,0.87544,1.50,1.50
2011.10.12 23:14:26.699,0.87531,0.87548,1.50,1.95
2011.10.12 23:14:27.304,0.87532,0.87548,1.50,1.95
2011.10.12 23:14:27.915,0.87532,0.87548,1.50,1.50
2011.10.12 23:14:28.526,0.87532,0.8755,2.25,1.50
2011.10.12 23:14:29.123,0.87532,0.87549,1.50,1.50
2011.10.12 23:14:33.234,0.87532,0.87548,1.50,1.50
2011.10.12 23:14:33.793,0.87532,0.87548,1.50,1.50
2011.10.12 23:14:34.143,0.87532,0.87548,1.50,1.50
2011.10.12 23:14:35.097,0.87532,0.87547,1.50,1.20
2011.10.12 23:14:35.347,0.87526,0.87543,1.50,1.20
2011.10.12 23:14:35.966,0.87527,0.87545,2.25,1.88
2011.10.12 23:14:40.994,0.87527,0.87543,1.50,1.20
2011.10.12 23:14:42.393,0.87528,0.87543,1.50,1.20
2011.10.12 23:14:44.878,0.87528,0.87543,1.50,1.58
2011.10.12 23:14:45.778,0.87528,0.87543,1.50,1.58
2011.10.12 23:14:47.188,0.87527,0.87541,1.50,1.50
2011.10.12 23:14:47.556,0.87525,0.87541,1.50,1.95
2011.10.12 23:14:48.175,0.87525,0.87541,1.50,2.70
2011.10.12 23:14:49.220,0.87528,0.87541,1.50,1.50
2011.10.12 23:14:49.849,0.87529,0.87543,1.50,1.20
2011.10.12 23:14:51.976,0.87529,0.87545,1.50,1.50
2011.10.12 23:14:52.347,0.87529,0.87546,1.50,1.50
2011.10.12 23:14:52.835,0.87529,0.87549,3.00,1.88
2011.10.12 23:14:54.929,0.8753,0.87549,1.50,1.50
2011.10.12 23:14:55.067,0.8753,0.87548,1.50,1.50
2011.10.12 23:15:02.343,0.87531,0.87549,1.50,1.50
2011.10.12 23:15:03.905,0.87531,0.87549,2.25,1.50
2011.10.12 23:15:05.835,0.87531,0.87549,2.25,1.88
2011.10.12 23:15:05.955,0.87531,0.87547,2.25,1.50
2011.10.12 23:15:06.559,0.87531,0.87547,1.50,1.50
2011.10.12 23:15:08.105,0.87531,0.87547,1.50,1.50
2011.10.12 23:15:08.233,0.87531,0.87547,1.50,1.50
2011.10.12 23:15:09.784,0.87531,0.87547,1.50,1.50
2011.10.12 23:15:10.481,0.87531,0.87547,1.50,1.50
2011.10.12 23:15:12.251,0.8753,0.87547,1.50,1.50
2011.10.12 23:15:12.785,0.87531,0.87547,1.50,1.50
2011.10.12 23:15:12.912,0.87531,0.87547,1.50,1.50
2011.10.12 23:15:14.643,0.87531,0.87547,1.50,1.50
2011.10.12 23:15:16.485,0.87531,0.87547,1.50,1.50
2011.10.12 23:15:18.484,0.87531,0.87547,1.50,1.50
2011.10.12 23:15:20.059,0.87531,0.87547,1.50,1.50
2011.10.12 23:15:21.338,0.87532,0.87547,1.50,1.50
2011.10.12 23:15:21.704,0.87534,0.87549,1.50,1.50
2011.10.12 23:15:28.757,0.87529,0.87548,1.50,1.50
2011.10.12 23:15:29.126,0.87529,0.87547,2.25,1.50
2011.10.12 23:15:29.972,0.87529,0.87547,2.25,1.50
2011.10.12 23:15:31.583,0.8753,0.87546,2.25,1.50
2011.10.12 23:15:32.662,0.8753,0.87547,2.25,1.50
2011.10.12 23:15:33.222,0.8753,0.87546,1.50,1.50
2011.10.12 23:15:34.701,0.8753,0.87547,1.50,1.50
2011.10.12 23:15:39.511,0.87531,0.87547,1.50,1.50
2011.10.12 23:15:39.747,0.87531,0.87548,2.25,1.50
2011.10.12 23:15:40.262,0.87531,0.87549,2.25,1.13
2011.10.12 23:15:40.945,0.87536,0.87551,1.50,1.50
2011.10.12 23:15:41.074,0.87536,0.87553,1.50,1.95
2011.10.12 23:15:41.679,0.87539,0.87553,2.25,1.50
2011.10.12 23:15:41.925,0.87541,0.87558,1.50,1.50
2011.10.12 23:15:43.236,0.87544,0.87561,2.25,2.25
2011.10.12 23:15:47.222,0.87544,0.8756,2.25,1.13
2011.10.12 23:15:47.824,0.87544,0.87558,1.50,1.50
2011.10.12 23:15:48.402,0.87543,0.87558,1.50,1.50
2011.10.12 23:15:49.002,0.87542,0.87558,2.25,1.50
2011.10.12 23:15:50.434,0.87543,0.87558,1.50,1.50
2011.10.12 23:15:50.956,0.87539,0.87555,1.50,1.50
2011.10.12 23:15:51.664,0.87538,0.87554,1.50,1.50
2011.10.12 23:15:51.910,0.87537,0.8755,1.50,1.50
2011.10.12 23:15:52.279,0.87531,0.87547,1.50,1.50
2011.10.12 23:15:52.407,0.8753,0.87547,1.50,1.50
2011.10.12 23:15:52.898,0.87529,0.87546,2.25,1.50
2011.10.12 23:15:53.265,0.87526,0.87543,1.50,1.13
2011.10.12 23:15:53.396,0.87526,0.87545,2.25,2.25
2011.10.12 23:15:53.884,0.87527,0.87544,1.50,1.20
2011.10.12 23:16:02.818,0.87527,0.87544,1.50,1.20
2011.10.12 23:16:03.415,0.87527,0.87546,1.50,1.20
2011.10.12 23:16:05.223,0.87527,0.87546,1.50,1.95
2011.10.12 23:16:08.203,0.87527,0.87546,1.50,1.20
2011.10.12 23:16:13.716,0.8753,0.87547,1.50,1.95
2011.10.12 23:16:31.686,0.8753,0.87548,1.50,1.95
2011.10.12 23:16:32.295,0.87531,0.87549,1.50,1.50
2011.10.12 23:16:32.664,0.87534,0.87551,1.50,1.50
2011.10.12 23:16:33.027,0.87533,0.87549,2.25,1.50
2011.10.12 23:16:33.516,0.87533,0.87551,2.25,3.08
2011.10.12 23:16:34.007,0.87533,0.87551,2.25,2.33
2011.10.12 23:16:34.138,0.87534,0.87551,1.50,1.20
2011.10.12 23:16:34.275,0.87534,0.87551,1.50,1.20
2011.10.12 23:16:38.915,0.87534,0.8755,2.25,1.20
2011.10.12 23:16:39.866,0.87534,0.8755,1.50,1.95
2011.10.12 23:16:46.053,0.87533,0.87549,1.50,1.20
2011.10.12 23:16:51.636,0.87534,0.8755,1.50,1.50
2011.10.12 23:16:52.686,0.87534,0.87549,2.25,1.20
2011.10.12 23:16:53.274,0.87534,0.87549,1.50,1.20
2011.10.12 23:16:53.954,0.87534,0.8755,1.50,2.25
2011.10.12 23:16:54.198,0.87536,0.87552,1.50,1.95
2011.10.12 23:16:56.150,0.87536,0.87552,1.50,2.70
2011.10.12 23:16:56.872,0.87534,0.8755,1.50,1.20
2011.10.12 23:16:59.227,0.87534,0.87549,1.50,1.20
2011.10.12 23:16:59.825,0.87534,0.8755,1.50,1.95
2011.10.12 23:17:00.076,0.87534,0.87551,2.25,1.50
2011.10.12 23:17:00.687,0.87537,0.87554,1.50,1.95
2011.10.12 23:17:01.063,0.87534,0.87552,2.25,1.95
2011.10.12 23:17:01.665,0.87534,0.87549,2.25,1.20
2011.10.12 23:17:02.264,0.87534,0.87548,1.50,1.20
2011.10.12 23:17:02.987,0.87534,0.87549,2.25,1.20
2011.10.12 23:17:03.121,0.87535,0.87551,1.50,1.95
2011.10.12 23:17:03.369,0.87536,0.87553,1.50,1.20
2011.10.12 23:17:03.498,0.87538,0.87554,1.50,2.70
2011.10.12 23:17:03.625,0.87538,0.87554,1.50,1.95
2011.10.12 23:17:03.756,0.87538,0.87554,1.50,1.95
2011.10.12 23:17:03.886,0.87538,0.87554,1.50,1.95
2011.10.12 23:17:04.020,0.87537,0.87554,1.50,1.95
2011.10.12 23:17:04.144,0.87538,0.87554,1.50,1.95
2011.10.12 23:17:05.436,0.87539,0.87555,1.88,1.20
2011.10.12 23:17:06.043,0.87542,0.87556,1.50,1.20
2011.10.12 23:17:06.843,0.87541,0.87556,1.50,1.20
2011.10.12 23:17:07.701,0.8754,0.87556,1.50,1.20
2011.10.12 23:17:09.545,0.87538,0.87556,1.50,1.95
2011.10.12 23:17:13.193,0.87537,0.87555,1.50,1.20
2011.10.12 23:17:13.774,0.87538,0.87556,1.50,1.50
2011.10.12 23:17:16.794,0.87538,0.87554,1.50,1.20
2011.10.12 23:17:22.047,0.87533,0.87551,2.28,1.20
2011.10.12 23:17:22.654,0.87534,0.87551,1.50,2.70
2011.10.12 23:17:22.775,0.87534,0.87551,1.50,3.45
2011.10.12 23:17:23.352,0.87534,0.87551,1.50,3.45
2011.10.12 23:17:30.754,0.87535,0.87551,1.50,1.95
2011.10.12 23:17:30.876,0.87536,0.87552,1.50,1.20
2011.10.12 23:17:31.249,0.87538,0.87554,1.50,1.20
2011.10.12 23:17:31.377,0.87541,0.87557,1.50,1.20
2011.10.12 23:17:31.629,0.87542,0.8756,1.50,2.70
2011.10.12 23:17:32.416,0.87544,0.8756,2.25,1.20
2011.10.12 23:17:32.548,0.87544,0.8756,2.25,1.20
2011.10.12 23:17:32.798,0.87544,0.87561,1.50,1.95
2011.10.12 23:17:33.403,0.87546,0.87562,1.50,1.20
2011.10.12 23:17:34.463,0.87546,0.87564,1.50,2.70
2011.10.12 23:17:44.856,0.87545,0.87561,1.50,1.20
2011.10.12 23:17:45.545,0.87545,0.87561,1.50,1.20
2011.10.12 23:17:45.904,0.87545,0.87562,1.50,1.20
2011.10.12 23:17:46.492,0.87547,0.87563,1.50,1.20
2011.10.12 23:17:46.725,0.87548,0.87563,1.50,1.20
2011.10.12 23:17:57.584,0.87548,0.87564,1.50,1.95
2011.10.12 23:17:58.542,0.87548,0.87564,1.50,1.95
2011.10.12 23:17:59.613,0.87548,0.87564,1.50,1.95
2011.10.12 23:18:08.697,0.87546,0.87562,1.50,1.20
2011.10.12 23:18:26.728,0.87544,0.87558,1.50,1.20
2011.10.12 23:18:27.321,0.87543,0.87558,1.88,1.20
2011.10.12 23:18:29.266,0.87544,0.87558,1.50,1.20
2011.10.12 23:18:37.635,0.87544,0.87558,1.88,1.20
2011.10.12 23:18:37.874,0.87546,0.87562,1.50,1.95
2011.10.12 23:18:37.996,0.87546,0.87562,1.50,1.95
2011.10.12 23:18:40.355,0.87545,0.87562,1.50,1.50
2011.10.12 23:18:41.064,0.87545,0.87561,1.50,1.20
2011.10.12 23:18:41.185,0.87543,0.87559,2.25,1.95
2011.10.12 23:18:41.555,0.87543,0.87559,1.50,1.50
2011.10.12 23:18:41.806,0.87543,0.87559,1.50,1.95
2011.10.12 23:18:42.874,0.87543,0.87559,1.50,1.95
2011.10.12 23:18:44.796,0.87539,0.87555,1.50,1.50
2011.10.12 23:18:44.931,0.87538,0.87555,1.50,1.95
2011.10.12 23:18:45.442,0.87536,0.87552,1.50,1.95
2011.10.12 23:18:45.805,0.87535,0.87551,1.50,1.95
2011.10.12 23:18:46.421,0.87535,0.87551,1.50,2.70
2011.10.12 23:18:47.497,0.87534,0.87549,1.50,1.20
2011.10.12 23:18:50.394,0.87534,0.8755,2.25,1.95
2011.10.12 23:18:50.745,0.87535,0.8755,1.50,1.50
2011.10.12 23:19:01.906,0.87534,0.8755,2.63,1.95
2011.10.12 23:19:02.037,0.87534,0.8755,2.63,1.95
2011.10.12 23:19:02.727,0.87534,0.87549,2.63,1.20
2011.10.12 23:19:02.973,0.87534,0.87549,2.25,1.20
2011.10.12 23:19:13.136,0.87531,0.87547,1.50,1.20
2011.10.12 23:19:13.264,0.87531,0.87547,1.50,1.20
2011.10.12 23:19:13.926,0.87529,0.87545,1.50,1.50
2011.10.12 23:19:14.514,0.87531,0.87547,1.50,1.50
2011.10.12 23:19:16.657,0.87531,0.87548,1.50,1.50
2011.10.12 23:19:17.137,0.87532,0.87548,1.50,1.50
2011.10.12 23:19:17.383,0.87534,0.8755,1.50,2.25
2011.10.12 23:19:17.974,0.87534,0.8755,1.50,1.20
2011.10.12 23:19:18.095,0.87535,0.87552,1.50,1.20
2011.10.12 23:19:18.586,0.87535,0.87553,1.50,1.95
2011.10.12 23:19:34.627,0.87533,0.8755,1.88,1.20
2011.10.12 23:19:44.983,0.87534,0.8755,1.50,1.20
2011.10.12 23:19:52.005,0.87533,0.8755,1.50,1.20
2011.10.12 23:19:52.484,0.87531,0.87548,1.53,1.50
2011.10.12 23:19:52.834,0.87531,0.87547,1.50,1.50
2011.10.12 23:19:53.434,0.8753,0.87547,1.88,1.50
2011.10.12 23:19:54.606,0.87531,0.87546,1.50,1.50
2011.10.12 23:19:55.204,0.87531,0.87547,1.50,2.25
2011.10.12 23:19:55.711,0.87531,0.87547,1.50,2.25
2011.10.12 23:19:56.771,0.87531,0.87547,1.50,2.25
2011.10.12 23:19:57.371,0.87531,0.87546,1.50,1.50
2011.10.12 23:19:57.978,0.87531,0.87545,1.50,1.50
2011.10.12 23:20:11.957,0.87529,0.87545,1.50,1.50
2011.10.12 23:20:15.282,0.87529,0.87545,1.50,1.50
2011.10.12 23:20:15.855,0.87529,0.87545,1.50,1.50
2011.10.12 23:20:20.202,0.87529,0.87545,1.50,1.50
2011.10.12 23:20:20.795,0.87529,0.87545,1.50,1.50
2011.10.12 23:20:22.587,0.8753,0.87546,1.50,1.95
2011.10.12 23:20:24.625,0.87531,0.87548,1.50,1.95
2011.10.12 23:20:27.142,0.87531,0.87548,1.50,1.95
2011.10.12 23:20:27.733,0.87531,0.87549,1.50,2.70
2011.10.12 23:20:28.083,0.87531,0.87549,2.25,1.95
2011.10.12 23:20:30.197,0.87533,0.87549,1.50,1.50
2011.10.12 23:20:30.728,0.87534,0.8755,1.50,1.95
2011.10.12 23:20:31.303,0.87534,0.87552,1.50,2.33
2011.10.12 23:20:33.816,0.87532,0.8755,1.50,2.70
2011.10.12 23:20:33.955,0.87531,0.87549,1.50,2.33
2011.10.12 23:20:35.066,0.87532,0.87549,1.50,1.95
2011.10.12 23:20:35.656,0.87532,0.8755,1.50,1.95
2011.10.12 23:20:36.124,0.87534,0.8755,1.50,1.95
2011.10.12 23:20:36.248,0.87538,0.87553,1.50,1.50
2011.10.12 23:20:36.379,0.8754,0.87554,1.50,1.95
2011.10.12 23:20:36.747,0.8754,0.87556,1.50,1.50
2011.10.12 23:20:42.053,0.87541,0.87557,1.50,1.50
2011.10.12 23:20:52.528,0.87541,0.87557,1.50,1.50
2011.10.12 23:20:53.133,0.87539,0.87556,1.50,1.50
2011.10.12 23:20:57.142,0.87539,0.87557,1.50,1.95
2011.10.12 23:20:57.701,0.87539,0.87557,2.25,1.95
2011.10.12 23:20:58.673,0.87539,0.87557,1.50,1.95
2011.10.12 23:20:59.535,0.87539,0.87555,2.25,1.50
2011.10.12 23:20:59.764,0.87539,0.87555,1.50,1.50
2011.10.12 23:21:00.008,0.87537,0.87553,1.50,1.20
2011.10.12 23:21:04.052,0.87535,0.87553,1.50,1.95
2011.10.12 23:21:12.902,0.87535,0.87553,1.50,1.50
2011.10.12 23:21:13.145,0.87539,0.87555,1.50,1.20
2011.10.12 23:21:14.903,0.87539,0.87555,1.50,1.20
2011.10.12 23:21:16.494,0.87539,0.87555,1.50,1.20
2011.10.12 23:21:17.074,0.87536,0.87555,1.50,1.20
2011.10.12 23:21:17.656,0.87536,0.87554,1.50,1.50
2011.10.12 23:21:20.105,0.87536,0.87553,1.50,1.20
2011.10.12 23:21:20.225,0.87535,0.87552,1.50,1.20
2011.10.12 23:21:31.433,0.87535,0.87553,1.50,1.95
2011.10.12 23:21:53.128,0.87537,0.87555,1.88,1.50
2011.10.12 23:21:53.256,0.87539,0.87555,1.50,1.50
2011.10.12 23:22:06.285,0.87539,0.87556,2.25,2.25
2011.10.12 23:22:06.540,0.8754,0.87556,1.50,1.50
2011.10.12 23:22:06.906,0.87543,0.87559,1.50,1.50
2011.10.12 23:22:11.922,0.87543,0.8756,2.25,1.50
2011.10.12 23:22:18.042,0.87543,0.87559,2.25,1.50
2011.10.12 23:22:20.730,0.87542,0.87558,1.50,1.50
2011.10.12 23:22:21.100,0.87541,0.87558,1.50,1.50
2011.10.12 23:22:21.347,0.87538,0.87556,2.63,1.50
2011.10.12 23:22:21.478,0.87536,0.87554,2.25,1.50
2011.10.12 23:22:21.967,0.87534,0.87552,1.50,1.88
2011.10.12 23:22:22.096,0.87534,0.87551,1.50,2.25
2011.10.12 23:22:26.998,0.87534,0.8755,1.50,2.25
2011.10.12 23:22:27.342,0.87534,0.8755,1.50,2.25
2011.10.12 23:22:33.043,0.87533,0.8755,1.50,1.50
2011.10.12 23:22:33.714,0.87533,0.87549,1.50,1.50
2011.10.12 23:22:35.305,0.87533,0.8755,1.50,1.50
2011.10.12 23:22:36.232,0.87533,0.87549,1.50,1.50
2011.10.12 23:22:40.803,0.87532,0.87548,1.50,1.50
2011.10.12 23:22:52.775,0.87529,0.87545,2.25,1.50
2011.10.12 23:22:52.900,0.87528,0.87545,2.25,1.50
2011.10.12 23:22:53.150,0.87525,0.8754,1.50,1.20
2011.10.12 23:22:53.703,0.87522,0.87539,1.50,1.95
2011.10.12 23:22:53.835,0.87522,0.87536,1.50,1.20
2011.10.12 23:22:55.755,0.87518,0.87536,1.50,1.95
2011.10.12 23:22:56.355,0.87521,0.87537,1.50,1.50
2011.10.12 23:22:56.707,0.87521,0.87539,1.50,1.95
2011.10.12 23:22:58.147,0.8752,0.87539,1.50,1.95
2011.10.12 23:22:58.582,0.8752,0.87538,1.50,1.95
2011.10.12 23:22:58.707,0.8752,0.87536,1.50,1.20
2011.10.12 23:23:00.443,0.8752,0.87537,1.50,1.20
2011.10.12 23:23:00.687,0.8752,0.87538,2.25,2.25
2011.10.12 23:23:01.654,0.8752,0.87537,1.50,1.20
2011.10.12 23:23:02.514,0.8752,0.87538,1.50,1.95
2011.10.12 23:23:03.418,0.8752,0.87538,1.50,1.95
2011.10.12 23:23:05.537,0.8752,0.87538,1.50,1.95
2011.10.12 23:23:06.129,0.87518,0.87534,2.25,1.20
2011.10.12 23:23:06.497,0.87519,0.87536,1.13,1.20
2011.10.12 23:23:07.107,0.87519,0.87536,1.88,1.20
2011.10.12 23:23:07.688,0.87521,0.87536,1.50,1.20
2011.10.12 23:23:09.213,0.8752,0.87536,1.50,1.20
2011.10.12 23:23:11.073,0.87521,0.87537,1.50,1.50
2011.10.12 23:23:16.154,0.87521,0.87538,1.50,1.20
2011.10.12 23:23:22.154,0.87518,0.87538,2.63,1.95
2011.10.12 23:23:22.995,0.87519,0.87536,1.50,1.95
2011.10.12 23:23:23.599,0.87518,0.87534,1.50,1.50
2011.10.12 23:23:24.161,0.87518,0.87532,1.50,1.95
2011.10.12 23:23:27.644,0.87518,0.87532,1.50,1.20
2011.10.12 23:23:28.789,0.87517,0.87532,1.50,1.20
2011.10.12 23:23:29.041,0.87518,0.87532,1.50,1.20
2011.10.12 23:23:29.632,0.87517,0.87532,1.50,1.20
2011.10.12 23:23:37.450,0.8752,0.87535,1.50,1.20
2011.10.12 23:23:37.991,0.87526,0.87542,1.50,1.50
2011.10.12 23:23:38.119,0.87526,0.87543,1.50,1.20
2011.10.12 23:23:38.372,0.87529,0.87545,1.50,1.50
2011.10.12 23:23:38.621,0.8753,0.87547,1.50,1.88
2011.10.12 23:23:38.748,0.8753,0.87548,2.25,2.25
2011.10.12 23:23:39.362,0.87532,0.87549,2.25,1.50
2011.10.12 23:23:39.494,0.87532,0.87549,2.25,1.50
2011.10.12 23:23:39.622,0.8753,0.87545,1.50,1.50
2011.10.12 23:23:40.250,0.8753,0.87547,1.50,1.95
2011.10.12 23:23:40.630,0.87532,0.87548,1.50,1.50
2011.10.12 23:23:40.998,0.87533,0.87548,1.50,1.50
2011.10.12 23:23:41.703,0.87532,0.87549,1.50,1.50
2011.10.12 23:23:49.474,0.87531,0.87547,2.25,1.50
2011.10.12 23:23:50.755,0.87532,0.87547,1.50,1.50
2011.10.12 23:23:53.289,0.87531,0.87549,3.00,1.50
2011.10.12 23:23:53.645,0.87532,0.87549,1.50,1.50
2011.10.12 23:23:54.007,0.87536,0.87555,1.13,3.00
2011.10.12 23:23:54.139,0.87538,0.87554,1.50,1.50
2011.10.12 23:23:54.387,0.87536,0.87553,1.50,1.50
2011.10.12 23:23:54.758,0.87533,0.87551,3.00,1.50
2011.10.12 23:23:55.363,0.87534,0.87551,1.50,1.50
2011.10.12 23:23:59.451,0.87534,0.87548,1.50,1.50
2011.10.12 23:23:59.695,0.87531,0.87548,2.25,1.50
2011.10.12 23:23:59.950,0.87531,0.87548,1.50,1.50
2011.10.12 23:24:01.463,0.87539,0.87553,1.13,3.00
2011.10.12 23:24:01.591,0.87539,0.87555,1.88,1.20
2011.10.12 23:24:01.718,0.87543,0.87557,1.50,2.25
2011.10.12 23:24:01.848,0.87543,0.87557,1.50,1.50
2011.10.12 23:24:01.978,0.87551,0.87562,1.13,1.50
2011.10.12 23:24:02.108,0.87551,0.87563,1.13,1.50
2011.10.12 23:24:02.240,0.87548,0.87565,2.28,1.50
2011.10.12 23:24:02.366,0.87548,0.87565,1.50,1.50
2011.10.12 23:24:02.499,0.87547,0.87565,1.50,1.50
2011.10.12 23:24:02.733,0.87547,0.87565,1.50,1.50
2011.10.12 23:24:03.292,0.87547,0.87565,1.50,1.50
2011.10.12 23:24:03.877,0.87547,0.87566,1.50,1.50
2011.10.12 23:24:04.368,0.87548,0.87566,2.25,1.50
2011.10.12 23:24:04.978,0.87547,0.87564,1.50,1.50
2011.10.12 23:24:05.105,0.87546,0.87564,2.25,1.50
2011.10.12 23:24:05.876,0.87546,0.87564,1.50,1.50
2011.10.12 23:24:06.234,0.87544,0.8756,3.75,1.50
2011.10.12 23:24:06.595,0.87543,0.87558,1.50,1.50
2011.10.12 23:24:06.717,0.8754,0.87558,2.25,1.50
2011.10.12 23:24:06.966,0.87538,0.87555,2.25,1.13
2011.10.12 23:24:07.455,0.87535,0.87552,1.50,2.25
2011.10.12 23:24:08.515,0.87539,0.87552,1.50,1.50
2011.10.12 23:24:08.638,0.87542,0.87557,1.50,2.25
2011.10.12 23:24:08.768,0.87543,0.87558,1.13,1.50
2011.10.12 23:24:08.901,0.87546,0.87561,1.50,1.50
2011.10.12 23:24:09.414,0.87546,0.87562,1.50,1.88
2011.10.12 23:24:09.536,0.87545,0.87561,1.50,1.50
2011.10.12 23:24:09.908,0.87543,0.8756,2.25,1.50
2011.10.12 23:24:10.399,0.87541,0.87555,1.50,1.50
2011.10.12 23:24:10.994,0.87539,0.87555,1.50,1.50
2011.10.12 23:24:11.834,0.87539,0.87555,1.50,1.50
2011.10.12 23:24:12.074,0.87539,0.87557,1.50,2.25
2011.10.12 23:24:12.888,0.87538,0.87554,1.50,1.50
2011.10.12 23:24:13.495,0.87539,0.87555,1.50,1.50
2011.10.12 23:24:14.215,0.87539,0.87555,1.50,1.50
2011.10.12 23:24:19.135,0.87539,0.87555,1.50,1.50
2011.10.12 23:24:19.485,0.87545,0.87556,1.50,1.50
2011.10.12 23:24:19.607,0.87546,0.87557,1.50,1.50
2011.10.12 23:24:19.737,0.8755,0.87563,1.50,1.50
2011.10.12 23:24:20.345,0.87554,0.87572,1.88,1.58
2011.10.12 23:24:20.707,0.87554,0.87571,1.88,1.50
2011.10.12 23:24:20.836,0.87554,0.87571,1.88,1.50
2011.10.12 23:24:21.207,0.87554,0.87571,2.25,1.50
2011.10.12 23:24:22.011,0.87553,0.8757,1.50,1.50
2011.10.12 23:24:22.515,0.87554,0.87571,1.50,2.25
2011.10.12 23:24:23.236,0.87554,0.87569,1.50,1.88
2011.10.12 23:24:23.367,0.87551,0.87567,3.00,1.50
2011.10.12 23:24:23.617,0.87551,0.87566,1.50,1.50
2011.10.12 23:24:24.228,0.87551,0.87566,1.50,1.50
2011.10.12 23:24:24.838,0.8755,0.87566,1.50,1.50
2011.10.12 23:24:25.468,0.87547,0.87563,1.50,1.50
2011.10.12 23:24:25.600,0.87545,0.87563,2.25,1.50
2011.10.12 23:24:25.726,0.87545,0.87563,1.50,1.50
2011.10.12 23:24:26.195,0.87545,0.87563,1.50,1.50
2011.10.12 23:24:31.346,0.87544,0.8756,1.50,1.50
2011.10.12 23:24:31.594,0.87542,0.8756,2.63,1.50
2011.10.12 23:24:31.716,0.87547,0.87564,1.50,1.95
2011.10.12 23:24:31.851,0.87547,0.87562,2.25,1.20
2011.10.12 23:24:32.098,0.87552,0.87565,1.88,1.50
2011.10.12 23:24:32.226,0.87554,0.87572,2.25,2.25
2011.10.12 23:24:32.696,0.87554,0.8757,1.50,1.50
2011.10.12 23:24:33.071,0.87553,0.87572,1.50,2.25
2011.10.12 23:24:33.435,0.8755,0.87568,2.25,1.50
2011.10.12 23:24:33.557,0.8755,0.87568,2.25,1.50
2011.10.12 23:24:33.809,0.87553,0.87571,1.50,1.50
2011.10.12 23:24:34.716,0.87553,0.87571,1.50,1.50
2011.10.12 23:24:37.308,0.87555,0.87572,1.13,1.50
2011.10.12 23:24:37.438,0.87554,0.87571,1.50,1.50
2011.10.12 23:24:43.613,0.87553,0.87571,2.63,1.50
2011.10.12 23:24:47.567,0.87553,0.87571,2.63,1.50
2011.10.12 23:24:50.632,0.87553,0.8757,2.25,1.50
2011.10.12 23:24:51.234,0.87554,0.8757,3.00,1.50
2011.10.12 23:24:53.184,0.87556,0.87571,1.13,1.50
2011.10.12 23:24:53.425,0.87555,0.87573,1.50,1.50
2011.10.12 23:24:54.436,0.87555,0.87573,2.25,1.50
2011.10.12 23:24:56.502,0.87554,0.87573,1.50,1.50
2011.10.12 23:24:57.427,0.87555,0.87568,1.50,1.50
2011.10.12 23:24:57.554,0.87551,0.8757,1.53,2.70
2011.10.12 23:24:57.916,0.8755,0.87566,2.28,1.50
2011.10.12 23:24:58.277,0.87551,0.87566,1.15,1.50
2011.10.12 23:24:58.407,0.87551,0.87566,1.15,1.50
2011.10.12 23:24:59.237,0.87551,0.87566,1.88,1.50
2011.10.12 23:25:00.105,0.87552,0.87566,1.50,1.50
2011.10.12 23:25:00.231,0.8755,0.87566,3.00,1.50
2011.10.12 23:25:02.145,0.87552,0.87566,1.13,1.50
2011.10.12 23:25:02.505,0.87556,0.87569,1.88,1.20
2011.10.12 23:25:02.625,0.87556,0.87572,1.88,1.50
2011.10.12 23:25:03.227,0.87556,0.87572,1.13,1.95
2011.10.12 23:25:03.477,0.87554,0.8757,1.53,1.50
2011.10.12 23:25:03.606,0.87554,0.8757,1.50,1.95
2011.10.12 23:25:03.737,0.87552,0.87567,1.50,1.50
2011.10.12 23:25:03.988,0.87549,0.87566,2.25,1.50
2011.10.12 23:25:04.116,0.87549,0.87566,1.50,1.50
2011.10.12 23:25:04.246,0.87547,0.87564,1.50,1.50
2011.10.12 23:25:05.310,0.87545,0.87564,1.50,1.95
2011.10.12 23:25:06.437,0.87546,0.87564,1.50,1.95
2011.10.12 23:25:06.568,0.87548,0.87566,1.50,1.50
2011.10.12 23:25:06.818,0.87548,0.87567,1.88,1.50
2011.10.12 23:25:07.189,0.87553,0.87567,1.13,1.50
2011.10.12 23:25:07.797,0.87553,0.87573,1.88,2.25
2011.10.12 23:25:07.930,0.87555,0.87573,1.50,1.50
2011.10.12 23:25:08.843,0.8756,0.87576,1.50,1.20
2011.10.12 23:25:09.205,0.87561,0.87577,1.13,1.50
2011.10.12 23:25:09.928,0.87568,0.87579,1.13,1.50
2011.10.12 23:25:10.059,0.8757,0.87584,1.13,2.25
2011.10.12 23:25:10.192,0.87567,0.87584,1.15,1.50
2011.10.12 23:25:10.796,0.87568,0.87585,1.50,1.50
2011.10.12 23:25:11.597,0.87565,0.87581,1.50,1.50
2011.10.12 23:25:11.849,0.87561,0.8758,1.50,1.50
2011.10.12 23:25:12.693,0.87559,0.87578,1.88,1.20
2011.10.12 23:25:12.823,0.87559,0.87578,1.13,1.20
2011.10.12 23:25:12.951,0.87558,0.87572,1.50,1.50
2011.10.12 23:25:13.082,0.87554,0.87572,1.15,1.50
2011.10.12 23:25:13.210,0.87554,0.8757,1.50,1.20
2011.10.12 23:25:13.343,0.87553,0.87571,1.13,1.95
2011.10.12 23:25:16.394,0.87553,0.87569,1.88,1.20
2011.10.12 23:25:16.853,0.87553,0.87569,1.13,1.20
2011.10.12 23:25:17.432,0.87553,0.87569,1.88,1.20
2011.10.12 23:25:18.334,0.87553,0.87569,1.88,1.20
2011.10.12 23:25:21.015,0.87554,0.87569,1.50,1.20
2011.10.12 23:25:21.692,0.87553,0.87571,1.13,1.95
2011.10.12 23:25:29.589,0.87554,0.87571,1.50,1.95
2011.10.12 23:25:30.188,0.87553,0.87572,1.88,1.95
2011.10.12 23:25:30.443,0.87555,0.87573,1.50,1.50
2011.10.12 23:25:30.928,0.87556,0.87573,1.50,1.50
2011.10.12 23:25:32.369,0.87556,0.87572,1.50,1.50
2011.10.12 23:25:32.961,0.87556,0.87572,2.25,1.50
2011.10.12 23:25:33.438,0.87553,0.87571,1.88,2.25
2011.10.12 23:25:33.808,0.87553,0.87571,1.13,2.25
2011.10.12 23:25:34.180,0.87554,0.87574,1.88,1.50
2011.10.12 23:25:34.534,0.87555,0.87574,2.25,1.50
2011.10.12 23:25:34.767,0.87556,0.87574,1.50,1.50
2011.10.12 23:25:36.693,0.87555,0.87574,2.25,1.50
2011.10.12 23:25:40.156,0.87555,0.87573,1.50,1.50
2011.10.12 23:25:40.724,0.87554,0.87573,1.50,1.50
2011.10.12 23:25:41.547,0.87555,0.87573,1.50,1.50
2011.10.12 23:25:42.072,0.87555,0.87573,2.25,1.50
2011.10.12 23:25:42.905,0.87555,0.87573,2.25,1.50
2011.10.12 23:25:43.984,0.87555,0.87573,1.50,1.50
2011.10.12 23:25:44.465,0.87554,0.8757,2.25,1.50
2011.10.12 23:25:45.827,0.87554,0.87572,2.25,1.88
2011.10.12 23:25:46.403,0.87555,0.87572,1.50,1.50
2011.10.12 23:25:46.964,0.87555,0.87571,1.50,1.50
2011.10.12 23:25:47.975,0.87554,0.87571,2.25,1.50
2011.10.12 23:25:48.566,0.87555,0.87571,1.50,1.50
2011.10.12 23:25:49.586,0.87555,0.87571,1.50,1.50
2011.10.12 23:25:50.775,0.87555,0.87571,1.50,1.50
2011.10.12 23:25:51.113,0.87555,0.87571,1.50,1.50
2011.10.12 23:25:51.605,0.87555,0.87571,1.50,1.50
2011.10.12 23:25:52.204,0.87555,0.87571,1.50,1.50
2011.10.12 23:25:52.782,0.87553,0.87571,2.63,1.50
2011.10.12 23:25:54.187,0.87555,0.87571,1.50,1.50
2011.10.12 23:25:57.669,0.87552,0.87569,1.50,1.50
2011.10.12 23:25:58.136,0.8755,0.87569,1.50,1.50
2011.10.12 23:26:01.495,0.87551,0.8757,1.50,1.50
2011.10.12 23:26:02.064,0.87552,0.8757,1.50,1.50
2011.10.12 23:26:03.310,0.87552,0.8757,1.50,1.50
2011.10.12 23:26:03.667,0.87551,0.87565,1.50,1.50
2011.10.12 23:26:04.036,0.8755,0.87565,1.50,1.50
2011.10.12 23:26:04.634,0.8755,0.87561,1.50,1.50
2011.10.12 23:26:04.985,0.87547,0.87561,2.25,1.50
2011.10.12 23:26:05.104,0.87547,0.8756,1.50,1.50
2011.10.12 23:26:05.684,0.87545,0.87559,1.50,1.50
2011.10.12 23:26:06.925,0.87545,0.87558,2.25,1.50
2011.10.12 23:26:10.294,0.87545,0.87558,2.25,1.50
2011.10.12 23:26:10.965,0.87545,0.87559,2.25,1.50
2011.10.12 23:26:11.567,0.87545,0.87558,2.25,1.50
2011.10.12 23:26:12.317,0.87545,0.87558,2.25,1.50
2011.10.12 23:26:14.715,0.87546,0.87558,1.50,1.50
2011.10.12 23:26:27.825,0.87547,0.87559,1.50,1.50
2011.10.12 23:26:28.404,0.87547,0.87559,1.50,1.50
2011.10.12 23:26:30.823,0.87547,0.87559,1.50,1.50
2011.10.12 23:26:31.355,0.87547,0.87559,1.50,1.50
2011.10.12 23:26:33.344,0.87548,0.87559,1.50,1.50
2011.10.12 23:26:36.456,0.87553,0.87565,1.88,1.54
2011.10.12 23:26:36.587,0.87556,0.87569,1.50,1.50
2011.10.12 23:26:36.719,0.87556,0.87567,2.25,1.50
2011.10.12 23:26:36.968,0.87557,0.87573,3.38,1.50
2011.10.12 23:26:37.456,0.87558,0.8757,1.50,2.25
2011.10.12 23:26:37.588,0.87554,0.87568,1.50,1.50
2011.10.12 23:26:37.956,0.8755,0.87564,1.88,1.50
2011.10.12 23:26:38.914,0.87549,0.87563,1.50,1.50
2011.10.12 23:26:40.075,0.87549,0.87563,1.50,1.50
2011.10.12 23:26:40.894,0.87549,0.87563,1.50,1.50
2011.10.12 23:26:41.619,0.87549,0.87564,2.25,1.50
2011.10.12 23:26:41.750,0.87549,0.87564,2.25,1.50
2011.10.12 23:26:42.356,0.8755,0.87564,2.25,1.50
2011.10.12 23:26:42.838,0.87549,0.87563,1.50,1.50
2011.10.12 23:26:44.435,0.87549,0.87564,1.50,1.50
2011.10.12 23:26:45.283,0.87549,0.87564,1.50,1.50
2011.10.12 23:26:46.536,0.87549,0.87564,1.50,1.50
2011.10.12 23:26:47.117,0.87549,0.87564,1.50,1.50
2011.10.12 23:26:48.165,0.87548,0.8756,1.50,1.50
2011.10.12 23:26:48.287,0.87546,0.8756,1.50,1.50
2011.10.12 23:26:48.655,0.87548,0.8756,1.50,1.50
2011.10.12 23:26:50.493,0.87548,0.87562,3.00,2.25
2011.10.12 23:26:50.740,0.87551,0.87564,1.50,1.50
2011.10.12 23:27:04.718,0.87556,0.87569,1.50,1.50
2011.10.12 23:27:05.092,0.87551,0.87566,1.88,1.50
2011.10.12 23:27:05.219,0.87551,0.87566,1.50,1.50
2011.10.12 23:27:06.684,0.87551,0.87564,1.50,1.50
2011.10.12 23:27:08.655,0.87551,0.87564,1.50,1.50
2011.10.12 23:27:08.898,0.87557,0.87569,1.50,1.50
2011.10.12 23:27:09.256,0.87558,0.87571,1.50,1.50
2011.10.12 23:27:09.384,0.87558,0.87571,1.50,1.50
2011.10.12 23:27:09.624,0.87557,0.87573,1.50,1.50
2011.10.12 23:27:13.436,0.87555,0.87568,3.00,1.13
2011.10.12 23:27:13.565,0.87552,0.87566,2.28,1.50
2011.10.12 23:27:13.810,0.87549,0.87565,2.25,1.50
2011.10.12 23:27:14.756,0.87553,0.87566,1.50,1.50
2011.10.12 23:27:17.337,0.87551,0.87565,2.25,1.50
2011.10.12 23:27:18.347,0.87551,0.87565,2.25,1.50
2011.10.12 23:27:23.446,0.87552,0.87569,1.13,1.50
2011.10.12 23:27:23.797,0.87555,0.87571,1.88,1.50
2011.10.12 23:27:23.927,0.87556,0.87573,2.25,1.50
2011.10.12 23:27:24.059,0.87558,0.87573,1.50,1.50
2011.10.12 23:27:25.201,0.87557,0.87573,2.25,1.50
2011.10.12 23:27:25.807,0.87558,0.87573,1.50,1.50
2011.10.12 23:27:26.404,0.87557,0.87573,2.25,1.50
2011.10.12 23:27:32.968,0.87558,0.87574,2.25,1.50
2011.10.12 23:27:33.674,0.87558,0.87574,3.00,1.50
2011.10.12 23:27:36.286,0.87556,0.8757,1.50,1.50
2011.10.12 23:27:36.667,0.87551,0.87569,1.88,1.95
2011.10.12 23:27:36.798,0.8755,0.87568,1.50,1.50
2011.10.12 23:27:36.926,0.87548,0.87564,1.50,2.25
2011.10.12 23:27:37.058,0.87546,0.87563,1.50,1.50
2011.10.12 23:27:38.344,0.87546,0.87563,1.50,1.50
2011.10.12 23:27:39.033,0.87546,0.87563,1.50,1.50
2011.10.12 23:27:41.313,0.87546,0.87564,1.50,2.25
2011.10.12 23:27:41.853,0.87546,0.87563,1.50,1.50
2011.10.12 23:27:42.449,0.87546,0.87564,1.50,2.25
2011.10.12 23:27:43.774,0.87546,0.87563,1.50,1.50
2011.10.12 23:27:44.905,0.87544,0.87562,3.00,1.50
2011.10.12 23:27:49.081,0.87547,0.87563,1.88,1.50
2011.10.12 23:27:49.329,0.87548,0.87564,1.50,1.50
2011.10.12 23:27:50.320,0.8755,0.87565,1.13,1.50
2011.10.12 23:27:50.462,0.87552,0.87568,2.25,1.50
2011.10.12 23:27:51.078,0.87551,0.87567,2.25,2.25
2011.10.12 23:27:51.684,0.87548,0.87564,2.25,1.50
2011.10.12 23:27:51.811,0.87548,0.87564,2.25,1.50
2011.10.12 23:27:51.938,0.87548,0.87564,2.25,1.50
2011.10.12 23:27:52.306,0.87548,0.87564,2.25,1.50
2011.10.12 23:27:53.896,0.87545,0.87563,1.50,1.95
2011.10.12 23:27:55.101,0.87549,0.87563,1.50,1.20
2011.10.12 23:27:55.227,0.8755,0.87566,1.50,2.25
2011.10.12 23:27:55.600,0.8755,0.87567,1.50,2.25
2011.10.12 23:27:56.967,0.87558,0.87568,1.50,1.50
2011.10.12 23:27:57.338,0.87563,0.87577,2.25,1.50
2011.10.12 23:27:57.471,0.87567,0.87582,1.50,1.50
2011.10.12 23:27:57.718,0.87565,0.87583,1.50,2.25
2011.10.12 23:27:58.330,0.87565,0.87582,1.50,1.95
2011.10.12 23:27:59.600,0.87567,0.87582,1.50,1.95
2011.10.12 23:27:59.966,0.87567,0.87582,1.50,1.88
2011.10.12 23:28:00.087,0.87567,0.87582,1.50,1.88
2011.10.12 23:28:00.336,0.87565,0.87582,1.50,1.50
2011.10.12 23:28:00.945,0.87565,0.87582,1.50,1.50
2011.10.12 23:28:02.016,0.87563,0.87579,2.25,1.50
2011.10.12 23:28:02.376,0.87562,0.87581,1.50,1.50
2011.10.12 23:28:02.745,0.87563,0.87581,2.25,2.25
2011.10.12 23:28:02.975,0.87563,0.87581,2.25,1.50
2011.10.12 23:28:03.627,0.87563,0.87581,2.25,2.25
2011.10.12 23:28:03.764,0.87563,0.87581,2.25,2.25
2011.10.12 23:28:06.853,0.87563,0.87581,2.25,1.50
2011.10.12 23:28:09.090,0.87564,0.87581,1.50,1.50
2011.10.12 23:28:10.346,0.87564,0.87581,1.50,1.50
2011.10.12 23:28:13.552,0.87559,0.87576,1.53,1.50
2011.10.12 23:28:13.927,0.87558,0.87574,2.25,1.50
2011.10.12 23:28:14.537,0.87558,0.87574,2.25,1.50
2011.10.12 23:28:15.124,0.87558,0.87572,1.50,1.50
2011.10.12 23:28:15.367,0.87554,0.8757,3.00,1.50
2011.10.12 23:28:15.498,0.87555,0.87571,1.88,1.50
2011.10.12 23:28:16.470,0.87557,0.87572,1.50,1.50
2011.10.12 23:28:16.834,0.87558,0.87572,1.13,1.50
2011.10.12 23:28:17.434,0.8756,0.87575,1.50,1.50
2011.10.12 23:28:19.425,0.8756,0.87577,1.50,1.50
2011.10.12 23:28:19.665,0.87565,0.8758,1.50,1.50
2011.10.12 23:28:20.144,0.87562,0.8758,2.25,1.50
2011.10.12 23:28:20.727,0.87562,0.8758,2.25,1.50
2011.10.12 23:28:21.095,0.87563,0.8758,1.50,1.50
2011.10.12 23:28:21.217,0.87566,0.87581,2.25,1.50
2011.10.12 23:28:21.744,0.87566,0.87581,2.25,1.50
2011.10.12 23:28:28.826,0.87566,0.87581,1.50,1.50
2011.10.12 23:28:28.961,0.87562,0.8758,2.25,1.50
2011.10.12 23:28:29.088,0.87561,0.87578,1.50,1.50
2011.10.12 23:28:29.457,0.87559,0.87577,1.13,1.50
2011.10.12 23:28:30.086,0.87561,0.87577,1.50,1.50
2011.10.12 23:28:30.699,0.87561,0.87579,1.13,1.50
2011.10.12 23:28:30.828,0.87562,0.87579,2.25,1.50
2011.10.12 23:28:32.795,0.87563,0.87579,1.50,1.50
2011.10.12 23:28:33.161,0.87571,0.87583,1.50,1.50
2011.10.12 23:28:33.294,0.87573,0.8759,1.88,1.50
2011.10.12 23:28:33.540,0.87574,0.87591,1.50,1.50
2011.10.12 23:28:34.126,0.87573,0.87591,1.88,1.50
2011.10.12 23:28:35.749,0.87574,0.8759,1.50,1.50
2011.10.12 23:28:37.355,0.87574,0.8759,1.50,1.50
2011.10.12 23:28:37.709,0.87575,0.87589,1.50,1.50
2011.10.12 23:28:40.414,0.87577,0.87592,1.50,1.50
2011.10.12 23:28:40.657,0.87577,0.87592,1.50,1.50
2011.10.12 23:28:42.477,0.87577,0.87592,1.50,1.50
2011.10.12 23:28:54.084,0.87576,0.87592,2.25,1.50
2011.10.12 23:28:54.687,0.87578,0.87591,1.50,1.50
2011.10.12 23:28:55.255,0.87579,0.87591,1.13,1.50
2011.10.12 23:28:55.756,0.87579,0.87593,1.13,1.50
2011.10.12 23:28:59.696,0.87577,0.87591,1.53,2.25
2011.10.12 23:29:00.186,0.87575,0.87591,1.50,2.25
2011.10.12 23:29:00.309,0.87575,0.87591,1.50,2.25
2011.10.12 23:29:00.679,0.87575,0.87585,1.50,1.50
2011.10.12 23:29:01.196,0.87575,0.87585,1.50,1.50
2011.10.12 23:29:01.777,0.87574,0.87585,1.90,1.50
2011.10.12 23:29:01.906,0.87574,0.87591,1.90,1.50
2011.10.12 23:29:02.161,0.87575,0.87588,1.50,1.50
2011.10.12 23:29:02.765,0.87575,0.87585,1.50,1.50
2011.10.12 23:29:03.391,0.87575,0.87586,1.50,1.50
2011.10.12 23:29:03.893,0.87575,0.87585,1.50,1.50
2011.10.12 23:29:04.483,0.87575,0.87586,1.50,1.50
2011.10.12 23:29:04.977,0.87575,0.87586,1.88,1.50
2011.10.12 23:29:05.227,0.87576,0.87589,1.50,1.50
2011.10.12 23:29:05.480,0.87573,0.87589,1.50,1.50
2011.10.12 23:29:05.611,0.87572,0.87588,2.25,1.50
2011.10.12 23:29:06.029,0.8757,0.87586,1.50,1.50
2011.10.12 23:29:06.172,0.8757,0.87584,1.50,2.25
2011.10.12 23:29:06.779,0.87568,0.87584,2.25,1.50
2011.10.12 23:29:09.599,0.87566,0.87582,1.50,2.25
2011.10.12 23:29:09.844,0.87564,0.87581,1.50,1.50
2011.10.12 23:29:09.965,0.87563,0.87581,1.50,1.50
2011.10.12 23:29:10.903,0.87563,0.87581,2.25,1.50
2011.10.12 23:29:11.386,0.87563,0.87581,2.25,2.63
2011.10.12 23:29:12.305,0.87563,0.87581,2.25,4.13
2011.10.12 23:29:12.887,0.87563,0.87579,1.50,1.50
2011.10.12 23:29:14.386,0.87562,0.87579,1.50,3.38
2011.10.12 23:29:14.734,0.87561,0.87578,1.50,2.63
2011.10.12 23:29:14.853,0.87562,0.87579,1.50,1.50
2011.10.12 23:29:15.535,0.87561,0.87579,1.50,1.50
2011.10.12 23:29:16.650,0.87565,0.87579,1.50,1.50
2011.10.12 23:29:16.899,0.87564,0.8758,1.50,1.50
2011.10.12 23:29:17.489,0.87565,0.87581,1.50,1.50
2011.10.12 23:29:17.977,0.87564,0.87581,1.50,1.50
2011.10.12 23:29:18.695,0.87564,0.87581,2.25,1.50
2011.10.12 23:29:19.166,0.87564,0.87581,1.50,1.50
2011.10.12 23:29:20.266,0.87564,0.87581,1.50,1.50
2011.10.12 23:29:20.724,0.87564,0.87581,1.50,1.50
2011.10.12 23:29:23.334,0.87564,0.87581,3.00,1.50
2011.10.12 23:29:26.056,0.87564,0.87581,3.38,1.50
2011.10.12 23:29:28.054,0.87564,0.87581,3.00,1.50
2011.10.12 23:29:32.033,0.87565,0.87581,1.50,1.50
2011.10.12 23:29:32.955,0.87563,0.87581,3.00,1.50
2011.10.12 23:29:34.784,0.87563,0.87579,1.50,1.50
2011.10.12 23:29:36.254,0.87563,0.8758,1.50,1.50
2011.10.12 23:29:37.377,0.87562,0.8758,2.25,1.50
2011.10.12 23:29:37.510,0.87566,0.8758,1.13,1.50
2011.10.12 23:29:37.640,0.87568,0.87583,1.50,1.95
2011.10.12 23:29:38.006,0.87572,0.87586,1.50,1.05
2011.10.12 23:29:38.377,0.87572,0.87588,1.50,1.50
2011.10.12 23:29:38.508,0.87574,0.87588,1.88,1.50
2011.10.12 23:29:38.876,0.87578,0.87592,1.50,1.50
2011.10.12 23:29:39.008,0.87575,0.87591,1.53,2.25
2011.10.12 23:29:39.138,0.87574,0.87591,1.50,2.25
2011.10.12 23:29:39.270,0.87574,0.8759,2.63,1.50
2011.10.12 23:29:39.871,0.87574,0.8759,2.63,1.50
2011.10.12 23:29:41.651,0.87573,0.87588,1.50,1.50
2011.10.12 23:29:41.898,0.8757,0.87585,1.50,1.50
2011.10.12 23:29:42.271,0.8757,0.87587,2.25,2.25
2011.10.12 23:29:42.875,0.87571,0.87587,1.50,1.50
2011.10.12 23:29:43.105,0.87571,0.87588,2.25,1.50
2011.10.12 23:29:43.467,0.87571,0.87589,2.25,1.50
2011.10.12 23:29:44.391,0.87571,0.87589,2.25,1.50
2011.10.12 23:29:44.881,0.87571,0.8759,1.88,1.50
2011.10.12 23:29:45.132,0.87573,0.87591,2.25,2.25
2011.10.12 23:29:45.376,0.87573,0.87591,1.50,2.25
2011.10.12 23:29:45.616,0.87573,0.87589,2.25,1.50
2011.10.12 23:29:46.195,0.87574,0.8759,1.50,1.50
2011.10.12 23:29:46.784,0.87573,0.8759,2.25,1.50
2011.10.12 23:29:47.635,0.87573,0.8759,2.25,1.50
2011.10.12 23:29:48.502,0.87573,0.8759,1.50,1.50
2011.10.12 23:29:51.392,0.87573,0.8759,2.25,1.50
2011.10.12 23:29:52.763,0.87574,0.8759,1.50,1.50
2011.10.12 23:29:53.930,0.87572,0.87589,2.25,1.50
2011.10.12 23:29:54.176,0.8757,0.87588,1.50,1.50
2011.10.12 23:29:54.549,0.8757,0.87587,1.13,1.20
2011.10.12 23:29:54.679,0.87571,0.87587,1.50,1.20
2011.10.12 23:29:55.217,0.87572,0.8759,1.13,2.25
2011.10.12 23:29:55.468,0.87571,0.87587,1.50,1.88
2011.10.12 23:29:55.599,0.8757,0.87584,1.50,1.50
2011.10.12 23:29:56.207,0.87569,0.87583,1.50,1.50
2011.10.12 23:29:56.579,0.87567,0.87583,1.50,2.25
2011.10.12 23:29:57.859,0.87565,0.87582,2.63,1.50
2011.10.12 23:30:01.262,0.87567,0.87583,1.50,2.25
2011.10.12 23:30:02.470,0.87567,0.87582,1.50,1.50
2011.10.12 23:30:04.204,0.87566,0.87582,1.50,2.25
2011.10.12 23:30:07.653,0.87565,0.87582,2.63,1.50
2011.10.12 23:30:08.020,0.87564,0.8758,1.50,1.50
2011.10.12 23:30:15.938,0.87565,0.87582,2.63,1.50
2011.10.12 23:30:16.067,0.87565,0.87582,2.63,1.50
2011.10.12 23:30:16.679,0.87566,0.87582,2.63,1.50
2011.10.12 23:30:16.927,0.87568,0.87582,1.50,1.50
2011.10.12 23:30:17.768,0.87566,0.87582,1.13,1.50
2011.10.12 23:30:25.356,0.87567,0.87582,1.13,1.50
2011.10.12 23:30:25.967,0.87568,0.87584,2.25,1.50
2011.10.12 23:30:26.335,0.8757,0.87586,1.50,1.50
2011.10.12 23:30:26.577,0.8757,0.87586,1.50,1.50
2011.10.12 23:30:26.826,0.87571,0.87586,1.13,1.50
2011.10.12 23:30:27.317,0.87572,0.87588,1.50,1.50
2011.10.12 23:30:28.237,0.87573,0.8759,1.13,1.50
2011.10.12 23:30:28.497,0.87575,0.87591,2.63,1.50
2011.10.12 23:30:28.753,0.87581,0.87595,1.50,2.25
2011.10.12 23:30:29.007,0.87581,0.87597,1.50,2.25
2011.10.12 23:30:29.146,0.87582,0.87595,1.50,1.50
2011.10.12 23:30:29.267,0.8758,0.87596,1.50,1.50
2011.10.12 23:30:29.757,0.87578,0.87593,1.50,1.50
2011.10.12 23:30:30.247,0.87578,0.87592,1.50,1.50
2011.10.12 23:30:30.970,0.87574,0.8759,2.25,2.25
2011.10.12 23:30:31.579,0.87575,0.8759,1.50,1.50
2011.10.12 23:30:35.344,0.87582,0.87597,1.50,1.50
2011.10.12 23:30:35.825,0.87583,0.87597,1.50,1.50
2011.10.12 23:30:37.005,0.87583,0.87598,2.25,1.50
2011.10.12 23:30:37.370,0.87584,0.87598,1.50,1.50
2011.10.12 23:30:37.506,0.87584,0.876,1.50,1.80
2011.10.12 23:30:37.750,0.87583,0.876,1.50,1.09
2011.10.12 23:30:37.997,0.87583,0.876,2.25,1.80
2011.10.12 23:30:38.365,0.87583,0.87599,2.25,1.05
2011.10.12 23:30:38.965,0.87583,0.87601,2.25,2.55
2011.10.12 23:30:41.211,0.8758,0.87597,1.50,2.25
2011.10.12 23:30:41.460,0.87579,0.87597,2.25,2.25
2011.10.12 23:30:42.069,0.8758,0.87594,1.50,1.50
2011.10.12 23:30:42.438,0.87576,0.87592,1.50,1.88
2011.10.12 23:30:43.043,0.87575,0.87591,1.50,1.50
2011.10.12 23:30:43.770,0.87575,0.8759,1.50,1.50
2011.10.12 23:30:45.479,0.87575,0.87591,1.50,1.50
2011.10.12 23:30:46.129,0.87575,0.87591,2.25,1.50
2011.10.12 23:30:46.485,0.87577,0.87593,2.25,1.88
2011.10.12 23:30:46.605,0.87578,0.87594,1.50,2.25
2011.10.12 23:30:47.143,0.8758,0.87594,1.50,2.25
2011.10.12 23:30:47.389,0.87583,0.87596,1.50,1.50
2011.10.12 23:30:47.987,0.87583,0.87597,1.50,2.25
2011.10.12 23:30:48.595,0.87583,0.87597,1.50,2.25
2011.10.12 23:30:49.197,0.87584,0.876,2.25,1.50
2011.10.12 23:30:49.448,0.87586,0.87602,2.25,1.50
2011.10.12 23:30:49.699,0.87585,0.87599,2.25,1.50
2011.10.12 23:30:49.828,0.87585,0.87599,2.25,1.50
2011.10.12 23:30:50.416,0.87585,0.87599,1.50,1.50
2011.10.12 23:30:51.005,0.87585,0.87601,1.50,2.25
2011.10.12 23:30:51.706,0.87584,0.87599,1.50,1.50
2011.10.12 23:30:56.613,0.87585,0.87601,1.50,2.25
2011.10.12 23:30:57.556,0.87584,0.87599,1.50,1.50
2011.10.12 23:30:58.251,0.8758,0.87594,1.50,1.50
2011.10.12 23:30:58.621,0.8758,0.87595,1.50,1.50
2011.10.12 23:30:58.869,0.87578,0.87595,1.50,1.50
2011.10.12 23:30:59.467,0.87576,0.87594,1.50,1.50
2011.10.12 23:30:59.836,0.87575,0.87591,1.50,2.25
2011.10.12 23:31:01.115,0.87574,0.87591,1.50,1.50
2011.10.12 23:31:01.234,0.87574,0.87591,1.50,1.50
2011.10.12 23:31:02.461,0.87573,0.8759,1.50,1.50
2011.10.12 23:31:03.064,0.87573,0.8759,1.50,1.50
2011.10.12 23:31:04.126,0.87573,0.8759,1.50,1.50
2011.10.12 23:31:05.784,0.87574,0.8759,1.50,1.50
2011.10.12 23:31:07.344,0.87574,0.8759,1.50,1.50
2011.10.12 23:31:08.016,0.87574,0.8759,1.50,1.50
2011.10.12 23:31:08.244,0.87574,0.8759,1.50,1.50
2011.10.12 23:31:08.755,0.87574,0.87588,1.50,1.50
2011.10.12 23:31:09.220,0.87574,0.87589,1.50,1.50
2011.10.12 23:31:11.087,0.87574,0.87591,1.50,3.00
2011.10.12 23:31:11.433,0.87574,0.87591,1.50,3.00
2011.10.12 23:31:11.993,0.87575,0.87589,1.50,1.50
2011.10.12 23:31:13.028,0.87575,0.87591,1.50,2.25
2011.10.12 23:31:13.634,0.87576,0.87591,1.50,1.50
2011.10.12 23:31:14.177,0.87576,0.87591,1.50,1.50
2011.10.12 23:31:14.789,0.87576,0.8759,1.50,2.25
2011.10.12 23:31:15.519,0.87575,0.8759,2.25,2.25
2011.10.12 23:31:15.773,0.87575,0.8759,1.50,2.25
2011.10.12 23:31:16.704,0.87575,0.8759,1.50,2.25
2011.10.12 23:31:17.283,0.87575,0.8759,2.25,1.50
2011.10.12 23:31:17.975,0.87575,0.8759,2.25,1.50
2011.10.12 23:31:20.166,0.87576,0.87591,1.50,1.50
2011.10.12 23:31:20.524,0.87578,0.87592,2.25,2.25
2011.10.12 23:31:21.271,0.87579,0.87593,1.50,1.50
2011.10.12 23:31:21.874,0.8758,0.87593,1.50,1.50
2011.10.12 23:31:23.246,0.87577,0.87591,1.50,1.50
2011.10.12 23:31:23.888,0.87576,0.87589,2.25,1.50
2011.10.12 23:31:25.586,0.87576,0.8759,3.00,1.50
2011.10.12 23:31:26.186,0.87576,0.8759,1.50,1.50
2011.10.12 23:31:27.038,0.87576,0.8759,1.50,1.50
2011.10.12 23:31:27.987,0.87575,0.87588,1.50,1.50
2011.10.12 23:31:28.118,0.87574,0.87586,1.50,1.50
2011.10.12 23:31:28.488,0.8757,0.87586,2.25,2.25
2011.10.12 23:31:28.618,0.8757,0.87585,1.50,1.50
2011.10.12 23:31:33.675,0.87568,0.87583,1.50,1.50
2011.10.12 23:31:34.254,0.87568,0.87583,1.50,2.25
2011.10.12 23:31:34.845,0.87568,0.87582,1.50,2.25
2011.10.12 23:31:36.138,0.87568,0.87581,2.25,1.50
2011.10.12 23:31:37.340,0.87568,0.87582,1.50,2.25
2011.10.12 23:31:38.288,0.87568,0.87579,1.50,1.50
2011.10.12 23:31:39.112,0.87568,0.87581,1.50,1.50
2011.10.12 23:31:43.712,0.87569,0.87583,1.50,2.25
2011.10.12 23:31:43.957,0.8757,0.87583,1.88,2.25
2011.10.12 23:31:44.329,0.8757,0.87583,2.63,1.50
2011.10.12 23:31:46.037,0.8757,0.87583,1.50,1.50
2011.10.12 23:31:46.648,0.87569,0.87583,2.25,1.50
2011.10.12 23:31:46.785,0.87567,0.87581,1.50,1.50
2011.10.12 23:31:47.145,0.87565,0.87578,1.50,1.50
2011.10.12 23:31:47.734,0.87565,0.87578,1.50,1.50
2011.10.12 23:31:49.866,0.87565,0.87579,1.50,2.25
2011.10.12 23:31:50.652,0.87565,0.87578,1.50,1.50
2011.10.12 23:31:56.438,0.87565,0.87579,1.50,2.25
2011.10.12 23:31:57.036,0.87565,0.87578,1.50,1.50
2011.10.12 23:31:57.610,0.87565,0.87579,1.50,1.50
2011.10.12 23:31:57.857,0.87565,0.87579,1.50,1.50
2011.10.12 23:31:59.756,0.87564,0.87579,2.25,1.50
2011.10.12 23:32:00.288,0.87564,0.87578,1.50,1.50
2011.10.12 23:32:01.525,0.87564,0.87578,1.50,1.50
2011.10.12 23:32:02.096,0.87566,0.87579,1.50,1.50
2011.10.12 23:32:02.215,0.87566,0.87581,1.50,2.25
2011.10.12 23:32:02.807,0.87568,0.87582,1.50,1.50
2011.10.12 23:32:03.177,0.8757,0.87583,1.50,1.50
2011.10.12 23:32:03.754,0.87569,0.87583,3.00,1.50
2011.10.12 23:32:04.716,0.87572,0.87583,1.13,1.50
2011.10.12 23:32:05.075,0.87571,0.87583,2.25,1.50
2011.10.12 23:32:05.438,0.87568,0.87583,1.13,3.30
2011.10.12 23:32:05.808,0.87567,0.87582,2.28,1.05
2011.10.12 23:32:06.070,0.87564,0.8758,3.75,2.25
2011.10.12 23:32:06.675,0.87564,0.8758,3.00,2.25
2011.10.12 23:32:07.264,0.87564,0.8758,3.00,2.25
2011.10.12 23:32:07.956,0.87564,0.87579,1.50,1.50
2011.10.12 23:32:08.076,0.87563,0.87579,1.50,1.50
2011.10.12 23:32:08.327,0.87563,0.87577,1.50,1.50
2011.10.12 23:32:08.928,0.87563,0.87577,1.50,1.50
2011.10.12 23:32:09.296,0.87564,0.87579,1.50,2.25
2011.10.12 23:32:12.065,0.87564,0.87579,1.50,2.25
2011.10.12 23:32:15.153,0.87564,0.87578,1.50,1.50
2011.10.12 23:32:16.703,0.87564,0.87578,1.88,1.50
2011.10.12 23:32:18.584,0.87564,0.87578,2.63,1.50
2011.10.12 23:32:24.023,0.87564,0.87578,2.63,1.50
2011.10.12 23:32:30.474,0.87564,0.87577,1.88,1.50
2011.10.12 23:32:34.003,0.87564,0.87579,1.50,2.25
2011.10.12 23:32:37.288,0.87564,0.87579,1.50,2.25
2011.10.12 23:32:47.697,0.87564,0.87579,1.50,2.25
2011.10.12 23:32:50.764,0.87564,0.87579,1.50,2.25
2011.10.12 23:32:53.823,0.87564,0.87578,1.50,1.50
2011.10.12 23:32:54.422,0.87563,0.87577,1.50,1.50
2011.10.12 23:32:56.185,0.8756,0.87576,2.63,1.50
2011.10.12 23:33:00.923,0.8756,0.87576,2.63,1.50
2011.10.12 23:33:01.329,0.87566,0.87579,2.25,1.50
2011.10.12 23:33:01.461,0.87572,0.87579,1.50,1.50
2011.10.12 23:33:01.709,0.87571,0.87586,1.50,2.25
2011.10.12 23:33:03.016,0.87572,0.87589,1.50,1.50
2011.10.12 23:33:03.728,0.87572,0.87589,2.25,1.50
2011.10.12 23:33:04.381,0.87573,0.87589,1.50,1.50
2011.10.12 23:33:04.735,0.87572,0.87588,2.25,1.50
2011.10.12 23:33:04.974,0.87572,0.8759,2.25,2.25
2011.10.12 23:33:05.567,0.87573,0.8759,1.88,1.50
2011.10.12 23:33:05.816,0.87575,0.8759,1.50,1.50
2011.10.12 23:33:07.714,0.87573,0.87591,2.63,1.50
2011.10.12 23:33:08.320,0.87574,0.87589,1.13,1.50
2011.10.12 23:33:08.447,0.87574,0.8759,1.13,1.50
2011.10.12 23:33:15.627,0.87573,0.87591,3.03,1.50
2011.10.12 23:33:16.905,0.87573,0.87591,2.25,3.00
2011.10.12 23:33:19.447,0.87574,0.87591,1.50,2.25
2011.10.12 23:33:20.045,0.87573,0.8759,3.00,1.50
2011.10.12 23:33:21.326,0.87573,0.87588,1.50,1.50
2011.10.12 23:33:21.699,0.87568,0.87586,2.25,1.50
2011.10.12 23:33:21.952,0.87568,0.87585,1.50,1.50
2011.10.12 23:33:22.321,0.87569,0.87588,1.88,1.20
2011.10.12 23:33:22.446,0.8757,0.87588,1.50,1.20
2011.10.12 23:33:24.046,0.87569,0.87588,1.88,1.95
2011.10.12 23:33:24.288,0.87568,0.87586,2.25,1.95
2011.10.12 23:33:24.835,0.87568,0.87584,2.25,1.20
2011.10.12 23:33:26.656,0.87567,0.87583,1.50,1.50
2011.10.12 23:33:28.395,0.87564,0.87581,2.25,1.13
2011.10.12 23:33:28.518,0.87563,0.87579,3.00,1.50
2011.10.12 23:33:28.890,0.87561,0.87577,2.25,1.50
2011.10.12 23:33:29.138,0.87561,0.87577,1.50,2.70
2011.10.12 23:33:29.746,0.87561,0.87577,1.50,2.25
2011.10.12 23:33:31.389,0.87561,0.87579,1.50,3.00
2011.10.12 23:33:31.996,0.87561,0.87579,1.50,3.00
2011.10.12 23:33:35.281,0.87563,0.8758,3.38,1.50
2011.10.12 23:33:36.033,0.87566,0.87581,1.50,1.50
2011.10.12 23:33:36.644,0.87566,0.87581,2.25,1.50
2011.10.12 23:33:38.537,0.87566,0.87582,3.38,1.50
2011.10.12 23:33:42.593,0.87566,0.87582,2.25,1.50
2011.10.12 23:33:44.007,0.87567,0.87584,2.25,1.50
2011.10.12 23:33:44.142,0.87568,0.87584,1.88,1.50
2011.10.12 23:33:44.391,0.87568,0.87584,1.50,2.25
2011.10.12 23:33:44.519,0.87568,0.87584,2.25,2.25
2011.10.12 23:33:51.643,0.87565,0.87583,3.75,2.25
2011.10.12 23:33:51.886,0.87565,0.87581,1.50,2.25
2011.10.12 23:33:55.562,0.87564,0.87579,1.88,1.50
2011.10.12 23:33:58.585,0.87564,0.87581,2.63,1.50
2011.10.12 23:33:59.743,0.87564,0.8758,1.88,1.50
2011.10.12 23:34:03.824,0.87565,0.87582,1.50,1.50
2011.10.12 23:34:08.925,0.87564,0.87582,2.25,1.50
2011.10.12 23:34:13.094,0.87564,0.87582,1.50,2.25
2011.10.12 23:34:14.864,0.87564,0.87582,2.25,1.50
2011.10.12 23:34:17.998,0.87563,0.87577,1.50,1.50
2011.10.12 23:34:18.368,0.8756,0.87578,1.50,2.70
2011.10.12 23:34:19.404,0.8756,0.87577,1.50,2.25
2011.10.12 23:34:19.637,0.8756,0.87575,1.50,1.50
2011.10.12 23:34:20.567,0.87561,0.87577,1.50,1.50
2011.10.12 23:34:20.937,0.87563,0.87581,1.50,1.50
2011.10.12 23:34:21.444,0.87563,0.87581,1.50,1.50
2011.10.12 23:34:23.665,0.87563,0.87581,1.50,1.50
2011.10.12 23:34:24.443,0.87562,0.87579,2.25,1.50
2011.10.12 23:34:25.114,0.87563,0.87579,1.50,1.50
2011.10.12 23:34:27.824,0.87562,0.87579,2.25,1.50
2011.10.12 23:34:35.993,0.87563,0.87581,1.50,2.25
2011.10.12 23:34:47.124,0.87562,0.87581,2.25,2.70
2011.10.12 23:34:52.350,0.8756,0.87577,1.53,1.50
2011.10.12 23:34:52.720,0.8756,0.87574,1.50,1.50
2011.10.12 23:34:52.969,0.8756,0.87574,1.50,1.50
2011.10.12 23:35:01.736,0.8756,0.87576,2.25,3.00
2011.10.12 23:35:02.096,0.8756,0.87576,3.38,1.50
2011.10.12 23:35:02.924,0.87562,0.87577,2.25,1.50
2011.10.12 23:35:06.187,0.87563,0.87578,1.50,1.50
2011.10.12 23:35:06.784,0.87564,0.87578,2.25,1.50
2011.10.12 23:35:07.145,0.87564,0.87578,2.25,1.50
2011.10.12 23:35:07.731,0.87563,0.87577,1.50,1.50
2011.10.12 23:35:08.507,0.87561,0.87577,1.50,3.00
2011.10.12 23:35:08.640,0.8756,0.87576,1.50,1.50
2011.10.12 23:35:09.254,0.87559,0.87576,3.00,1.50
2011.10.12 23:35:11.237,0.87559,0.87575,2.25,1.50
2011.10.12 23:35:22.877,0.87559,0.87574,1.50,1.50
2011.10.12 23:35:52.925,0.87555,0.8757,1.50,1.50
2011.10.12 23:35:53.045,0.87554,0.87569,2.25,1.13
2011.10.12 23:35:53.166,0.87554,0.87568,1.50,1.50
2011.10.12 23:35:53.769,0.87553,0.87567,2.25,1.50
2011.10.12 23:35:56.534,0.87553,0.87567,2.25,1.50
2011.10.12 23:35:57.093,0.87553,0.87567,2.25,1.50
2011.10.12 23:35:58.894,0.87553,0.87567,2.25,1.50
2011.10.12 23:35:59.474,0.87555,0.8757,1.50,2.25
2011.10.12 23:36:00.189,0.87555,0.87571,1.50,3.60
2011.10.12 23:36:01.916,0.87555,0.87571,1.50,2.85
2011.10.12 23:36:02.714,0.87554,0.87571,2.25,2.85
2011.10.12 23:36:11.652,0.87555,0.87571,1.50,2.10
2011.10.12 23:36:14.782,0.87555,0.87572,1.50,4.65
2011.10.12 23:36:18.470,0.87557,0.87572,1.50,1.35
2011.10.12 23:36:18.925,0.87557,0.87573,1.50,1.65
2011.10.12 23:36:20.503,0.87557,0.87573,1.50,2.25
2011.10.12 23:36:20.746,0.87557,0.87573,1.50,1.65
2011.10.12 23:36:21.647,0.87557,0.87573,1.50,1.65
2011.10.12 23:36:29.073,0.87558,0.87574,1.50,1.65
2011.10.12 23:36:29.584,0.87558,0.87574,2.25,1.65
2011.10.12 23:36:38.563,0.87558,0.87575,2.25,1.95
2011.10.12 23:36:47.546,0.87558,0.87575,2.25,1.50
2011.10.12 23:37:05.094,0.87559,0.87575,1.50,2.25
2011.10.12 23:37:05.657,0.87559,0.87575,1.50,1.50
2011.10.12 23:37:17.824,0.87559,0.87575,1.50,2.25
2011.10.12 23:37:28.951,0.87559,0.87575,1.50,1.50
2011.10.12 23:37:45.612,0.87557,0.87575,2.25,1.50
2011.10.12 23:37:50.692,0.87557,0.87575,1.50,1.50
2011.10.12 23:37:52.923,0.87555,0.8757,2.25,1.50
2011.10.12 23:37:53.045,0.87555,0.8757,1.50,1.50
2011.10.12 23:37:53.625,0.87552,0.87567,1.50,1.50
2011.10.12 23:37:54.104,0.87553,0.87567,1.50,2.25
2011.10.12 23:37:57.253,0.87552,0.87567,1.50,2.25
2011.10.12 23:38:05.045,0.87553,0.87567,1.50,1.50
2011.10.12 23:38:08.933,0.87551,0.87567,2.25,2.25
2011.10.12 23:38:10.673,0.8755,0.87565,2.25,1.50
2011.10.12 23:38:12.714,0.87548,0.87565,2.25,1.50
2011.10.12 23:38:13.195,0.87547,0.87562,1.50,1.50
2011.10.12 23:38:16.975,0.87546,0.87562,3.00,1.50
2011.10.12 23:38:20.736,0.87553,0.87569,1.50,3.68
2011.10.12 23:38:21.106,0.87553,0.87566,1.50,1.50
2011.10.12 23:38:21.353,0.87546,0.87562,2.25,1.50
2011.10.12 23:38:21.925,0.87548,0.87562,1.50,1.50
2011.10.12 23:38:22.275,0.87546,0.87561,1.50,1.50
2011.10.12 23:38:22.746,0.87547,0.87562,1.50,1.50
2011.10.12 23:38:24.393,0.87546,0.87561,1.50,1.50
2011.10.12 23:38:27.604,0.87545,0.87561,1.50,3.38
2011.10.12 23:38:29.528,0.87544,0.87561,2.25,3.00
2011.10.12 23:38:30.132,0.87544,0.87561,1.50,3.38
2011.10.12 23:38:34.407,0.87546,0.87561,1.13,1.50
2011.10.12 23:38:34.778,0.87552,0.87564,1.50,1.50
2011.10.12 23:38:35.499,0.87553,0.87567,1.50,1.50
2011.10.12 23:38:35.624,0.87555,0.87571,1.50,1.20
2011.10.12 23:38:36.116,0.87557,0.87572,1.50,1.95
2011.10.12 23:38:36.727,0.87557,0.87573,1.50,2.70
2011.10.12 23:38:37.337,0.87555,0.87572,1.50,3.00
2011.10.12 23:38:37.586,0.87556,0.87571,1.50,2.63
2011.10.12 23:38:39.546,0.87557,0.87573,1.50,4.95
2011.10.12 23:38:40.224,0.87557,0.87573,1.50,5.25
2011.10.12 23:38:40.357,0.87557,0.87573,1.50,1.88
2011.10.12 23:38:40.967,0.87557,0.87571,1.50,1.50
2011.10.12 23:38:41.578,0.8756,0.87574,1.50,1.88
2011.10.12 23:38:42.094,0.8756,0.87574,1.50,1.50
2011.10.12 23:38:42.932,0.8756,0.87575,1.50,1.50
2011.10.12 23:38:43.060,0.87564,0.87577,1.50,1.50
2011.10.12 23:38:43.310,0.87565,0.87581,3.40,1.50
2011.10.12 23:38:43.801,0.87569,0.87583,1.15,1.50
2011.10.12 23:38:43.939,0.87572,0.87588,1.50,2.70
2011.10.12 23:38:44.544,0.87573,0.87589,1.90,1.50
2011.10.12 23:38:45.185,0.87573,0.87588,1.90,1.50
2011.10.12 23:38:45.307,0.87573,0.87587,1.53,1.88
2011.10.12 23:38:45.904,0.87573,0.87587,1.50,2.63
2011.10.12 23:38:49.671,0.87572,0.87586,1.50,1.95
2011.10.12 23:38:50.603,0.87572,0.87586,1.50,1.20
2011.10.12 23:38:51.346,0.87571,0.87586,1.50,1.20
2011.10.12 23:38:54.112,0.87572,0.87586,1.50,1.20
2011.10.12 23:38:54.694,0.87572,0.87586,1.50,1.95
2011.10.12 23:38:59.062,0.87572,0.87586,1.50,1.20
2011.10.12 23:38:59.622,0.87572,0.87586,1.50,1.20
2011.10.12 23:39:00.779,0.87572,0.87585,1.50,1.50
2011.10.12 23:39:00.914,0.87569,0.87584,1.50,2.63
2011.10.12 23:39:01.516,0.8757,0.87582,1.50,1.20
2011.10.12 23:39:02.106,0.87569,0.87581,1.50,1.20
2011.10.12 23:39:02.597,0.87569,0.8758,1.50,1.95
2011.10.12 23:39:02.845,0.87568,0.87579,1.35,1.50
2011.10.12 23:39:02.968,0.87561,0.87578,1.50,1.50
2011.10.12 23:39:07.887,0.87561,0.87577,1.50,1.50
2011.10.12 23:39:10.164,0.87561,0.87577,1.50,1.95
2011.10.12 23:39:36.750,0.87559,0.87576,1.53,1.88
2011.10.12 23:39:36.875,0.87559,0.87576,1.53,1.88
2011.10.12 23:39:36.995,0.87559,0.87576,1.53,1.88
2011.10.12 23:39:41.574,0.87559,0.87575,1.53,1.58
2011.10.12 23:39:42.037,0.87559,0.87574,1.53,1.20
2011.10.12 23:39:42.605,0.87559,0.87574,1.53,1.20
2011.10.12 23:39:43.172,0.87559,0.87574,1.53,1.58
2011.10.12 23:39:47.113,0.87558,0.87574,1.53,1.13
2011.10.12 23:39:47.696,0.87558,0.87574,1.53,1.13
2011.10.12 23:39:48.216,0.87558,0.87574,1.53,1.13
2011.10.12 23:39:48.948,0.87558,0.87574,1.53,1.13
2011.10.12 23:39:49.075,0.87558,0.87574,1.53,1.13
2011.10.12 23:39:51.172,0.87558,0.87574,1.53,1.13
2011.10.12 23:39:53.393,0.87558,0.87574,1.53,1.13
2011.10.12 23:39:56.552,0.87558,0.87574,1.53,1.13
2011.10.12 23:39:58.163,0.87558,0.87574,1.53,1.13
2011.10.12 23:40:01.373,0.87558,0.87574,1.53,1.13
2011.10.12 23:40:02.404,0.87558,0.87574,1.53,1.13
2011.10.12 23:40:03.973,0.87558,0.87574,1.53,1.13
2011.10.12 23:40:06.414,0.87558,0.87574,1.53,1.13
2011.10.12 23:40:06.997,0.87558,0.87574,1.53,1.13
2011.10.12 23:40:07.127,0.87556,0.87575,2.28,1.20
2011.10.12 23:40:07.704,0.87558,0.87574,1.53,1.20
2011.10.12 23:40:08.809,0.87558,0.87574,1.53,1.20
2011.10.12 23:40:08.936,0.87558,0.87574,1.53,1.20
2011.10.12 23:40:10.366,0.87558,0.87574,1.53,1.58
2011.10.12 23:40:12.294,0.87557,0.87574,1.53,1.20
2011.10.12 23:40:12.866,0.87557,0.87575,1.53,1.58
2011.10.12 23:40:17.236,0.87559,0.87576,1.53,1.20
2011.10.12 23:40:17.813,0.87561,0.87576,1.50,1.20
2011.10.12 23:40:19.774,0.87561,0.87576,1.50,1.20
2011.10.12 23:40:21.404,0.87561,0.87576,1.50,1.20
2011.10.12 23:40:32.297,0.87559,0.87575,1.53,1.13
2011.10.12 23:40:32.428,0.87559,0.87577,1.53,3.83
2011.10.12 23:40:33.067,0.87559,0.87577,1.53,1.88
2011.10.12 23:40:33.194,0.87559,0.87577,1.53,1.88
2011.10.12 23:40:35.688,0.87559,0.87577,2.28,1.88
2011.10.12 23:40:36.236,0.87559,0.87577,2.28,1.88
2011.10.12 23:40:36.842,0.87562,0.87577,1.50,2.63
2011.10.12 23:40:36.963,0.87562,0.87577,1.50,2.25
2011.10.12 23:40:37.741,0.87563,0.87577,1.50,2.25
2011.10.12 23:40:37.872,0.87561,0.87577,1.50,2.25
2011.10.12 23:40:43.548,0.87562,0.87577,1.50,2.25
2011.10.12 23:40:45.977,0.87562,0.87576,1.50,1.50
2011.10.12 23:40:47.320,0.87557,0.87575,3.03,1.50
2011.10.12 23:40:50.016,0.87561,0.87576,1.50,2.25
2011.10.12 23:40:58.395,0.87561,0.87575,1.50,1.50
2011.10.12 23:40:58.637,0.87557,0.87574,1.53,1.13
2011.10.12 23:40:58.888,0.87556,0.87575,3.03,1.50
2011.10.12 23:40:59.377,0.87557,0.87576,2.28,1.13
2011.10.12 23:41:00.304,0.87557,0.87577,3.03,3.38
2011.10.12 23:41:00.644,0.87557,0.87575,2.28,1.50
2011.10.12 23:41:01.235,0.87557,0.87575,1.53,1.88
2011.10.12 23:41:02.105,0.87556,0.87575,2.28,1.88
2011.10.12 23:41:02.686,0.87556,0.87575,3.78,1.50
2011.10.12 23:41:03.254,0.87557,0.87575,2.28,1.50
2011.10.12 23:41:09.761,0.87562,0.87577,1.50,1.88
2011.10.12 23:41:09.892,0.87562,0.87577,1.50,1.50
2011.10.12 23:41:10.020,0.87562,0.87577,1.50,1.13
2011.10.12 23:41:10.151,0.87559,0.87576,1.53,1.50
2011.10.12 23:41:12.443,0.87559,0.87576,1.53,1.50
2011.10.12 23:41:13.783,0.87559,0.87576,1.53,1.50
2011.10.12 23:41:14.360,0.87559,0.87576,1.53,1.50
2011.10.12 23:41:15.003,0.87559,0.87576,1.53,1.50
2011.10.12 23:41:28.004,0.8756,0.87576,1.50,1.50
2011.10.12 23:41:45.604,0.87559,0.87576,1.53,1.50
2011.10.12 23:41:48.196,0.87558,0.87575,2.28,2.63
2011.10.12 23:41:48.797,0.87557,0.87574,1.53,2.25
2011.10.12 23:41:49.415,0.87557,0.87573,1.53,1.50
2011.10.12 23:41:49.994,0.87557,0.87573,1.53,1.50
2011.10.12 23:41:50.556,0.87557,0.87573,1.53,1.50
2011.10.12 23:41:51.684,0.87557,0.87573,1.53,1.50
2011.10.12 23:41:53.164,0.87557,0.87573,1.53,1.50
2011.10.12 23:41:54.488,0.87557,0.87574,1.53,2.70
2011.10.12 23:41:55.788,0.87557,0.87573,1.53,1.50
2011.10.12 23:41:56.363,0.87557,0.87573,1.53,1.50
2011.10.12 23:41:58.555,0.87557,0.87573,1.53,1.50
2011.10.12 23:41:59.100,0.87557,0.87573,1.53,1.50
2011.10.12 23:42:00.128,0.87557,0.87573,1.53,1.50
2011.10.12 23:42:03.068,0.87557,0.87573,1.53,1.88
2011.10.12 23:42:03.677,0.87557,0.87571,1.50,1.95
2011.10.12 23:42:03.817,0.87553,0.87569,1.50,2.25
2011.10.12 23:42:04.056,0.87553,0.87569,1.50,2.25
2011.10.12 23:42:04.296,0.87555,0.87569,1.50,1.50
2011.10.12 23:42:04.907,0.87555,0.87571,1.50,2.63
2011.10.12 23:42:05.155,0.87555,0.87571,1.50,2.63
2011.10.12 23:42:05.274,0.87555,0.87571,1.50,2.63
2011.10.12 23:42:05.972,0.87555,0.87569,1.50,1.50
2011.10.12 23:42:06.694,0.87555,0.87569,1.50,1.50
2011.10.12 23:42:07.408,0.87555,0.87571,1.50,1.50
2011.10.12 23:42:07.775,0.87555,0.87573,3.00,1.50
2011.10.12 23:42:08.411,0.87559,0.87575,1.50,1.13
2011.10.12 23:42:08.550,0.87564,0.8758,1.50,2.25
2011.10.12 23:42:08.916,0.87567,0.87583,1.88,1.95
2011.10.12 23:42:09.047,0.87568,0.87584,1.50,1.95
2011.10.12 23:42:09.296,0.87565,0.87582,1.50,1.50
2011.10.12 23:42:09.995,0.87565,0.87581,2.25,1.13
2011.10.12 23:42:10.355,0.87562,0.87578,1.50,2.25
2011.10.12 23:42:10.597,0.87562,0.87577,2.25,1.50
2011.10.12 23:42:10.727,0.87562,0.87576,1.50,1.50
2011.10.12 23:42:10.981,0.87561,0.87573,1.50,1.13
2011.10.12 23:42:11.345,0.87555,0.87571,1.50,1.50
2011.10.12 23:42:11.466,0.87555,0.87571,1.50,1.50
2011.10.12 23:42:12.824,0.87555,0.87571,1.50,1.50
2011.10.12 23:42:13.554,0.87555,0.87571,1.50,1.50
2011.10.12 23:42:14.126,0.87554,0.87571,2.25,1.50
2011.10.12 23:42:14.824,0.87554,0.87571,2.25,1.50
2011.10.12 23:42:15.505,0.87555,0.87571,1.50,1.50
2011.10.12 23:42:15.866,0.87554,0.8757,1.50,1.88
2011.10.12 23:42:16.475,0.87553,0.87567,1.50,1.50
2011.10.12 23:42:17.063,0.87552,0.87567,1.50,2.25
2011.10.12 23:42:17.658,0.87552,0.87567,2.25,1.50
2011.10.12 23:42:17.909,0.87554,0.8757,2.25,1.50
2011.10.12 23:42:18.516,0.87555,0.87571,1.50,2.25
2011.10.12 23:42:19.704,0.87555,0.8757,1.50,1.50
2011.10.12 23:42:20.791,0.87555,0.87571,1.50,2.25
2011.10.12 23:42:23.043,0.87555,0.87571,1.50,2.25
2011.10.12 23:42:23.614,0.87555,0.87571,1.50,1.50
2011.10.12 23:42:24.175,0.87554,0.8757,2.25,1.50
2011.10.12 23:42:24.975,0.87554,0.8757,1.50,1.88
2011.10.12 23:42:25.566,0.87553,0.87568,1.50,1.50
2011.10.12 23:42:28.303,0.87552,0.87567,1.50,1.50
2011.10.12 23:42:32.073,0.87553,0.87568,1.50,1.50
2011.10.12 23:42:38.233,0.87552,0.87568,1.50,2.25
2011.10.12 23:42:38.975,0.87552,0.87568,1.50,2.25
2011.10.12 23:42:43.059,0.87551,0.87567,2.25,1.50
2011.10.12 23:42:43.294,0.87551,0.87567,1.50,1.50
2011.10.12 23:42:45.710,0.87552,0.87568,2.25,1.50
2011.10.12 23:42:45.959,0.87555,0.87568,2.25,1.50
2011.10.12 23:42:46.207,0.87559,0.87574,1.50,3.00
2011.10.12 23:42:46.337,0.87559,0.87574,1.50,2.25
2011.10.12 23:42:46.935,0.8756,0.87575,2.25,1.50
2011.10.12 23:42:47.410,0.8756,0.87577,1.50,1.50
2011.10.12 23:42:48.246,0.8756,0.87577,1.50,2.25
2011.10.12 23:42:48.367,0.8756,0.87577,2.25,2.25
2011.10.12 23:42:49.200,0.87561,0.87577,3.00,1.50
2011.10.12 23:42:53.873,0.87562,0.87578,1.50,1.50
2011.10.12 23:42:54.693,0.87561,0.87577,3.75,1.50
2011.10.12 23:42:55.415,0.87563,0.87577,1.50,1.50
2011.10.12 23:42:55.767,0.87566,0.8758,1.50,2.25
2011.10.12 23:42:56.136,0.87564,0.87579,2.25,1.50
2011.10.12 23:42:58.459,0.87564,0.87579,2.25,1.50
2011.10.12 23:42:59.035,0.87564,0.8758,2.25,2.25
2011.10.12 23:43:00.400,0.87564,0.87579,1.50,1.50
2011.10.12 23:43:00.979,0.87563,0.87579,3.00,2.25
2011.10.12 23:43:02.760,0.87564,0.87579,1.50,2.25
2011.10.12 23:43:03.784,0.87564,0.87578,1.50,1.50
2011.10.12 23:43:04.359,0.87563,0.87579,1.50,2.25
2011.10.12 23:43:05.575,0.87563,0.87579,2.25,2.25
2011.10.12 23:43:09.610,0.87563,0.87579,2.25,2.25
2011.10.12 23:43:10.173,0.87563,0.87579,2.25,2.25
2011.10.12 23:43:14.703,0.87563,0.87579,2.25,2.25
2011.10.12 23:43:15.264,0.87563,0.87579,2.25,2.25
2011.10.12 23:43:19.156,0.87563,0.8758,2.25,1.50
2011.10.12 23:43:19.517,0.87569,0.87586,1.50,1.50
2011.10.12 23:43:19.646,0.87569,0.87586,1.50,1.50
2011.10.12 23:43:19.767,0.87568,0.87585,1.50,1.50
2011.10.12 23:43:20.016,0.87568,0.87585,1.50,1.50
2011.10.12 23:43:20.498,0.87568,0.87585,1.50,1.50
2011.10.12 23:43:20.846,0.87568,0.87585,1.50,1.50
2011.10.12 23:43:23.838,0.87568,0.87586,2.25,1.50
2011.10.12 23:43:23.969,0.87571,0.87586,1.50,1.50
2011.10.12 23:43:24.100,0.87571,0.87586,1.50,1.50
2011.10.12 23:43:24.345,0.87572,0.87584,1.50,1.13
2011.10.12 23:43:24.471,0.8757,0.87582,1.50,1.50
2011.10.12 23:43:24.601,0.87567,0.87582,1.50,2.25
2011.10.12 23:43:25.189,0.87567,0.87582,1.50,2.25
2011.10.12 23:43:25.697,0.87566,0.87582,3.00,2.25
2011.10.12 23:43:27.483,0.87565,0.87581,3.00,1.50
2011.10.12 23:43:27.851,0.87564,0.8758,1.50,1.50
2011.10.12 23:43:28.565,0.87563,0.87579,3.75,1.50
2011.10.12 23:43:29.497,0.87564,0.8758,1.50,1.50
2011.10.12 23:43:29.870,0.8757,0.87584,1.50,1.50
2011.10.12 23:43:30.436,0.87574,0.87588,1.50,1.13
2011.10.12 23:43:30.558,0.87574,0.8759,1.50,1.88
2011.10.12 23:43:30.927,0.87575,0.87591,1.50,1.50
2011.10.12 23:43:31.295,0.87578,0.87594,2.25,1.50
2011.10.12 23:43:31.416,0.87581,0.87596,1.50,1.50
2011.10.12 23:43:32.027,0.87582,0.87598,1.50,2.63
2011.10.12 23:43:32.625,0.87582,0.87598,1.50,2.25
2011.10.12 23:43:33.207,0.87582,0.87597,1.50,1.50
2011.10.12 23:43:33.338,0.87584,0.876,1.50,1.88
2011.10.12 23:43:33.586,0.87585,0.876,1.50,1.50
2011.10.12 23:43:34.305,0.87585,0.876,1.50,2.25
2011.10.12 23:43:36.097,0.87584,0.876,2.25,2.25
2011.10.12 23:43:36.886,0.87584,0.87599,1.50,1.50
2011.10.12 23:43:42.351,0.87584,0.876,1.50,2.25
2011.10.12 23:43:47.053,0.87584,0.87599,1.50,1.50
2011.10.12 23:43:49.332,0.87584,0.87595,1.50,1.13
2011.10.12 23:43:51.487,0.87582,0.87595,3.03,1.88
2011.10.12 23:43:51.845,0.87585,0.87596,2.25,1.13
2011.10.12 23:43:54.849,0.87583,0.87593,3.78,1.13
2011.10.12 23:43:54.980,0.87585,0.87597,1.50,1.13
2011.10.12 23:43:56.554,0.87584,0.87597,1.50,1.13
2011.10.12 23:43:56.678,0.87583,0.87594,3.03,1.13
2011.10.12 23:43:57.036,0.87583,0.87594,2.63,1.13
2011.10.12 23:44:00.486,0.87583,0.87597,2.25,1.50
2011.10.12 23:44:00.956,0.87583,0.87596,1.45,1.50
2011.10.12 23:44:01.317,0.8758,0.87596,2.63,2.25
2011.10.12 23:44:01.917,0.87579,0.87595,2.28,3.00
2011.10.12 23:44:02.468,0.8758,0.87595,1.50,1.50
2011.10.12 23:44:03.144,0.8758,0.87595,1.50,1.50
2011.10.12 23:44:05.951,0.87578,0.87592,2.25,1.50
2011.10.12 23:44:06.554,0.87579,0.87592,1.50,1.50
2011.10.12 23:44:07.034,0.87577,0.87592,4.50,2.25
2011.10.12 23:44:07.278,0.87578,0.87594,1.50,1.50
2011.10.12 23:44:07.409,0.87578,0.87594,1.50,1.50
2011.10.12 23:44:08.291,0.87578,0.87592,1.50,1.50
2011.10.12 23:44:08.873,0.87578,0.87592,1.50,2.25
2011.10.12 23:44:10.834,0.87579,0.87592,1.50,1.50
2011.10.12 23:44:11.196,0.87581,0.87595,1.50,1.50
2011.10.12 23:44:11.786,0.87581,0.87596,1.50,1.13
2011.10.12 23:44:12.149,0.8758,0.87594,1.50,1.50
2011.10.12 23:44:12.745,0.87582,0.87597,1.50,1.13
2011.10.12 23:44:16.614,0.87582,0.87596,1.50,1.13
2011.10.12 23:44:20.494,0.8758,0.87596,3.00,1.50
2011.10.12 23:44:20.738,0.87585,0.87598,1.50,1.13
2011.10.12 23:44:22.406,0.87585,0.87596,1.50,1.50
2011.10.12 23:44:24.204,0.87585,0.87596,1.50,1.50
2011.10.12 23:44:26.023,0.87582,0.87596,1.50,1.50
2011.10.12 23:44:26.597,0.8758,0.87595,2.25,1.50
2011.10.12 23:44:26.728,0.8758,0.87594,1.50,1.50
2011.10.12 23:44:27.085,0.8758,0.87594,1.50,1.50
2011.10.12 23:44:27.697,0.8758,0.87595,1.50,1.50
2011.10.12 23:44:31.575,0.87579,0.87594,2.25,1.50
2011.10.12 23:44:31.694,0.8758,0.87595,1.50,1.50
2011.10.12 23:44:31.817,0.87581,0.87596,1.50,1.88
2011.10.12 23:44:32.175,0.87581,0.87594,1.50,1.50
2011.10.12 23:44:36.165,0.87581,0.87594,1.50,1.50
2011.10.12 23:44:37.274,0.87581,0.87594,1.50,1.50
2011.10.12 23:44:43.895,0.87581,0.87594,1.50,1.50
2011.10.12 23:44:44.486,0.87581,0.87594,1.50,1.50
2011.10.12 23:44:45.079,0.87579,0.87594,1.50,1.50
2011.10.12 23:44:45.437,0.87582,0.87594,1.50,1.50
2011.10.12 23:44:45.566,0.87582,0.87596,1.50,2.33
2011.10.12 23:44:46.498,0.87582,0.87594,1.50,1.50
2011.10.12 23:44:48.405,0.87582,0.87596,1.50,2.33
2011.10.12 23:44:57.927,0.87582,0.87595,1.50,1.50
2011.10.12 23:44:58.060,0.87582,0.87594,1.50,1.95
2011.10.12 23:44:58.427,0.87578,0.87594,1.50,3.45
2011.10.12 23:44:58.917,0.8758,0.87592,1.50,1.50
2011.10.12 23:44:59.507,0.8758,0.87594,1.50,2.70
2011.10.12 23:45:00.537,0.8758,0.87594,1.50,2.70
2011.10.12 23:45:01.156,0.8758,0.87594,1.50,2.70
2011.10.12 23:45:01.837,0.8758,0.87594,1.50,2.70
2011.10.12 23:45:03.244,0.8758,0.87594,1.50,2.70
2011.10.12 23:45:06.154,0.8758,0.87594,1.50,2.70
2011.10.12 23:45:06.505,0.8758,0.87593,1.50,1.50
2011.10.12 23:45:07.186,0.8758,0.87593,1.50,1.50
2011.10.12 23:45:07.534,0.8758,0.87593,1.50,1.50
2011.10.12 23:45:07.655,0.8758,0.87593,1.50,1.50
2011.10.12 23:45:08.005,0.8758,0.87593,1.50,1.50
2011.10.12 23:45:08.565,0.8758,0.87592,1.50,1.50
2011.10.12 23:45:08.794,0.8758,0.87592,1.50,1.50
2011.10.12 23:45:09.594,0.8758,0.87593,1.50,1.50
2011.10.12 23:45:10.154,0.8758,0.87593,1.50,1.50
2011.10.12 23:45:11.390,0.87578,0.87592,1.50,1.50
2011.10.12 23:45:11.532,0.87576,0.87589,1.45,1.50
2011.10.12 23:45:11.897,0.87574,0.87588,1.50,2.25
2011.10.12 23:45:12.029,0.87571,0.87587,2.25,1.50
2011.10.12 23:45:12.162,0.87571,0.87585,2.25,1.50
2011.10.12 23:45:12.294,0.8757,0.87585,2.28,1.50
2011.10.12 23:45:15.554,0.87571,0.87585,2.25,1.50
2011.10.12 23:45:16.261,0.87571,0.87585,1.50,1.50
2011.10.12 23:45:16.627,0.87571,0.87586,1.50,1.50
2011.10.12 23:45:17.240,0.87571,0.87586,2.25,1.50
2011.10.12 23:45:19.997,0.87571,0.87585,2.25,1.50
2011.10.12 23:45:20.464,0.87571,0.87585,1.50,2.25
2011.10.12 23:45:21.045,0.87572,0.87586,1.50,2.25
2011.10.12 23:45:21.164,0.87572,0.87586,1.50,2.25
2011.10.12 23:45:23.516,0.87573,0.87586,1.13,1.50
2011.10.12 23:45:24.030,0.87573,0.87586,1.53,1.50
2011.10.12 23:45:26.739,0.87572,0.87587,1.15,3.00
2011.10.12 23:45:26.872,0.87571,0.87587,1.50,2.25
2011.10.12 23:45:26.998,0.87571,0.87587,1.50,3.00
2011.10.12 23:45:27.942,0.87572,0.87587,1.50,1.50
2011.10.12 23:45:28.556,0.87571,0.87585,1.50,2.25
2011.10.12 23:45:29.194,0.87571,0.87585,1.50,2.25
2011.10.12 23:45:29.790,0.87571,0.87585,1.50,1.50
2011.10.12 23:45:30.969,0.87574,0.87585,1.13,1.50
2011.10.12 23:45:31.100,0.87574,0.87587,1.15,1.50
2011.10.12 23:45:32.009,0.87574,0.87589,1.50,1.50
2011.10.12 23:45:32.615,0.87574,0.87589,1.50,1.50
2011.10.12 23:45:33.444,0.87575,0.87589,1.50,1.50
2011.10.12 23:45:40.631,0.87575,0.8759,1.50,1.50
2011.10.12 23:45:41.556,0.87575,0.87591,3.00,2.25
2011.10.12 23:45:42.228,0.87575,0.87589,1.50,1.50
2011.10.12 23:45:44.586,0.87575,0.8759,1.50,2.25
2011.10.12 23:45:45.373,0.87575,0.87589,1.50,1.50
2011.10.12 23:45:45.932,0.87575,0.8759,1.50,2.25
2011.10.12 23:45:46.506,0.87574,0.8759,2.63,2.25
2011.10.12 23:45:51.037,0.87574,0.8759,1.53,3.00
2011.10.12 23:45:51.912,0.87573,0.87588,1.50,1.50
2011.10.12 23:45:52.546,0.87573,0.87587,1.50,1.50
2011.10.12 23:45:54.044,0.8757,0.87586,2.63,1.50
2011.10.12 23:45:55.757,0.8757,0.87585,1.88,2.25
2011.10.12 23:45:56.119,0.8757,0.87583,1.50,1.50
2011.10.12 23:45:56.367,0.87566,0.8758,2.25,1.50
2011.10.12 23:45:57.487,0.87565,0.8758,1.88,1.50
2011.10.12 23:46:00.219,0.87565,0.87573,1.13,1.13
2011.10.12 23:46:00.827,0.87563,0.87573,1.15,1.13
2011.10.12 23:46:01.803,0.87565,0.87572,1.50,1.13
2011.10.12 23:46:02.290,0.87564,0.87573,1.50,1.13
2011.10.12 23:46:04.516,0.87564,0.87575,1.50,1.13
2011.10.12 23:46:06.235,0.87564,0.87573,1.50,1.13
2011.10.12 23:46:06.826,0.87562,0.87573,1.50,1.13
2011.10.12 23:46:15.834,0.87564,0.87576,1.50,1.50
2011.10.12 23:46:16.185,0.87561,0.87576,2.65,1.50
2011.10.12 23:46:16.310,0.87561,0.87576,2.63,1.50
2011.10.12 23:46:22.806,0.87562,0.87576,1.50,1.50
2011.10.12 23:46:23.374,0.87563,0.87577,1.50,1.88
2011.10.12 23:46:27.436,0.87563,0.87577,1.50,1.88
2011.10.12 23:46:27.896,0.87563,0.87574,1.50,1.13
2011.10.12 23:46:28.364,0.87563,0.87574,1.50,1.13
2011.10.12 23:46:28.727,0.87563,0.87579,1.88,2.63
2011.10.12 23:46:28.980,0.87562,0.87578,1.88,2.25
2011.10.12 23:46:29.349,0.87563,0.87579,1.53,1.88
2011.10.12 23:46:34.196,0.87562,0.87578,1.15,1.50
2011.10.12 23:46:34.753,0.87565,0.87579,1.50,1.88
2011.10.12 23:46:35.385,0.87567,0.87581,1.50,2.25
2011.10.12 23:46:35.506,0.87568,0.87582,1.50,1.50
2011.10.12 23:46:36.158,0.87567,0.87582,1.13,1.50
2011.10.12 23:46:36.408,0.87567,0.87583,1.58,1.13
2011.10.12 23:46:37.017,0.87571,0.87583,1.50,1.13
2011.10.12 23:46:37.638,0.87571,0.87583,1.50,1.13
2011.10.12 23:46:39.225,0.87572,0.87583,1.50,1.13
2011.10.12 23:46:39.865,0.87572,0.87583,1.50,1.13
2011.10.12 23:46:40.418,0.87572,0.87583,1.50,1.13
2011.10.12 23:46:41.033,0.87572,0.87583,1.50,1.13
2011.10.12 23:46:41.376,0.87568,0.87583,1.88,1.13
2011.10.12 23:46:41.502,0.87569,0.87585,1.88,1.13
2011.10.12 23:46:41.867,0.87573,0.87588,1.50,1.50
2011.10.12 23:46:42.839,0.87574,0.87588,1.50,1.50
2011.10.12 23:46:43.648,0.87574,0.87588,1.50,1.50
2011.10.12 23:46:44.546,0.87574,0.87588,1.50,1.88
2011.10.12 23:46:44.791,0.87574,0.87588,1.50,1.50
2011.10.12 23:46:45.254,0.87574,0.87588,1.50,1.50
2011.10.12 23:46:45.766,0.87573,0.87588,1.13,1.50
2011.10.12 23:46:46.336,0.87573,0.87589,1.50,1.50
2011.10.12 23:46:47.097,0.87573,0.87588,1.53,1.13
2011.10.12 23:46:47.702,0.87572,0.87584,1.50,1.13
2011.10.12 23:46:49.350,0.87573,0.87588,1.50,1.95
2011.10.12 23:46:51.059,0.87572,0.87589,2.63,1.50
2011.10.12 23:46:51.293,0.87573,0.87589,1.50,1.50
2011.10.12 23:46:55.256,0.87573,0.87589,2.25,1.50
2011.10.12 23:46:59.285,0.87573,0.87589,1.50,1.50
2011.10.12 23:46:59.846,0.87573,0.87589,1.50,1.50
2011.10.12 23:47:04.264,0.87573,0.87589,2.25,1.50
2011.10.12 23:47:04.384,0.87574,0.87589,1.50,1.50
2011.10.12 23:47:16.686,0.87573,0.87589,1.50,2.25
2011.10.12 23:47:17.465,0.87573,0.87589,1.50,2.25
2011.10.12 23:47:24.903,0.87573,0.87588,2.25,1.50
2011.10.12 23:47:25.276,0.87568,0.87578,1.13,2.63
2011.10.12 23:47:25.401,0.87564,0.87574,2.25,1.13
2011.10.12 23:47:25.650,0.87559,0.87574,1.50,1.88
2011.10.12 23:47:25.782,0.87561,0.87576,1.50,1.20
2011.10.12 23:47:26.391,0.87562,0.87578,1.50,2.25
2011.10.12 23:47:27.152,0.87563,0.87578,1.50,1.50
2011.10.12 23:47:27.970,0.87563,0.87578,1.50,1.50
2011.10.12 23:47:28.328,0.87563,0.87576,1.50,1.13
2011.10.12 23:47:28.461,0.8756,0.87575,2.25,1.50
2011.10.12 23:47:28.591,0.87559,0.87575,1.50,2.63
2011.10.12 23:47:29.198,0.87557,0.87573,1.50,2.70
2011.10.12 23:47:30.052,0.87558,0.87574,2.65,1.50
2011.10.12 23:47:30.540,0.87558,0.87574,2.65,1.50
2011.10.12 23:47:30.683,0.8756,0.87576,1.53,1.50
2011.10.12 23:47:31.048,0.8756,0.87577,1.90,1.50
2011.10.12 23:47:32.780,0.87559,0.87573,2.28,3.45
2011.10.12 23:47:32.913,0.87554,0.87571,3.03,3.00
2011.10.12 23:47:33.281,0.87554,0.87569,3.03,1.20
2011.10.12 23:47:33.873,0.87548,0.87566,1.88,1.13
2011.10.12 23:47:33.999,0.87551,0.87567,1.50,2.25
2011.10.12 23:47:34.610,0.87552,0.87568,2.28,1.50
2011.10.12 23:47:34.980,0.87551,0.87567,1.53,1.50
2011.10.12 23:47:35.351,0.87549,0.87565,1.50,1.50
2011.10.12 23:47:35.718,0.87547,0.87563,1.90,1.95
2011.10.12 23:47:36.190,0.87548,0.87564,1.53,2.70
2011.10.12 23:47:36.333,0.87547,0.87562,1.50,1.20
2011.10.12 23:47:36.457,0.87546,0.87562,3.23,1.95
2011.10.12 23:47:36.837,0.87543,0.87557,1.08,2.70
2011.10.12 23:47:37.209,0.87542,0.87553,1.65,1.13
2011.10.12 23:47:37.337,0.8754,0.87555,2.25,1.13
2011.10.12 23:47:37.467,0.87536,0.87552,1.50,1.20
2011.10.12 23:47:37.599,0.87535,0.87552,1.90,1.20
2011.10.12 23:47:37.975,0.8754,0.87555,1.50,1.95
2011.10.12 23:47:38.098,0.8754,0.87555,1.88,1.20
2011.10.12 23:47:38.229,0.8754,0.87556,1.90,1.95
2011.10.12 23:47:38.744,0.87541,0.87556,1.13,1.95
2011.10.12 23:47:38.881,0.87543,0.87559,1.50,2.70
2011.10.12 23:47:39.476,0.87543,0.87559,2.63,1.95
2011.10.12 23:47:40.444,0.87543,0.87557,1.50,1.50
2011.10.12 23:47:44.395,0.87543,0.87559,1.50,1.95
2011.10.12 23:47:44.640,0.87543,0.87559,1.50,1.50
2011.10.12 23:47:45.246,0.87543,0.87558,1.50,1.20
2011.10.12 23:47:45.836,0.87542,0.87558,1.50,1.20
2011.10.12 23:47:46.769,0.87542,0.87556,1.50,1.20
2011.10.12 23:47:47.139,0.87535,0.8754,1.15,1.50
2011.10.12 23:47:47.276,0.87533,0.87544,1.50,1.50
2011.10.12 23:47:47.523,0.87529,0.87544,1.13,3.45
2011.10.12 23:47:47.891,0.87533,0.87547,1.50,3.45
2011.10.12 23:47:48.142,0.87533,0.87544,1.50,1.20
2011.10.12 23:47:49.230,0.87532,0.87547,1.53,2.70
2011.10.12 23:47:49.761,0.8753,0.87546,1.53,3.45
2011.10.12 23:47:50.015,0.87524,0.87541,2.28,1.50
2011.10.12 23:47:50.143,0.87524,0.87541,2.25,1.50
2011.10.12 23:47:50.270,0.87524,0.87541,1.50,1.50
2011.10.12 23:47:50.526,0.87525,0.87542,1.50,1.50
2011.10.12 23:47:50.892,0.87527,0.87542,1.13,1.50
2011.10.12 23:47:51.498,0.87529,0.87543,1.50,1.20
2011.10.12 23:47:52.133,0.87529,0.87545,1.50,1.95
2011.10.12 23:47:52.266,0.87529,0.87546,1.50,1.50
2011.10.12 23:47:54.267,0.87528,0.87544,1.50,1.50
2011.10.12 23:47:54.397,0.87528,0.87544,1.50,2.25
2011.10.12 23:47:55.877,0.87526,0.87542,1.13,1.50
2011.10.12 23:47:56.236,0.87521,0.87539,1.50,1.20
2011.10.12 23:47:56.718,0.87521,0.87539,1.50,1.20
2011.10.12 23:47:57.087,0.87522,0.8754,1.50,1.20
2011.10.12 23:47:57.699,0.87522,0.8754,2.25,1.20
2011.10.12 23:47:59.855,0.87523,0.87541,2.25,1.50
2011.10.12 23:48:00.817,0.87523,0.87542,2.25,1.95
2011.10.12 23:48:01.189,0.87524,0.87541,1.08,1.13
2011.10.12 23:48:01.323,0.87524,0.8754,1.08,1.95
2011.10.12 23:48:01.573,0.87522,0.87538,2.28,3.00
2011.10.12 23:48:01.975,0.87522,0.87538,1.53,3.00
2011.10.12 23:48:02.117,0.87518,0.87533,1.53,1.50
2011.10.12 23:48:02.248,0.87518,0.87535,2.28,1.13
2011.10.12 23:48:02.857,0.87518,0.87535,2.28,2.33
2011.10.12 23:48:03.469,0.87518,0.87535,2.28,1.58
2011.10.12 23:48:03.607,0.87518,0.87537,3.03,1.20
2011.10.12 23:48:04.679,0.87518,0.87535,3.03,1.20
2011.10.12 23:48:05.289,0.87518,0.87536,2.28,1.13
2011.10.12 23:48:05.422,0.87518,0.87536,2.28,1.13
2011.10.12 23:48:06.017,0.87519,0.87537,1.65,1.13
2011.10.12 23:48:07.947,0.87519,0.87536,1.68,1.50
2011.10.12 23:48:08.814,0.8752,0.87536,1.50,1.50
2011.10.12 23:48:08.947,0.87518,0.87535,2.28,1.13
2011.10.12 23:48:09.781,0.87522,0.87537,1.13,1.50
2011.10.12 23:48:09.908,0.87526,0.87539,1.53,1.20
2011.10.12 23:48:10.402,0.87526,0.87542,1.50,1.95
2011.10.12 23:48:10.879,0.87528,0.87542,1.50,1.50
2011.10.12 23:48:11.007,0.87529,0.87546,1.50,3.00
2011.10.12 23:48:11.262,0.87531,0.87547,1.90,1.50
2011.10.12 23:48:11.515,0.87529,0.87547,2.28,2.25
2011.10.12 23:48:12.086,0.87529,0.87545,1.50,1.50
2011.10.12 23:48:14.168,0.87529,0.87545,1.50,1.88
2011.10.12 23:48:14.304,0.8753,0.87547,1.50,1.50
2011.10.12 23:48:14.896,0.87531,0.87548,1.50,1.50
2011.10.12 23:48:16.375,0.87531,0.8755,2.25,2.25
