2011.07.04 05:00:00.896,0.90465,0.9048,1.13,3.00
2011.07.04 05:00:02.048,0.90463,0.90478,1.13,1.50
2011.07.04 05:00:30.207,0.90459,0.90477,2.63,1.88
2011.07.04 05:00:30.755,0.90458,0.90477,1.50,1.88
2011.07.04 05:00:46.638,0.90459,0.90477,1.13,1.50
2011.07.04 05:00:55.316,0.90458,0.90477,1.88,1.50
2011.07.04 05:01:00.833,0.90453,0.90466,1.50,1.50
2011.07.04 05:01:00.942,0.90451,0.90464,1.50,1.50
2011.07.04 05:01:01.163,0.9045,0.90465,5.25,1.63
2011.07.04 05:01:01.715,0.90452,0.90465,2.25,1.63
2011.07.04 05:01:02.263,0.90452,0.90466,1.50,1.63
2011.07.04 05:01:02.380,0.90452,0.90465,1.88,2.38
2011.07.04 05:01:02.492,0.90449,0.90464,1.50,1.26
2011.07.04 05:01:02.939,0.9045,0.90463,1.13,1.50
2011.07.04 05:01:03.464,0.9045,0.90464,1.13,1.63
2011.07.04 05:01:03.572,0.90449,0.90463,1.50,1.26
2011.07.04 05:01:03.682,0.9045,0.90463,1.50,1.50
2011.07.04 05:01:04.675,0.9045,0.90464,1.50,1.50
2011.07.04 05:01:05.224,0.90451,0.90463,1.50,1.63
2011.07.04 05:01:05.605,0.90451,0.90463,1.13,1.63
2011.07.04 05:01:05.825,0.9045,0.90462,1.13,1.13
2011.07.04 05:01:06.374,0.90447,0.90461,1.50,1.50
2011.07.04 05:01:06.924,0.90448,0.90463,1.88,1.50
2011.07.04 05:01:09.165,0.90449,0.90464,1.50,1.13
2011.07.04 05:01:11.034,0.9045,0.90465,1.13,1.50
2011.07.04 05:01:11.253,0.90452,0.90466,1.88,1.63
2011.07.04 05:01:12.675,0.90454,0.90466,1.13,2.38
2011.07.04 05:01:14.038,0.90455,0.90467,1.88,2.38
2011.07.04 05:01:14.156,0.90456,0.90469,1.13,1.50
2011.07.04 05:01:14.763,0.90455,0.90469,1.88,1.50
2011.07.04 05:01:15.426,0.90454,0.90468,1.50,1.50
2011.07.04 05:01:15.882,0.90453,0.90466,1.13,2.38
2011.07.04 05:01:16.222,0.90451,0.90465,1.50,1.63
2011.07.04 05:01:16.340,0.9045,0.90465,3.38,1.63
2011.07.04 05:01:16.782,0.90451,0.90465,1.13,1.50
2011.07.04 05:01:17.341,0.90451,0.90465,1.13,1.50
2011.07.04 05:01:17.679,0.9045,0.90466,1.50,2.38
2011.07.04 05:01:17.800,0.90449,0.90463,2.25,1.50
2011.07.04 05:01:18.445,0.90449,0.90463,1.50,1.63
2011.07.04 05:01:19.215,0.90451,0.90465,1.13,1.50
2011.07.04 05:01:19.984,0.90452,0.90465,1.50,1.63
2011.07.04 05:01:20.754,0.90453,0.90467,2.25,1.50
2011.07.04 05:01:23.293,0.90452,0.90467,3.00,3.00
2011.07.04 05:01:23.843,0.90452,0.90468,1.13,1.63
2011.07.04 05:01:24.173,0.90453,0.90467,1.13,1.13
2011.07.04 05:01:24.288,0.90455,0.90468,1.13,1.63
2011.07.04 05:01:25.173,0.90455,0.90469,1.50,1.63
2011.07.04 05:01:25.395,0.90452,0.90468,1.88,4.63
2011.07.04 05:01:25.724,0.90451,0.90466,1.13,1.63
2011.07.04 05:01:26.165,0.90449,0.90465,1.13,2.25
2011.07.04 05:01:26.824,0.9045,0.90466,1.13,1.50
2011.07.04 05:01:27.045,0.9045,0.90466,2.25,1.50
2011.07.04 05:01:27.814,0.90448,0.90465,1.88,4.63
2011.07.04 05:01:28.365,0.90448,0.90463,1.50,1.48
2011.07.04 05:01:28.913,0.90449,0.90464,1.50,1.50
2011.07.04 05:01:29.133,0.9045,0.90466,1.13,1.63
2011.07.04 05:01:29.243,0.90452,0.90466,1.13,1.63
2011.07.04 05:01:29.903,0.90453,0.90466,1.88,1.50
2011.07.04 05:01:30.454,0.90453,0.90469,1.13,1.50
2011.07.04 05:01:30.675,0.90451,0.90468,1.13,2.25
2011.07.04 05:01:31.115,0.90453,0.90465,1.50,7.26
2011.07.04 05:01:31.663,0.90453,0.90465,1.13,1.13
2011.07.04 05:01:31.775,0.90453,0.90468,1.13,1.50
2011.07.04 05:01:32.322,0.90452,0.90466,1.13,2.25
2011.07.04 05:01:32.874,0.90451,0.90466,1.50,1.63
2011.07.04 05:01:32.983,0.90448,0.90464,1.13,1.26
2011.07.04 05:01:34.198,0.90445,0.90462,1.13,1.50
2011.07.04 05:01:34.894,0.90447,0.90459,1.50,1.63
2011.07.04 05:01:36.275,0.90448,0.9046,1.13,1.50
2011.07.04 05:01:36.932,0.90449,0.90464,1.50,2.38
2011.07.04 05:01:39.660,0.90453,0.90468,2.25,1.63
2011.07.04 05:01:40.614,0.90453,0.90469,1.88,1.88
2011.07.04 05:01:41.054,0.90455,0.90469,1.50,1.50
2011.07.04 05:01:41.604,0.90454,0.90468,1.13,1.63
2011.07.04 05:01:43.805,0.90452,0.90468,1.13,1.26
2011.07.04 05:01:44.134,0.9045,0.90468,1.50,1.63
2011.07.04 05:01:45.005,0.90449,0.90468,1.50,1.50
2011.07.04 05:01:45.553,0.90451,0.90469,1.13,2.38
2011.07.04 05:01:45.883,0.90451,0.90468,1.13,1.63
2011.07.04 05:01:45.994,0.90452,0.9047,1.88,1.88
2011.07.04 05:01:46.766,0.9045,0.90469,1.50,1.63
2011.07.04 05:01:47.681,0.90451,0.90467,1.13,1.50
2011.07.04 05:01:47.797,0.9045,0.90468,1.88,1.63
2011.07.04 05:01:47.911,0.90451,0.90467,1.13,1.63
2011.07.04 05:01:48.601,0.90451,0.90465,1.13,1.50
2011.07.04 05:01:48.716,0.90451,0.90466,1.13,1.50
2011.07.04 05:01:48.837,0.90452,0.90467,1.50,1.63
2011.07.04 05:01:49.449,0.90452,0.90468,3.00,3.00
2011.07.04 05:01:49.931,0.90451,0.90468,1.50,1.63
2011.07.04 05:01:50.050,0.9045,0.90466,1.13,1.63
2011.07.04 05:01:50.273,0.9045,0.90463,1.13,1.63
2011.07.04 05:01:50.714,0.90447,0.90463,1.50,1.50
2011.07.04 05:01:51.265,0.90448,0.90464,1.50,1.50
2011.07.04 05:01:51.813,0.90448,0.90464,1.13,1.63
2011.07.04 05:01:52.152,0.90448,0.90465,3.00,3.00
2011.07.04 05:01:52.594,0.90449,0.90466,2.25,1.63
2011.07.04 05:01:53.252,0.9045,0.90467,1.50,1.50
2011.07.04 05:01:57.445,0.90449,0.90466,1.50,1.50
2011.07.04 05:01:57.993,0.9045,0.90466,1.13,1.63
2011.07.04 05:01:58.103,0.90451,0.90465,2.63,1.13
2011.07.04 05:01:58.213,0.9045,0.90465,1.50,1.63
2011.07.04 05:01:58.545,0.90451,0.90467,1.13,1.63
2011.07.04 05:01:58.991,0.90452,0.90468,1.50,1.63
2011.07.04 05:02:14.095,0.9046,0.90476,2.25,1.50
2011.07.04 05:02:16.044,0.90462,0.90476,1.50,1.50
2011.07.04 05:02:31.575,0.90462,0.90476,1.50,1.50
2011.07.04 05:02:32.357,0.90462,0.90476,1.50,1.13
2011.07.04 05:02:32.905,0.90462,0.90477,1.50,4.13
2011.07.04 05:02:35.175,0.90461,0.90477,1.50,4.13
2011.07.04 05:02:35.726,0.90458,0.90476,3.00,1.13
2011.07.04 05:02:36.238,0.90458,0.90476,2.63,1.13
2011.07.04 05:02:36.688,0.90458,0.90474,1.50,1.13
2011.07.04 05:02:37.237,0.90459,0.90474,1.50,1.13
2011.07.04 05:02:37.457,0.90459,0.90476,2.25,1.88
2011.07.04 05:02:37.676,0.9046,0.90476,2.25,1.13
2011.07.04 05:02:51.695,0.90462,0.90476,1.50,1.13
2011.07.04 05:02:53.126,0.90462,0.90479,2.25,3.00
2011.07.04 05:02:54.056,0.90462,0.90478,1.50,3.00
2011.07.04 05:02:54.895,0.90462,0.90478,2.25,3.00
2011.07.04 05:02:55.117,0.90459,0.90477,1.50,1.13
2011.07.04 05:02:55.664,0.90458,0.90477,2.63,1.50
2011.07.04 05:02:56.435,0.9046,0.90477,1.50,1.50
2011.07.04 05:02:56.995,0.9046,0.90478,1.50,3.38
2011.07.04 05:02:57.215,0.90462,0.90478,1.50,3.00
2011.07.04 05:02:59.285,0.90462,0.90478,1.50,3.00
2011.07.04 05:03:06.626,0.90462,0.90479,1.50,1.50
2011.07.04 05:03:07.306,0.90458,0.90476,1.88,1.13
2011.07.04 05:03:13.015,0.90459,0.90477,1.13,1.50
2011.07.04 05:03:13.840,0.90461,0.90479,2.25,1.13
2011.07.04 05:03:14.545,0.90462,0.90479,1.50,1.13
2011.07.04 05:03:22.887,0.90462,0.9048,1.13,1.50
2011.07.04 05:03:24.536,0.9046,0.90479,1.13,1.50
2011.07.04 05:03:37.914,0.90464,0.9048,1.50,4.13
2011.07.04 05:03:40.226,0.90465,0.90479,1.50,3.00
2011.07.04 05:03:51.255,0.90465,0.90479,1.50,3.38
2011.07.04 05:03:51.586,0.90462,0.90477,1.50,1.13
2011.07.04 05:03:51.699,0.9046,0.90475,1.50,1.13
2011.07.04 05:03:51.816,0.90459,0.90475,3.00,1.13
2011.07.04 05:03:52.365,0.9046,0.90475,1.50,1.13
2011.07.04 05:04:03.086,0.90459,0.90475,1.50,1.13
2011.07.04 05:04:06.347,0.90457,0.90474,1.50,1.13
2011.07.04 05:04:06.786,0.90458,0.90476,1.50,1.13
2011.07.04 05:04:08.016,0.90458,0.90476,1.50,1.13
2011.07.04 05:04:08.611,0.9046,0.90478,1.50,3.38
2011.07.04 05:04:08.841,0.90461,0.90479,1.13,4.13
2011.07.04 05:04:10.086,0.90462,0.90479,1.88,3.00
2011.07.04 05:04:10.416,0.90465,0.90479,1.50,3.00
2011.07.04 05:04:16.726,0.90463,0.90478,1.50,1.13
2011.07.04 05:04:17.936,0.90461,0.90478,1.50,1.13
2011.07.04 05:04:19.825,0.90462,0.90478,1.50,1.13
2011.07.04 05:04:20.265,0.90463,0.90476,1.50,1.13
2011.07.04 05:04:20.815,0.90461,0.90476,2.25,1.13
2011.07.04 05:04:21.465,0.90462,0.90478,1.50,1.13
2011.07.04 05:04:23.336,0.90461,0.90479,3.38,3.38
2011.07.04 05:04:24.664,0.90462,0.90479,1.50,3.00
2011.07.04 05:04:26.156,0.90462,0.90479,1.88,2.25
2011.07.04 05:04:26.927,0.90465,0.90482,1.13,3.00
2011.07.04 05:04:27.256,0.90465,0.9048,1.50,1.50
2011.07.04 05:04:28.686,0.90465,0.90482,1.50,1.13
2011.07.04 05:04:31.708,0.90463,0.9048,1.50,1.50
2011.07.04 05:04:32.255,0.90463,0.9048,1.50,1.50
2011.07.04 05:04:37.966,0.90463,0.90481,2.25,1.50
2011.07.04 05:04:41.975,0.90464,0.90481,1.50,3.75
2011.07.04 05:04:42.886,0.90462,0.90481,1.88,3.75
2011.07.04 05:04:42.997,0.90466,0.90481,1.13,3.00
2011.07.04 05:04:45.486,0.90464,0.90481,1.88,3.00
2011.07.04 05:04:45.707,0.90463,0.9048,1.50,1.13
2011.07.04 05:04:48.005,0.90463,0.90479,1.13,1.50
2011.07.04 05:04:56.997,0.90462,0.90479,1.50,1.50
2011.07.04 05:04:57.326,0.90459,0.90475,1.50,1.13
2011.07.04 05:04:57.548,0.90459,0.90475,1.50,1.13
2011.07.04 05:05:00.579,0.90462,0.90479,1.13,3.00
2011.07.04 05:05:01.566,0.90461,0.9048,1.50,4.13
2011.07.04 05:05:07.525,0.90465,0.9048,1.50,4.13
2011.07.04 05:05:17.967,0.90465,0.9048,1.50,4.50
2011.07.04 05:05:20.018,0.90463,0.9048,2.25,4.50
2011.07.04 05:05:22.235,0.90465,0.9048,1.50,3.75
2011.07.04 05:05:26.587,0.90464,0.90479,1.50,1.50
2011.07.04 05:05:27.356,0.90464,0.9048,1.50,3.75
2011.07.04 05:05:28.135,0.90463,0.9048,1.13,3.75
2011.07.04 05:05:28.686,0.90462,0.9048,1.88,3.75
2011.07.04 05:05:30.093,0.90462,0.9048,1.88,4.50
2011.07.04 05:05:41.946,0.90462,0.90479,1.50,1.50
2011.07.04 05:05:51.127,0.90461,0.90479,2.63,1.50
2011.07.04 05:05:51.237,0.9046,0.90477,2.25,1.50
2011.07.04 05:05:51.897,0.9046,0.90476,1.50,1.50
2011.07.04 05:05:54.396,0.90461,0.90476,1.13,2.10
2011.07.04 05:05:59.525,0.9046,0.90476,1.50,2.10
2011.07.04 05:06:06.275,0.90459,0.90476,1.50,2.85
2011.07.04 05:06:06.937,0.9046,0.90476,1.88,2.85
2011.07.04 05:06:11.500,0.9046,0.90476,1.50,3.23
2011.07.04 05:06:21.448,0.90456,0.90474,1.50,1.13
2011.07.04 05:06:21.780,0.90452,0.90469,3.75,1.13
2011.07.04 05:06:22.007,0.90452,0.90469,1.50,1.13
2011.07.04 05:06:22.485,0.90454,0.90469,1.50,1.50
2011.07.04 05:06:22.601,0.90452,0.90464,1.50,1.13
2011.07.04 05:06:22.831,0.90452,0.90463,1.50,1.13
2011.07.04 05:06:23.387,0.90445,0.90457,3.00,2.10
2011.07.04 05:06:23.498,0.90444,0.90457,1.50,2.10
2011.07.04 05:06:24.048,0.90438,0.90454,1.50,1.89
2011.07.04 05:06:24.553,0.90436,0.90454,1.50,1.89
2011.07.04 05:06:24.777,0.90434,0.90449,1.50,2.10
2011.07.04 05:06:25.218,0.90435,0.90449,1.13,2.10
2011.07.04 05:06:25.550,0.90438,0.90452,1.13,3.60
2011.07.04 05:06:25.668,0.90438,0.90454,1.13,1.35
2011.07.04 05:06:26.217,0.90438,0.90455,1.13,5.10
2011.07.04 05:06:28.526,0.90437,0.90454,1.50,1.35
2011.07.04 05:06:29.597,0.9044,0.90453,1.50,1.35
2011.07.04 05:06:29.818,0.90437,0.90453,2.25,2.10
2011.07.04 05:06:29.931,0.90434,0.90446,1.50,1.50
2011.07.04 05:06:30.389,0.9044,0.90447,1.13,1.50
2011.07.04 05:06:30.514,0.90438,0.90454,2.25,1.35
2011.07.04 05:06:30.629,0.90438,0.90454,1.50,1.35
2011.07.04 05:06:30.747,0.90436,0.90449,1.50,1.13
2011.07.04 05:06:30.859,0.90436,0.90452,1.50,1.13
2011.07.04 05:06:30.980,0.90435,0.90446,1.50,1.13
2011.07.04 05:06:31.537,0.90435,0.90446,2.25,1.13
2011.07.04 05:06:31.866,0.90435,0.90446,1.50,1.13
2011.07.04 05:06:32.308,0.90435,0.90449,1.50,1.13
2011.07.04 05:06:34.033,0.90428,0.90441,3.00,1.35
2011.07.04 05:06:34.151,0.90428,0.90442,3.00,2.10
2011.07.04 05:06:34.707,0.90425,0.90441,1.50,1.35
2011.07.04 05:06:35.038,0.90429,0.90441,1.13,1.35
2011.07.04 05:06:35.588,0.90431,0.90445,2.25,2.10
2011.07.04 05:06:35.808,0.90432,0.90446,1.50,1.29
2011.07.04 05:06:35.917,0.90432,0.90447,2.25,2.79
2011.07.04 05:06:36.028,0.90434,0.90447,1.13,2.04
2011.07.04 05:06:36.359,0.90438,0.90447,1.88,1.29
2011.07.04 05:06:36.479,0.9044,0.90453,1.50,4.29
2011.07.04 05:06:36.598,0.90441,0.90453,1.50,1.29
2011.07.04 05:06:36.928,0.90434,0.90447,1.13,1.50
2011.07.04 05:06:37.039,0.90435,0.90451,1.13,1.50
2011.07.04 05:06:37.645,0.90431,0.90448,1.50,1.13
2011.07.04 05:06:37.765,0.9043,0.90448,1.50,1.88
2011.07.04 05:06:37.879,0.90428,0.90447,1.13,1.50
2011.07.04 05:06:38.208,0.90427,0.90443,1.50,1.13
2011.07.04 05:06:38.539,0.90424,0.9044,1.50,1.13
2011.07.04 05:06:38.869,0.90424,0.9044,1.50,1.13
2011.07.04 05:06:39.419,0.90424,0.9044,1.50,1.13
2011.07.04 05:06:40.079,0.90424,0.9044,1.50,1.13
2011.07.04 05:06:40.297,0.90424,0.90442,1.50,1.13
2011.07.04 05:06:40.627,0.90426,0.90442,1.50,1.13
2011.07.04 05:06:41.218,0.90425,0.90439,1.50,1.13
2011.07.04 05:06:41.766,0.90426,0.90439,1.50,1.13
2011.07.04 05:06:42.648,0.90426,0.90442,1.50,1.88
2011.07.04 05:06:42.867,0.90428,0.90445,1.50,1.50
2011.07.04 05:06:43.088,0.90429,0.90445,1.50,1.50
2011.07.04 05:06:43.422,0.90426,0.90445,1.50,1.88
2011.07.04 05:06:43.541,0.90424,0.90441,1.88,1.88
2011.07.04 05:06:43.658,0.90424,0.9044,2.63,1.50
2011.07.04 05:06:43.990,0.90422,0.90437,1.50,1.13
2011.07.04 05:06:44.328,0.90422,0.9044,2.25,1.13
2011.07.04 05:06:44.438,0.90423,0.9044,1.50,1.13
2011.07.04 05:06:44.547,0.90423,0.9044,1.50,1.13
2011.07.04 05:06:45.094,0.90425,0.90441,1.50,1.50
2011.07.04 05:06:45.955,0.90427,0.90443,1.50,1.50
2011.07.04 05:06:47.167,0.90428,0.90444,1.88,2.25
2011.07.04 05:06:47.608,0.90427,0.90443,1.50,1.50
2011.07.04 05:06:48.156,0.90427,0.90444,1.50,1.50
2011.07.04 05:06:48.706,0.90427,0.90445,1.50,1.88
2011.07.04 05:06:48.817,0.90429,0.90445,1.50,1.50
2011.07.04 05:06:48.927,0.90429,0.90445,1.50,1.50
2011.07.04 05:06:49.257,0.90427,0.90445,1.50,1.88
2011.07.04 05:06:49.697,0.90427,0.90445,1.50,1.88
2011.07.04 05:06:50.137,0.90424,0.90442,2.25,1.13
2011.07.04 05:06:50.250,0.90428,0.90444,1.50,1.13
2011.07.04 05:06:50.893,0.90429,0.90445,1.50,1.50
2011.07.04 05:06:51.561,0.90434,0.90447,1.13,1.50
2011.07.04 05:06:51.899,0.90437,0.90452,1.13,3.00
2011.07.04 05:06:52.236,0.90435,0.90451,1.50,1.50
2011.07.04 05:06:52.348,0.90435,0.90451,1.50,1.50
2011.07.04 05:06:52.895,0.90435,0.90451,1.50,1.50
2011.07.04 05:06:53.231,0.90431,0.90449,1.50,1.13
2011.07.04 05:06:53.568,0.90428,0.90446,2.25,1.88
2011.07.04 05:06:53.677,0.90428,0.90445,1.50,1.50
2011.07.04 05:06:54.559,0.90426,0.90444,1.50,1.13
2011.07.04 05:06:55.487,0.90429,0.90445,1.50,1.50
2011.07.04 05:06:55.930,0.90429,0.90445,1.50,1.50
2011.07.04 05:06:56.266,0.90426,0.90442,1.50,1.50
2011.07.04 05:06:56.597,0.90425,0.90441,1.50,1.13
2011.07.04 05:06:56.816,0.90426,0.90442,1.50,1.50
2011.07.04 05:06:57.477,0.90426,0.90442,1.50,1.88
2011.07.04 05:06:59.308,0.90423,0.90439,3.75,1.13
2011.07.04 05:07:00.028,0.90423,0.90439,1.50,1.13
2011.07.04 05:07:00.138,0.90423,0.90435,1.50,1.13
2011.07.04 05:07:00.689,0.90422,0.90435,1.50,1.13
2011.07.04 05:07:00.916,0.90422,0.90435,1.50,1.13
2011.07.04 05:07:01.467,0.90422,0.90437,1.50,1.88
2011.07.04 05:07:01.686,0.90422,0.90437,1.50,1.13
2011.07.04 05:07:02.126,0.90421,0.90435,1.50,1.13
2011.07.04 05:07:02.348,0.90421,0.90437,2.25,1.50
2011.07.04 05:07:02.460,0.90422,0.90437,1.88,1.13
2011.07.04 05:07:02.799,0.90424,0.90437,1.50,2.05
2011.07.04 05:07:03.345,0.90423,0.90433,1.50,1.67
2011.07.04 05:07:03.896,0.90423,0.90433,1.50,1.67
2011.07.04 05:07:04.448,0.90419,0.9043,1.50,1.67
2011.07.04 05:07:04.668,0.90414,0.90426,1.88,1.50
2011.07.04 05:07:04.890,0.90413,0.90427,1.50,1.67
2011.07.04 05:07:05.447,0.90416,0.9043,1.50,1.50
2011.07.04 05:07:05.996,0.90413,0.90427,1.50,1.50
2011.07.04 05:07:06.820,0.90413,0.90429,2.25,1.50
2011.07.04 05:07:07.047,0.90413,0.90427,1.50,1.50
2011.07.04 05:07:07.600,0.90411,0.90427,2.63,1.50
2011.07.04 05:07:08.706,0.90413,0.90427,1.88,1.50
2011.07.04 05:07:09.149,0.90416,0.90427,1.13,1.50
2011.07.04 05:07:09.271,0.90413,0.90429,2.25,2.25
2011.07.04 05:07:10.417,0.90417,0.90429,1.13,1.50
2011.07.04 05:07:10.757,0.90415,0.90429,2.63,1.50
2011.07.04 05:07:11.308,0.90416,0.90429,1.13,1.50
2011.07.04 05:07:11.527,0.90415,0.90429,1.50,1.50
2011.07.04 05:07:12.407,0.90416,0.90429,1.13,1.50
2011.07.04 05:07:12.516,0.90415,0.90429,1.50,1.50
2011.07.04 05:07:13.506,0.90415,0.90429,2.25,1.50
2011.07.04 05:07:13.837,0.90417,0.90429,1.13,1.50
2011.07.04 05:07:14.365,0.9042,0.90435,2.25,1.88
2011.07.04 05:07:14.588,0.90422,0.90438,1.50,1.88
2011.07.04 05:07:14.808,0.90423,0.90441,1.13,1.50
2011.07.04 05:07:14.918,0.90423,0.90441,1.13,1.50
2011.07.04 05:07:15.466,0.90425,0.90441,1.50,1.50
2011.07.04 05:07:15.577,0.90425,0.90443,1.88,1.50
2011.07.04 05:07:15.906,0.90427,0.90443,1.50,1.50
2011.07.04 05:07:16.457,0.90427,0.90443,1.50,1.50
2011.07.04 05:07:16.566,0.90426,0.90443,1.50,1.50
2011.07.04 05:07:17.117,0.90426,0.9044,1.50,1.50
2011.07.04 05:07:20.297,0.90426,0.90443,1.50,1.50
2011.07.04 05:07:21.126,0.90426,0.90443,1.50,1.50
2011.07.04 05:07:21.675,0.90426,0.90443,1.50,1.50
2011.07.04 05:07:22.510,0.90428,0.90445,1.13,1.35
2011.07.04 05:07:22.955,0.90428,0.90445,1.13,1.35
2011.07.04 05:07:23.505,0.90428,0.90445,1.13,1.35
2011.07.04 05:07:25.188,0.90428,0.90445,1.13,1.35
2011.07.04 05:07:25.516,0.90428,0.90445,1.13,1.35
2011.07.04 05:07:26.122,0.90429,0.90445,1.13,1.35
2011.07.04 05:07:26.678,0.90429,0.90445,1.13,1.35
2011.07.04 05:07:27.227,0.9043,0.90448,1.13,3.75
2011.07.04 05:07:27.336,0.9043,0.90448,1.13,3.75
2011.07.04 05:07:27.888,0.90431,0.90448,1.50,1.50
2011.07.04 05:07:28.325,0.90432,0.9045,1.13,1.50
2011.07.04 05:07:30.197,0.90435,0.90452,1.13,3.00
2011.07.04 05:07:30.419,0.90432,0.9045,1.13,1.50
2011.07.04 05:07:34.666,0.90431,0.90449,1.13,1.50
2011.07.04 05:07:34.887,0.9043,0.90446,1.50,1.50
2011.07.04 05:07:38.638,0.90428,0.9044,4.50,1.13
2011.07.04 05:07:38.859,0.90422,0.90438,1.13,1.50
2011.07.04 05:07:39.078,0.90422,0.9044,1.13,1.13
2011.07.04 05:07:40.395,0.90424,0.9044,1.13,1.50
2011.07.04 05:07:41.072,0.90422,0.9044,1.13,1.13
2011.07.04 05:07:41.627,0.90422,0.90441,1.13,1.50
2011.07.04 05:07:42.717,0.90423,0.90441,1.13,1.50
2011.07.04 05:07:45.637,0.90423,0.90441,1.13,1.88
2011.07.04 05:07:45.967,0.90418,0.90434,1.50,1.88
2011.07.04 05:07:47.896,0.90418,0.90434,1.50,1.50
2011.07.04 05:07:48.228,0.90419,0.90433,1.13,1.88
2011.07.04 05:07:48.777,0.90417,0.90432,1.50,1.13
2011.07.04 05:07:48.996,0.90416,0.9043,1.50,1.50
2011.07.04 05:07:49.766,0.90416,0.90428,1.50,1.13
2011.07.04 05:07:53.718,0.90415,0.9043,2.25,1.13
2011.07.04 05:07:53.937,0.90414,0.90428,3.00,1.13
2011.07.04 05:07:54.047,0.90413,0.90428,1.50,1.13
2011.07.04 05:07:54.267,0.90415,0.90427,3.75,1.50
2011.07.04 05:07:54.376,0.90418,0.90432,1.50,1.50
2011.07.04 05:07:54.486,0.90418,0.9043,1.50,1.13
2011.07.04 05:07:59.046,0.90422,0.90436,1.13,2.25
2011.07.04 05:07:59.157,0.90422,0.90437,1.13,3.38
2011.07.04 05:07:59.378,0.90418,0.90434,3.00,1.50
2011.07.04 05:07:59.927,0.90418,0.90433,1.50,1.50
2011.07.04 05:08:00.038,0.90414,0.9043,3.00,1.13
2011.07.04 05:08:00.260,0.90416,0.90434,1.13,1.50
2011.07.04 05:08:00.490,0.90416,0.90433,1.50,1.50
2011.07.04 05:08:00.937,0.90416,0.90433,1.50,1.50
2011.07.04 05:08:02.296,0.90414,0.90429,3.00,1.13
2011.07.04 05:08:02.409,0.90414,0.90427,2.25,1.50
2011.07.04 05:08:02.528,0.90416,0.90431,1.13,1.50
2011.07.04 05:08:02.637,0.90416,0.90433,1.88,1.13
2011.07.04 05:08:02.746,0.90419,0.90433,1.50,1.13
2011.07.04 05:08:02.966,0.90418,0.90433,2.25,1.13
2011.07.04 05:08:03.570,0.90419,0.90434,1.50,1.50
2011.07.04 05:08:04.128,0.90418,0.90432,1.50,1.50
2011.07.04 05:08:04.570,0.90422,0.90432,1.50,2.25
2011.07.04 05:08:04.801,0.90418,0.90434,1.13,1.50
2011.07.04 05:08:04.919,0.90426,0.90435,1.13,2.25
2011.07.04 05:08:05.028,0.90421,0.90435,1.13,3.00
2011.07.04 05:08:05.143,0.90427,0.90437,1.13,3.00
2011.07.04 05:08:05.370,0.90429,0.90437,1.50,1.50
2011.07.04 05:08:06.208,0.9043,0.90442,1.88,3.00
2011.07.04 05:08:06.600,0.90431,0.90443,1.50,3.00
2011.07.04 05:08:06.938,0.90431,0.90443,1.50,3.00
2011.07.04 05:08:08.187,0.90431,0.90443,1.50,3.00
2011.07.04 05:08:08.407,0.90431,0.90443,1.50,3.00
2011.07.04 05:08:08.737,0.90432,0.90443,1.88,3.00
2011.07.04 05:08:09.068,0.90435,0.90443,1.88,3.00
2011.07.04 05:08:09.178,0.90436,0.90446,1.50,1.50
2011.07.04 05:08:09.727,0.90436,0.90446,1.50,1.50
2011.07.04 05:08:10.277,0.90435,0.90446,1.50,1.88
2011.07.04 05:08:10.610,0.9043,0.90442,1.50,1.50
2011.07.04 05:08:10.949,0.90431,0.90444,1.50,3.00
2011.07.04 05:08:11.775,0.90429,0.90443,2.25,1.50
2011.07.04 05:08:12.663,0.90432,0.90443,1.50,1.50
2011.07.04 05:08:13.108,0.90429,0.90442,1.50,1.50
2011.07.04 05:08:13.548,0.90431,0.90444,1.50,3.75
2011.07.04 05:08:13.657,0.90431,0.90443,1.50,1.50
2011.07.04 05:08:14.205,0.90431,0.90444,2.25,1.50
2011.07.04 05:08:14.756,0.90432,0.90444,1.50,1.50
2011.07.04 05:08:14.869,0.90428,0.90438,1.50,1.13
2011.07.04 05:08:14.979,0.90429,0.9044,1.50,1.13
2011.07.04 05:08:15.208,0.90429,0.90438,1.50,1.50
2011.07.04 05:08:15.758,0.90429,0.90438,1.50,1.50
2011.07.04 05:08:16.701,0.90428,0.90436,1.50,1.88
2011.07.04 05:08:16.822,0.90424,0.90435,1.50,1.50
2011.07.04 05:08:17.267,0.90422,0.90435,1.50,1.88
2011.07.04 05:08:17.599,0.90418,0.90425,1.13,1.13
2011.07.04 05:08:17.715,0.90418,0.90425,1.50,1.50
2011.07.04 05:08:17.941,0.90412,0.90426,3.00,1.50
2011.07.04 05:08:18.059,0.90419,0.90427,1.50,1.50
2011.07.04 05:08:18.290,0.90418,0.90432,2.25,1.50
2011.07.04 05:08:18.408,0.90418,0.90432,2.25,1.50
2011.07.04 05:08:18.959,0.90414,0.90423,2.25,1.13
2011.07.04 05:08:19.624,0.90403,0.90414,2.25,1.13
2011.07.04 05:08:19.749,0.904,0.90414,2.25,1.13
2011.07.04 05:08:19.870,0.90395,0.90414,3.00,1.13
2011.07.04 05:08:20.755,0.90396,0.90414,4.13,1.13
2011.07.04 05:08:20.866,0.90396,0.90411,3.38,1.13
2011.07.04 05:08:21.196,0.90395,0.90411,2.25,1.13
2011.07.04 05:08:21.866,0.90396,0.90414,1.13,1.13
2011.07.04 05:08:22.307,0.90398,0.90414,1.13,1.50
2011.07.04 05:08:22.640,0.90403,0.90419,1.50,1.50
2011.07.04 05:08:23.143,0.90399,0.90415,4.13,1.13
2011.07.04 05:08:23.258,0.90399,0.90415,3.00,1.13
2011.07.04 05:08:24.137,0.90398,0.90414,1.50,1.13
2011.07.04 05:08:24.468,0.90402,0.90414,1.50,1.13
2011.07.04 05:08:24.687,0.90402,0.90417,3.75,1.50
2011.07.04 05:08:24.907,0.90404,0.90421,1.50,1.50
2011.07.04 05:08:25.130,0.90402,0.90411,3.75,1.13
2011.07.04 05:08:25.249,0.90402,0.90414,1.50,1.13
2011.07.04 05:08:25.470,0.904,0.90415,1.13,1.13
2011.07.04 05:08:25.589,0.90398,0.9041,2.25,1.13
2011.07.04 05:08:26.097,0.90395,0.9041,1.50,1.13
2011.07.04 05:08:26.538,0.90393,0.90408,1.35,1.50
2011.07.04 05:08:26.870,0.90394,0.90412,1.88,1.50
2011.07.04 05:08:26.989,0.90396,0.90412,1.50,1.50
2011.07.04 05:08:27.207,0.90394,0.9041,1.50,1.88
2011.07.04 05:08:27.647,0.90393,0.90408,1.35,1.13
2011.07.04 05:08:27.760,0.90394,0.9041,1.50,1.50
2011.07.04 05:08:27.877,0.90395,0.9041,2.25,1.50
2011.07.04 05:08:28.208,0.90396,0.9041,1.50,1.50
2011.07.04 05:08:28.317,0.90396,0.9041,1.50,1.50
2011.07.04 05:08:28.428,0.90396,0.90409,1.50,1.13
2011.07.04 05:08:28.757,0.90396,0.9041,3.00,1.50
2011.07.04 05:08:29.800,0.90396,0.9041,2.25,1.88
2011.07.04 05:08:30.029,0.90397,0.90415,1.88,3.00
2011.07.04 05:08:30.247,0.90397,0.90415,1.88,1.50
2011.07.04 05:08:30.468,0.90404,0.90418,1.13,3.00
2011.07.04 05:08:30.688,0.90398,0.90414,1.50,1.50
2011.07.04 05:08:30.907,0.90399,0.90415,1.13,1.50
2011.07.04 05:08:31.019,0.90398,0.90415,1.50,1.88
2011.07.04 05:08:31.348,0.90398,0.90413,1.50,1.50
2011.07.04 05:08:32.277,0.90396,0.9041,1.50,1.88
2011.07.04 05:08:32.388,0.90397,0.90411,1.50,1.50
2011.07.04 05:08:33.171,0.90397,0.90411,1.50,1.50
2011.07.04 05:08:34.881,0.90396,0.90408,1.50,1.13
2011.07.04 05:08:35.219,0.90395,0.90404,1.50,1.13
2011.07.04 05:08:35.768,0.90395,0.90404,1.50,1.13
2011.07.04 05:08:35.877,0.90395,0.90408,1.50,1.88
2011.07.04 05:08:36.098,0.90395,0.9041,1.50,1.13
2011.07.04 05:08:36.316,0.90395,0.9041,1.50,1.88
2011.07.04 05:08:36.867,0.90403,0.90412,1.13,1.50
2011.07.04 05:08:37.197,0.90403,0.90418,1.13,3.00
2011.07.04 05:08:37.704,0.904,0.90416,1.13,1.50
2011.07.04 05:08:38.259,0.904,0.90416,1.88,1.50
2011.07.04 05:08:38.590,0.904,0.90415,1.50,1.50
2011.07.04 05:08:39.042,0.90401,0.90419,1.13,2.85
2011.07.04 05:08:39.269,0.904,0.90415,1.50,1.50
2011.07.04 05:08:39.826,0.904,0.90416,1.50,1.50
2011.07.04 05:08:40.376,0.904,0.90417,1.50,1.50
2011.07.04 05:08:40.596,0.904,0.90413,1.50,1.50
2011.07.04 05:08:41.112,0.90399,0.90409,1.50,1.13
2011.07.04 05:08:41.458,0.90402,0.90418,1.13,3.75
2011.07.04 05:08:41.567,0.904,0.90418,2.63,3.75
2011.07.04 05:08:42.007,0.90408,0.90422,1.13,3.75
2011.07.04 05:08:42.119,0.90403,0.90417,1.50,1.50
2011.07.04 05:08:42.231,0.90405,0.90417,1.50,1.50
2011.07.04 05:08:42.568,0.90409,0.9042,1.13,1.13
2011.07.04 05:08:43.119,0.90409,0.90417,1.50,1.13
2011.07.04 05:08:43.451,0.90407,0.90422,1.13,2.63
2011.07.04 05:08:43.570,0.90405,0.90421,2.63,1.13
2011.07.04 05:08:43.907,0.90408,0.90422,1.50,1.50
2011.07.04 05:08:44.408,0.90409,0.90424,1.50,1.88
2011.07.04 05:08:44.637,0.9041,0.90426,2.25,1.88
2011.07.04 05:08:45.187,0.9041,0.90426,3.75,1.50
2011.07.04 05:08:45.296,0.90414,0.9043,1.13,1.50
2011.07.04 05:08:45.739,0.90411,0.90425,1.50,1.13
2011.07.04 05:08:45.968,0.90411,0.90429,1.88,1.50
2011.07.04 05:08:46.300,0.90411,0.90429,1.13,1.50
2011.07.04 05:08:47.098,0.9041,0.90428,2.63,1.50
2011.07.04 05:08:47.648,0.9041,0.90424,1.50,1.88
2011.07.04 05:08:47.759,0.9041,0.90425,1.50,1.50
2011.07.04 05:08:47.866,0.90412,0.9043,1.13,1.50
2011.07.04 05:08:48.410,0.9041,0.90424,1.50,1.50
2011.07.04 05:08:48.636,0.90411,0.90427,1.13,1.50
2011.07.04 05:08:48.748,0.90411,0.90427,1.13,1.50
2011.07.04 05:08:49.077,0.9041,0.90426,1.50,1.50
2011.07.04 05:08:49.518,0.90412,0.9043,1.13,1.88
2011.07.04 05:08:50.066,0.90412,0.9043,1.13,1.50
2011.07.04 05:08:50.728,0.90412,0.9043,1.13,1.50
2011.07.04 05:08:51.278,0.9041,0.90428,3.38,1.88
2011.07.04 05:08:51.830,0.90411,0.90427,1.13,2.25
2011.07.04 05:08:52.510,0.90409,0.90425,1.50,2.48
2011.07.04 05:08:53.091,0.90404,0.90418,5.63,1.13
2011.07.04 05:08:53.431,0.90404,0.90422,3.00,1.50
2011.07.04 05:08:53.547,0.90402,0.9042,3.00,1.13
2011.07.04 05:08:54.207,0.90404,0.90422,1.13,2.63
2011.07.04 05:09:00.466,0.90406,0.90424,1.88,1.50
2011.07.04 05:09:01.016,0.90408,0.90426,1.50,1.88
2011.07.04 05:09:01.565,0.90408,0.90426,1.50,1.13
2011.07.04 05:09:01.675,0.9041,0.90427,1.50,1.50
2011.07.04 05:09:01.789,0.90416,0.90429,1.50,1.50
2011.07.04 05:09:02.019,0.90412,0.90428,1.13,1.50
2011.07.04 05:09:02.239,0.90413,0.90429,1.13,1.50
2011.07.04 05:09:03.009,0.90413,0.90429,1.13,1.50
2011.07.04 05:09:03.117,0.90414,0.90432,1.13,1.50
2011.07.04 05:09:03.928,0.90416,0.90434,1.13,1.50
2011.07.04 05:09:04.807,0.90416,0.90434,1.13,1.50
2011.07.04 05:09:06.786,0.90415,0.90432,2.63,1.50
2011.07.04 05:09:07.336,0.90415,0.90432,1.88,1.50
2011.07.04 05:09:07.556,0.90417,0.90435,1.50,1.50
2011.07.04 05:09:07.776,0.90417,0.90435,1.50,1.50
2011.07.04 05:09:09.748,0.90423,0.90437,1.13,1.50
2011.07.04 05:09:09.967,0.9042,0.90436,1.13,1.50
2011.07.04 05:09:10.296,0.90417,0.90433,1.13,1.50
2011.07.04 05:09:10.739,0.90415,0.90429,1.13,1.13
2011.07.04 05:09:10.862,0.90414,0.90429,3.75,1.13
2011.07.04 05:09:11.416,0.90413,0.90429,2.63,1.88
2011.07.04 05:09:11.749,0.90415,0.90432,1.50,2.10
2011.07.04 05:09:11.857,0.90414,0.90429,3.00,1.88
2011.07.04 05:09:12.077,0.90414,0.90432,4.50,2.10
2011.07.04 05:09:12.679,0.90414,0.90432,4.50,2.10
2011.07.04 05:09:13.242,0.90418,0.90432,1.13,1.35
2011.07.04 05:09:13.908,0.9042,0.90436,1.13,1.50
2011.07.04 05:09:14.238,0.90423,0.90438,1.88,1.13
2011.07.04 05:09:14.349,0.90423,0.90438,1.88,1.13
2011.07.04 05:09:14.459,0.90425,0.90441,1.13,1.50
2011.07.04 05:09:14.567,0.90425,0.90441,1.13,1.50
2011.07.04 05:09:14.899,0.90427,0.90443,1.50,1.50
2011.07.04 05:09:15.008,0.90429,0.90445,1.88,1.88
2011.07.04 05:09:15.228,0.90429,0.90445,3.38,1.88
2011.07.04 05:09:15.780,0.90431,0.90445,2.63,1.13
2011.07.04 05:09:16.687,0.90432,0.90445,1.13,1.13
2011.07.04 05:09:16.919,0.90433,0.90448,1.13,1.50
2011.07.04 05:09:17.148,0.90434,0.9045,1.13,1.50
2011.07.04 05:09:17.479,0.90437,0.90452,1.13,1.50
2011.07.04 05:09:17.921,0.90436,0.90452,1.13,1.50
2011.07.04 05:09:18.039,0.90435,0.90451,1.65,1.50
2011.07.04 05:09:18.157,0.90435,0.90452,1.65,1.50
2011.07.04 05:09:18.598,0.90433,0.90451,1.13,1.50
2011.07.04 05:09:18.926,0.90433,0.90451,1.13,1.50
2011.07.04 05:09:19.476,0.90435,0.90451,1.13,1.50
2011.07.04 05:09:19.587,0.9043,0.90446,1.50,1.50
2011.07.04 05:09:19.698,0.90434,0.90452,1.13,3.00
2011.07.04 05:09:19.809,0.90434,0.90452,1.13,4.50
2011.07.04 05:09:20.247,0.90434,0.90451,1.13,3.00
2011.07.04 05:09:20.797,0.90434,0.90452,1.13,2.25
2011.07.04 05:09:21.237,0.90428,0.90443,2.25,1.13
2011.07.04 05:09:21.676,0.9043,0.90447,1.50,1.50
2011.07.04 05:09:21.794,0.90427,0.90443,2.25,1.13
2011.07.04 05:09:22.020,0.90427,0.90442,1.50,1.13
2011.07.04 05:09:22.140,0.90424,0.9044,4.50,1.50
2011.07.04 05:09:22.259,0.90421,0.9044,1.88,1.50
2011.07.04 05:09:22.480,0.90421,0.9044,1.88,1.50
2011.07.04 05:09:22.821,0.90424,0.90441,1.88,1.50
2011.07.04 05:09:26.205,0.90424,0.90441,1.88,1.50
2011.07.04 05:09:26.649,0.90428,0.90443,1.13,3.00
2011.07.04 05:09:26.763,0.90424,0.90439,1.13,1.50
2011.07.04 05:09:26.990,0.90428,0.90443,1.13,3.00
2011.07.04 05:09:27.218,0.90428,0.90443,1.13,3.00
2011.07.04 05:09:28.427,0.90431,0.90446,1.13,3.00
2011.07.04 05:09:30.397,0.90421,0.90434,3.00,1.13
2011.07.04 05:09:31.610,0.9042,0.90437,2.25,1.13
2011.07.04 05:09:32.606,0.90421,0.90437,1.50,1.13
2011.07.04 05:09:32.716,0.90422,0.90438,1.50,1.50
2011.07.04 05:09:33.049,0.90426,0.90444,1.13,3.75
2011.07.04 05:09:33.377,0.90421,0.90438,3.00,1.50
2011.07.04 05:09:33.489,0.90421,0.90438,2.25,1.50
2011.07.04 05:09:33.708,0.90421,0.9044,1.88,1.50
2011.07.04 05:09:34.317,0.90428,0.90444,1.13,3.00
2011.07.04 05:09:34.442,0.90428,0.90445,1.13,3.75
2011.07.04 05:09:35.476,0.90425,0.90443,1.13,1.50
2011.07.04 05:09:36.137,0.90428,0.90445,1.13,3.00
2011.07.04 05:09:37.357,0.90424,0.90442,1.13,1.50
2011.07.04 05:09:38.528,0.90424,0.90442,1.13,1.50
2011.07.04 05:09:38.747,0.90421,0.90438,1.88,1.50
2011.07.04 05:09:38.858,0.90423,0.90442,1.88,1.50
2011.07.04 05:09:39.076,0.90423,0.90442,1.88,1.50
2011.07.04 05:09:40.110,0.90421,0.9044,1.88,1.50
2011.07.04 05:09:40.665,0.90421,0.9044,1.88,1.50
2011.07.04 05:09:44.026,0.90424,0.90441,1.13,1.50
2011.07.04 05:09:46.106,0.90429,0.90445,1.13,4.50
2011.07.04 05:09:46.901,0.90425,0.90443,1.13,1.50
2011.07.04 05:09:49.028,0.90427,0.90443,1.13,1.50
2011.07.04 05:09:50.936,0.90423,0.90432,1.88,1.50
2011.07.04 05:09:51.487,0.90421,0.90432,1.13,1.50
2011.07.04 05:09:51.709,0.90421,0.90432,1.13,1.50
2011.07.04 05:09:51.927,0.90418,0.90433,1.50,1.50
2011.07.04 05:09:52.147,0.90413,0.90429,1.50,1.50
2011.07.04 05:09:52.646,0.90412,0.90428,1.13,1.50
2011.07.04 05:09:54.117,0.90411,0.90427,1.13,1.50
2011.07.04 05:10:01.773,0.90412,0.90428,1.13,1.50
2011.07.04 05:10:05.747,0.90409,0.90426,1.50,1.50
2011.07.04 05:10:05.969,0.90408,0.90426,1.88,1.50
2011.07.04 05:10:06.516,0.9041,0.90426,1.50,1.50
2011.07.04 05:10:09.799,0.9041,0.90428,1.88,1.50
2011.07.04 05:10:18.357,0.9041,0.90427,1.50,1.50
2011.07.04 05:10:19.286,0.90409,0.90425,1.13,1.50
2011.07.04 05:10:19.617,0.90409,0.90425,1.13,1.50
2011.07.04 05:10:27.567,0.90406,0.90423,1.50,1.50
2011.07.04 05:10:31.378,0.90408,0.90426,1.13,1.50
2011.07.04 05:10:32.330,0.90411,0.90428,1.13,4.50
2011.07.04 05:10:32.449,0.90408,0.90424,1.13,1.50
2011.07.04 05:10:32.996,0.90408,0.90424,1.13,1.50
2011.07.04 05:10:33.219,0.90405,0.90422,1.50,1.50
2011.07.04 05:10:33.767,0.90404,0.90422,1.88,1.50
2011.07.04 05:10:36.737,0.90405,0.90423,1.13,1.50
2011.07.04 05:10:37.070,0.90408,0.90424,1.13,1.50
2011.07.04 05:10:38.752,0.90406,0.90424,1.13,1.50
2011.07.04 05:10:40.503,0.90414,0.90425,1.13,1.50
2011.07.04 05:10:40.841,0.90407,0.90423,1.13,1.50
2011.07.04 05:10:40.961,0.90414,0.90428,1.13,1.50
2011.07.04 05:10:41.189,0.90409,0.90425,1.13,1.50
2011.07.04 05:10:41.407,0.90413,0.90428,1.13,1.50
2011.07.04 05:10:41.518,0.90408,0.90424,1.50,1.50
2011.07.04 05:10:41.849,0.90408,0.90424,1.13,1.50
2011.07.04 05:10:42.067,0.90406,0.90425,1.13,2.25
2011.07.04 05:10:42.290,0.90405,0.90423,1.13,1.50
2011.07.04 05:10:44.619,0.90404,0.9042,1.50,1.50
2011.07.04 05:10:44.848,0.90411,0.90424,1.13,1.50
2011.07.04 05:10:45.071,0.90411,0.90426,1.13,4.35
2011.07.04 05:10:45.299,0.90413,0.90426,1.13,1.35
2011.07.04 05:10:45.628,0.90413,0.90428,1.13,1.50
2011.07.04 05:10:46.750,0.9041,0.90424,1.50,1.50
2011.07.04 05:10:46.980,0.90407,0.90423,2.25,1.50
2011.07.04 05:10:47.537,0.90407,0.90423,1.50,4.50
2011.07.04 05:10:47.647,0.90405,0.90423,1.13,4.50
2011.07.04 05:10:47.866,0.90405,0.90423,1.13,4.50
2011.07.04 05:10:48.416,0.90405,0.90423,1.13,2.25
2011.07.04 05:10:48.966,0.90405,0.90423,1.13,2.25
2011.07.04 05:10:49.705,0.90405,0.90423,1.13,2.25
2011.07.04 05:10:49.928,0.90402,0.90421,1.13,1.50
2011.07.04 05:10:50.480,0.90406,0.90422,1.13,2.25
2011.07.04 05:10:52.029,0.90406,0.90422,1.13,5.25
2011.07.04 05:10:52.138,0.90404,0.90421,1.13,1.50
2011.07.04 05:10:52.248,0.90404,0.90421,1.13,1.50
2011.07.04 05:10:52.797,0.90404,0.90421,1.13,1.50
2011.07.04 05:10:53.458,0.90406,0.90422,1.50,1.50
2011.07.04 05:10:59.116,0.90408,0.90419,1.50,1.50
2011.07.04 05:10:59.447,0.90403,0.90413,1.50,1.50
2011.07.04 05:10:59.777,0.90401,0.90413,1.13,1.50
2011.07.04 05:11:00.326,0.90401,0.90413,1.13,2.25
2011.07.04 05:11:02.997,0.90396,0.90413,1.50,2.25
2011.07.04 05:11:03.437,0.904,0.90412,1.13,4.50
2011.07.04 05:11:03.548,0.904,0.90412,1.13,4.50
2011.07.04 05:11:05.009,0.90395,0.9041,1.13,1.50
2011.07.04 05:11:05.118,0.90401,0.9041,1.13,1.50
2011.07.04 05:11:05.559,0.90394,0.9041,2.25,1.50
2011.07.04 05:11:05.777,0.90394,0.9041,1.13,1.50
2011.07.04 05:11:06.327,0.90394,0.9041,1.88,1.50
2011.07.04 05:11:06.438,0.90399,0.90411,1.13,2.10
2011.07.04 05:11:06.766,0.90399,0.90411,1.13,1.35
2011.07.04 05:11:07.318,0.90397,0.90411,1.13,2.10
2011.07.04 05:11:07.646,0.90393,0.90408,1.50,1.50
2011.07.04 05:11:07.760,0.90396,0.90411,1.13,1.35
2011.07.04 05:11:08.099,0.90393,0.90408,1.50,1.50
2011.07.04 05:11:09.686,0.9039,0.9041,1.13,2.63
2011.07.04 05:11:10.698,0.9039,0.90405,1.50,1.50
2011.07.04 05:11:11.248,0.9039,0.90408,1.88,1.50
2011.07.04 05:11:11.796,0.9039,0.90408,1.88,1.50
2011.07.04 05:11:13.637,0.90391,0.90408,1.50,1.50
2011.07.04 05:11:15.616,0.9039,0.90409,1.13,1.50
2011.07.04 05:11:17.118,0.9039,0.90406,1.88,1.50
2011.07.04 05:11:17.447,0.90387,0.90401,1.13,1.50
2011.07.04 05:11:17.671,0.90383,0.90399,2.63,1.50
2011.07.04 05:11:17.789,0.90382,0.90398,1.88,1.50
2011.07.04 05:11:18.117,0.90378,0.90394,1.50,1.13
2011.07.04 05:11:18.229,0.90378,0.90394,1.50,1.13
2011.07.04 05:11:18.451,0.90379,0.90395,1.50,2.25
2011.07.04 05:11:18.569,0.90378,0.90394,1.13,1.50
2011.07.04 05:11:19.115,0.90378,0.90394,1.50,1.13
2011.07.04 05:11:19.228,0.90381,0.90397,1.50,2.85
2011.07.04 05:11:19.560,0.9038,0.90394,1.88,1.88
2011.07.04 05:11:19.792,0.90374,0.90389,1.50,1.50
2011.07.04 05:11:20.350,0.90376,0.90388,1.50,1.35
2011.07.04 05:11:20.470,0.9037,0.90388,1.88,1.35
2011.07.04 05:11:20.917,0.90377,0.90393,1.13,3.60
2011.07.04 05:11:21.251,0.90371,0.90385,3.00,1.13
2011.07.04 05:11:21.858,0.90364,0.90381,3.75,1.13
2011.07.04 05:11:21.973,0.90365,0.90381,1.50,1.13
2011.07.04 05:11:22.091,0.90367,0.90385,1.13,2.25
2011.07.04 05:11:22.210,0.90364,0.9038,1.50,1.13
2011.07.04 05:11:22.768,0.90362,0.90379,1.50,1.50
2011.07.04 05:11:22.989,0.90362,0.9038,1.50,1.50
2011.07.04 05:11:23.100,0.90362,0.90379,1.50,1.50
2011.07.04 05:11:23.657,0.90361,0.90379,1.13,1.50
2011.07.04 05:11:24.794,0.90365,0.90379,1.13,1.65
2011.07.04 05:11:25.128,0.90365,0.90379,1.13,1.28
2011.07.04 05:11:25.458,0.90365,0.90382,1.13,1.50
2011.07.04 05:11:25.678,0.90367,0.90384,1.13,1.50
2011.07.04 05:11:26.227,0.90367,0.90383,1.13,3.75
2011.07.04 05:11:26.558,0.90368,0.90387,1.50,2.63
2011.07.04 05:11:27.106,0.90369,0.90386,1.50,1.50
2011.07.04 05:11:28.756,0.90369,0.90387,1.50,1.88
2011.07.04 05:11:30.687,0.90373,0.90389,1.13,1.50
2011.07.04 05:11:31.182,0.90373,0.9039,1.13,2.25
2011.07.04 05:11:31.301,0.90372,0.9039,1.50,1.13
2011.07.04 05:11:33.690,0.90372,0.9039,1.50,1.88
2011.07.04 05:11:33.800,0.90376,0.90393,1.13,1.50
2011.07.04 05:11:35.097,0.90376,0.90392,1.13,1.50
2011.07.04 05:11:35.592,0.90374,0.9039,1.50,1.50
2011.07.04 05:11:36.699,0.90372,0.9039,1.13,1.50
2011.07.04 05:11:37.029,0.90371,0.90388,1.50,1.88
2011.07.04 05:11:37.687,0.90369,0.90384,3.75,1.13
2011.07.04 05:11:38.239,0.90369,0.90382,2.25,1.13
2011.07.04 05:11:38.679,0.90369,0.90384,3.00,1.13
2011.07.04 05:11:38.898,0.90367,0.90383,1.50,1.50
2011.07.04 05:11:39.400,0.90367,0.90383,1.50,1.50
2011.07.04 05:11:39.959,0.90368,0.90384,1.50,1.50
2011.07.04 05:11:40.288,0.9037,0.90388,1.13,1.88
2011.07.04 05:11:40.618,0.90376,0.90391,1.13,1.50
2011.07.04 05:11:41.168,0.90375,0.90393,1.13,1.13
2011.07.04 05:11:41.498,0.90375,0.90391,1.13,1.67
2011.07.04 05:11:42.047,0.90374,0.9039,1.13,1.67
2011.07.04 05:11:42.156,0.90373,0.90389,3.00,1.30
2011.07.04 05:11:42.929,0.90373,0.90387,2.25,1.13
2011.07.04 05:11:43.256,0.90371,0.90387,2.25,1.13
2011.07.04 05:11:43.869,0.9037,0.90387,2.25,1.13
2011.07.04 05:11:44.197,0.9037,0.90389,3.00,1.13
2011.07.04 05:11:45.298,0.90372,0.90391,1.13,1.50
2011.07.04 05:11:45.629,0.9037,0.9039,1.13,1.88
2011.07.04 05:11:45.957,0.9037,0.90387,1.13,1.50
2011.07.04 05:11:46.506,0.9037,0.90387,1.13,1.50
2011.07.04 05:11:46.948,0.90386,0.90391,1.50,3.00
2011.07.04 05:11:47.057,0.90386,0.90392,1.50,1.88
2011.07.04 05:11:47.169,0.90377,0.9039,1.35,1.50
2011.07.04 05:11:47.498,0.90375,0.90393,1.13,4.20
2011.07.04 05:11:47.828,0.90373,0.90392,2.25,1.13
2011.07.04 05:11:48.157,0.90375,0.90395,1.13,1.13
2011.07.04 05:11:49.080,0.90375,0.90393,1.13,2.25
2011.07.04 05:11:49.202,0.90372,0.90392,1.13,1.88
2011.07.04 05:11:49.868,0.90381,0.90393,1.13,1.13
2011.07.04 05:11:50.308,0.90379,0.90395,1.13,1.50
2011.07.04 05:11:50.530,0.90385,0.90398,1.13,1.50
2011.07.04 05:11:50.756,0.90382,0.90398,1.13,1.50
2011.07.04 05:11:50.869,0.90382,0.90398,1.13,1.50
2011.07.04 05:11:51.197,0.90381,0.90395,1.50,1.50
2011.07.04 05:11:51.749,0.90378,0.90395,1.50,1.13
2011.07.04 05:11:51.970,0.90381,0.90397,1.50,1.88
2011.07.04 05:11:52.419,0.90378,0.90394,2.25,1.13
2011.07.04 05:11:52.638,0.90378,0.90394,2.25,1.13
2011.07.04 05:11:52.858,0.90378,0.90392,1.50,1.13
2011.07.04 05:11:54.106,0.90378,0.90392,1.50,1.13
2011.07.04 05:11:55.136,0.90378,0.90395,1.50,1.13
2011.07.04 05:11:55.523,0.90377,0.90392,2.25,1.13
2011.07.04 05:11:55.972,0.90373,0.90381,3.00,1.13
2011.07.04 05:11:56.199,0.90372,0.90384,2.25,1.13
2011.07.04 05:11:56.418,0.90368,0.90384,1.50,1.13
2011.07.04 05:11:56.857,0.90367,0.90384,4.50,1.13
2011.07.04 05:11:57.186,0.9037,0.90386,1.50,1.13
2011.07.04 05:11:57.738,0.9037,0.90386,1.50,1.13
2011.07.04 05:11:57.848,0.90374,0.90391,1.13,3.00
2011.07.04 05:11:58.336,0.90382,0.90391,1.13,3.00
2011.07.04 05:11:58.464,0.9038,0.90394,1.13,1.35
2011.07.04 05:11:58.847,0.90375,0.90391,1.50,1.50
2011.07.04 05:11:58.973,0.90379,0.90394,3.00,2.85
2011.07.04 05:11:59.198,0.90381,0.90396,1.50,2.25
2011.07.04 05:11:59.310,0.90379,0.90392,1.50,2.10
2011.07.04 05:11:59.541,0.90374,0.90389,1.13,1.35
2011.07.04 05:11:59.768,0.90374,0.90389,1.13,1.35
2011.07.04 05:12:00.537,0.90376,0.90389,1.13,1.35
2011.07.04 05:12:02.739,0.90378,0.90389,1.13,1.35
2011.07.04 05:12:03.288,0.90377,0.90392,1.13,3.00
2011.07.04 05:12:03.509,0.90377,0.90395,1.13,1.50
2011.07.04 05:12:03.729,0.90384,0.90396,1.50,3.00
2011.07.04 05:12:04.062,0.9039,0.90401,1.50,1.50
2011.07.04 05:12:04.183,0.90389,0.90397,3.00,1.50
2011.07.04 05:12:04.298,0.90382,0.90397,3.00,1.50
2011.07.04 05:12:04.408,0.90382,0.90397,2.25,1.50
2011.07.04 05:12:04.627,0.9038,0.90398,1.50,1.88
2011.07.04 05:12:05.220,0.9038,0.90398,2.25,1.88
2011.07.04 05:12:05.560,0.90383,0.90398,1.50,1.50
2011.07.04 05:12:06.008,0.90384,0.904,1.50,2.03
2011.07.04 05:12:06.118,0.90382,0.90398,1.13,1.13
2011.07.04 05:12:07.185,0.90382,0.90398,1.13,2.63
2011.07.04 05:12:07.409,0.90383,0.90398,1.50,1.13
2011.07.04 05:12:07.629,0.90385,0.904,1.13,3.00
2011.07.04 05:12:07.960,0.90384,0.90397,1.50,1.13
2011.07.04 05:12:08.187,0.90379,0.90397,3.00,1.88
2011.07.04 05:12:09.289,0.90384,0.90397,1.13,1.13
2011.07.04 05:12:09.510,0.90378,0.90395,2.63,1.50
2011.07.04 05:12:09.960,0.9038,0.90396,1.13,1.50
2011.07.04 05:12:10.187,0.90377,0.90393,1.13,1.50
2011.07.04 05:12:10.628,0.90376,0.90392,1.50,1.50
2011.07.04 05:12:12.004,0.90378,0.90394,1.50,1.13
2011.07.04 05:12:12.563,0.90384,0.90401,1.13,5.25
2011.07.04 05:12:12.682,0.9038,0.90398,1.50,1.88
2011.07.04 05:12:13.127,0.9038,0.90398,1.13,1.13
2011.07.04 05:12:14.777,0.9038,0.90399,1.13,1.50
2011.07.04 05:12:18.717,0.90384,0.904,1.13,1.50
2011.07.04 05:12:22.448,0.90394,0.90404,1.13,1.50
2011.07.04 05:12:22.956,0.90389,0.90405,1.13,1.50
2011.07.04 05:12:23.947,0.90386,0.90404,1.13,1.50
2011.07.04 05:12:24.498,0.90386,0.90404,1.13,1.50
2011.07.04 05:12:24.828,0.90386,0.90404,1.13,1.50
2011.07.04 05:12:25.376,0.90386,0.90404,1.13,1.50
2011.07.04 05:12:25.930,0.9039,0.90401,1.13,1.50
2011.07.04 05:12:26.052,0.90388,0.90401,1.13,1.50
2011.07.04 05:12:26.281,0.90384,0.904,1.13,2.25
2011.07.04 05:12:26.400,0.90386,0.90402,1.13,1.50
2011.07.04 05:12:26.509,0.90384,0.90401,1.13,1.50
2011.07.04 05:12:26.728,0.90385,0.90401,1.13,1.50
2011.07.04 05:12:27.057,0.90385,0.90401,1.13,1.50
2011.07.04 05:12:27.632,0.90385,0.90401,1.13,1.50
2011.07.04 05:12:28.280,0.90385,0.90401,1.13,1.50
2011.07.04 05:12:28.567,0.90383,0.90401,1.88,1.88
2011.07.04 05:12:29.338,0.90383,0.90399,1.13,1.50
2011.07.04 05:12:30.437,0.90384,0.904,1.50,1.50
2011.07.04 05:12:31.206,0.90384,0.90402,1.13,1.50
2011.07.04 05:12:31.757,0.9039,0.90406,1.13,1.50
2011.07.04 05:12:31.868,0.90385,0.90402,1.13,1.50
2011.07.04 05:12:32.419,0.90386,0.90404,1.13,1.50
2011.07.04 05:12:34.437,0.90386,0.90402,1.50,1.50
2011.07.04 05:12:37.308,0.90386,0.90402,1.50,1.50
2011.07.04 05:12:37.638,0.90394,0.90408,1.13,1.50
2011.07.04 05:12:37.967,0.90396,0.90408,1.13,1.50
2011.07.04 05:12:38.187,0.90394,0.90408,1.13,2.25
2011.07.04 05:12:38.736,0.90394,0.90408,1.13,2.25
2011.07.04 05:12:38.846,0.90394,0.90408,1.13,2.25
2011.07.04 05:12:38.959,0.90396,0.90408,1.50,1.50
2011.07.04 05:12:39.606,0.90394,0.90408,1.50,1.50
2011.07.04 05:12:39.721,0.90392,0.90407,1.13,3.75
2011.07.04 05:12:39.950,0.9039,0.90403,1.13,1.35
2011.07.04 05:12:40.070,0.9039,0.90403,1.13,1.35
2011.07.04 05:12:40.849,0.90386,0.90402,1.13,2.25
2011.07.04 05:12:40.957,0.90386,0.90402,1.13,2.25
2011.07.04 05:12:42.169,0.90383,0.90399,2.25,1.50
2011.07.04 05:12:42.389,0.90381,0.90397,2.25,1.88
2011.07.04 05:12:42.939,0.90379,0.90393,1.88,1.35
2011.07.04 05:12:44.170,0.9038,0.90395,1.50,1.50
2011.07.04 05:12:44.399,0.90381,0.90395,1.50,1.50
2011.07.04 05:12:44.617,0.90382,0.90396,1.50,1.50
2011.07.04 05:12:45.388,0.90382,0.90394,2.25,1.13
2011.07.04 05:12:45.499,0.90382,0.90396,2.25,1.50
2011.07.04 05:12:46.378,0.90383,0.90399,3.00,1.50
2011.07.04 05:12:46.488,0.90384,0.90399,2.25,1.50
2011.07.04 05:12:47.036,0.90383,0.904,4.50,1.50
2011.07.04 05:12:49.356,0.90383,0.904,3.75,1.50
2011.07.04 05:12:49.466,0.90385,0.90401,1.88,1.50
2011.07.04 05:12:50.457,0.90385,0.90401,1.13,1.50
2011.07.04 05:12:51.445,0.90384,0.904,1.13,1.50
2011.07.04 05:12:52.070,0.90384,0.904,1.13,1.50
2011.07.04 05:12:56.317,0.90384,0.904,1.13,1.50
2011.07.04 05:12:58.287,0.90386,0.90403,1.13,1.50
2011.07.04 05:13:00.299,0.90389,0.90403,1.13,1.50
2011.07.04 05:13:01.157,0.90389,0.90403,1.13,1.50
2011.07.04 05:13:01.817,0.90389,0.90403,1.13,1.50
2011.07.04 05:13:02.808,0.90387,0.90403,1.13,2.25
2011.07.04 05:13:03.692,0.90383,0.90401,1.13,2.25
2011.07.04 05:13:03.918,0.90382,0.90398,1.50,1.50
2011.07.04 05:13:04.357,0.90383,0.90401,1.13,2.25
2011.07.04 05:13:04.689,0.90388,0.90403,1.13,2.25
2011.07.04 05:13:05.236,0.90388,0.90403,1.13,1.50
2011.07.04 05:13:05.986,0.90388,0.90403,1.13,1.50
2011.07.04 05:13:06.487,0.90387,0.90403,1.13,4.50
2011.07.04 05:13:06.710,0.90384,0.904,1.13,1.50
2011.07.04 05:13:07.040,0.90384,0.904,1.13,1.50
2011.07.04 05:13:07.503,0.90381,0.90397,1.88,1.50
2011.07.04 05:13:07.838,0.90381,0.90397,1.50,1.88
2011.07.04 05:13:07.948,0.90381,0.90398,1.50,1.50
2011.07.04 05:13:08.718,0.90382,0.90398,2.25,1.50
2011.07.04 05:13:09.048,0.90381,0.90395,3.00,1.13
2011.07.04 05:13:09.378,0.90381,0.90393,2.25,1.13
2011.07.04 05:13:09.598,0.90378,0.90393,2.25,1.13
2011.07.04 05:13:10.146,0.90379,0.90393,2.25,1.13
2011.07.04 05:13:10.256,0.9038,0.90397,1.88,1.50
2011.07.04 05:13:10.368,0.90382,0.90398,1.50,1.50
2011.07.04 05:13:10.821,0.9038,0.90397,1.50,1.13
2011.07.04 05:13:11.609,0.9038,0.90396,1.50,1.50
2011.07.04 05:13:12.378,0.90381,0.90397,2.25,1.13
2011.07.04 05:13:13.370,0.9038,0.90396,1.50,1.50
2011.07.04 05:13:14.147,0.90381,0.90396,1.50,1.50
2011.07.04 05:13:15.899,0.90381,0.90397,4.50,1.88
2011.07.04 05:13:16.470,0.90381,0.90398,2.25,1.50
2011.07.04 05:13:17.027,0.90382,0.90398,2.25,1.50
2011.07.04 05:13:17.688,0.90384,0.90402,1.88,2.25
2011.07.04 05:13:17.910,0.90382,0.904,1.13,1.50
2011.07.04 05:13:18.468,0.90385,0.90401,1.13,1.50
2011.07.04 05:13:18.687,0.90383,0.90399,1.13,1.50
2011.07.04 05:13:18.799,0.90378,0.90394,4.88,1.13
2011.07.04 05:13:20.782,0.90382,0.90396,1.50,2.25
2011.07.04 05:13:21.118,0.90379,0.90396,1.50,1.88
2011.07.04 05:13:22.388,0.90378,0.90396,3.00,1.88
2011.07.04 05:13:22.497,0.90378,0.90394,1.50,1.50
2011.07.04 05:13:23.377,0.90377,0.90391,1.50,1.13
2011.07.04 05:13:23.712,0.90381,0.90398,1.13,1.50
2011.07.04 05:13:24.377,0.90381,0.90397,1.13,2.25
2011.07.04 05:13:26.386,0.90379,0.90395,1.50,1.50
2011.07.04 05:13:26.717,0.90378,0.90395,1.50,1.50
2011.07.04 05:13:28.090,0.9038,0.90396,1.13,1.50
2011.07.04 05:13:29.087,0.90379,0.90396,1.50,1.50
2011.07.04 05:13:29.857,0.90378,0.90396,2.63,1.50
2011.07.04 05:13:30.979,0.90378,0.90392,1.50,1.50
2011.07.04 05:13:31.199,0.90379,0.90396,1.50,1.50
2011.07.04 05:13:33.118,0.90378,0.90392,2.25,1.50
2011.07.04 05:13:33.668,0.90381,0.90397,1.13,1.50
2011.07.04 05:13:33.999,0.90378,0.90396,1.88,1.50
2011.07.04 05:13:36.751,0.90379,0.90397,1.88,2.25
2011.07.04 05:13:39.359,0.90378,0.90392,1.50,1.50
2011.07.04 05:13:39.910,0.90377,0.90393,1.50,1.13
2011.07.04 05:13:40.467,0.90376,0.90387,3.00,1.13
2011.07.04 05:13:40.688,0.90376,0.9039,2.25,1.13
2011.07.04 05:13:42.629,0.90377,0.90393,1.50,1.50
2011.07.04 05:13:42.741,0.90379,0.90393,1.50,1.50
2011.07.04 05:13:42.859,0.90381,0.90395,1.50,1.13
2011.07.04 05:13:42.969,0.90379,0.90395,2.25,1.13
2011.07.04 05:13:43.187,0.90377,0.90393,2.25,1.50
2011.07.04 05:13:43.299,0.90375,0.90389,4.50,1.13
2011.07.04 05:13:43.814,0.90377,0.90392,1.50,1.50
2011.07.04 05:13:44.371,0.90377,0.90394,1.88,1.50
2011.07.04 05:13:44.490,0.90376,0.90386,1.50,1.13
2011.07.04 05:13:44.721,0.90376,0.90392,1.50,1.88
2011.07.04 05:13:44.839,0.90379,0.90393,1.50,1.50
2011.07.04 05:13:46.192,0.90377,0.90393,2.63,1.88
2011.07.04 05:13:46.749,0.90377,0.90392,1.50,1.13
2011.07.04 05:13:47.078,0.90376,0.90392,1.50,1.13
2011.07.04 05:13:49.898,0.90376,0.9039,1.50,1.50
2011.07.04 05:13:50.338,0.90378,0.90394,1.50,1.50
2011.07.04 05:13:50.447,0.90378,0.90394,2.25,1.50
2011.07.04 05:13:51.328,0.90378,0.90392,1.50,1.88
2011.07.04 05:13:51.876,0.90377,0.90392,2.25,1.88
2011.07.04 05:13:52.428,0.90377,0.90392,2.63,1.88
2011.07.04 05:13:53.308,0.90379,0.90392,1.88,1.50
2011.07.04 05:13:53.964,0.90381,0.90398,1.88,1.50
2011.07.04 05:13:54.083,0.90381,0.90397,1.50,1.50
2011.07.04 05:13:54.967,0.90381,0.90398,1.88,1.50
2011.07.04 05:13:56.069,0.90386,0.90398,1.13,1.50
2011.07.04 05:13:56.189,0.90384,0.90398,1.50,2.25
2011.07.04 05:13:56.409,0.90381,0.90392,1.13,1.13
2011.07.04 05:13:56.630,0.90379,0.90391,1.50,1.13
2011.07.04 05:13:56.958,0.90379,0.90395,1.50,1.50
2011.07.04 05:13:58.176,0.90382,0.90397,1.13,1.13
2011.07.04 05:13:59.169,0.90381,0.90397,1.50,1.50
2011.07.04 05:13:59.277,0.90381,0.90397,1.50,1.50
2011.07.04 05:13:59.827,0.90381,0.90397,1.50,1.88
2011.07.04 05:13:59.937,0.9038,0.90397,1.50,1.50
2011.07.04 05:14:00.158,0.90379,0.90397,1.13,1.50
2011.07.04 05:14:00.817,0.9038,0.90398,1.13,2.63
2011.07.04 05:14:01.366,0.90384,0.90398,1.13,1.88
2011.07.04 05:14:01.587,0.90384,0.904,1.13,1.13
2011.07.04 05:14:01.698,0.90384,0.90402,1.13,4.50
2011.07.04 05:14:03.203,0.90387,0.90402,1.13,1.88
2011.07.04 05:14:03.538,0.90384,0.904,1.88,1.50
2011.07.04 05:14:03.761,0.90383,0.90396,1.88,1.50
2011.07.04 05:14:03.990,0.90384,0.90398,1.13,1.13
2011.07.04 05:14:04.219,0.90386,0.90401,1.13,1.13
2011.07.04 05:14:04.549,0.90383,0.90399,1.13,1.50
2011.07.04 05:14:05.320,0.90383,0.90392,2.25,1.50
2011.07.04 05:14:05.758,0.90383,0.90392,1.50,1.50
2011.07.04 05:14:06.356,0.90383,0.90392,1.50,1.50
2011.07.04 05:14:06.689,0.90385,0.90393,1.88,1.50
2011.07.04 05:14:06.800,0.90385,0.90393,2.25,1.50
2011.07.04 05:14:07.149,0.9039,0.90402,1.50,1.50
2011.07.04 05:14:07.478,0.90389,0.90402,2.25,1.50
2011.07.04 05:14:08.052,0.90387,0.90402,1.13,1.50
2011.07.04 05:14:08.939,0.90388,0.90402,1.13,1.50
2011.07.04 05:14:10.041,0.90391,0.90402,1.13,1.50
2011.07.04 05:14:10.269,0.90391,0.90402,1.13,1.50
2011.07.04 05:14:10.817,0.90391,0.90402,1.13,1.50
2011.07.04 05:14:11.588,0.9039,0.90402,1.13,1.50
2011.07.04 05:14:12.137,0.9039,0.90402,1.13,1.50
2011.07.04 05:14:12.690,0.90387,0.90402,1.13,2.25
2011.07.04 05:14:12.813,0.90389,0.90402,1.13,1.50
2011.07.04 05:14:12.931,0.90387,0.90399,1.50,1.50
2011.07.04 05:14:13.453,0.9038,0.90397,1.88,1.50
2011.07.04 05:14:13.899,0.9038,0.90393,1.13,1.50
2011.07.04 05:14:14.446,0.9038,0.90392,1.13,1.50
2011.07.04 05:14:14.998,0.90378,0.90392,1.88,1.50
2011.07.04 05:14:16.116,0.9038,0.90392,1.13,1.50
2011.07.04 05:14:17.218,0.9038,0.90394,1.88,1.50
2011.07.04 05:14:17.658,0.90382,0.90396,1.50,1.50
2011.07.04 05:14:18.210,0.90385,0.90402,1.13,1.50
2011.07.04 05:14:19.259,0.90387,0.90402,1.13,2.25
2011.07.04 05:14:19.810,0.90383,0.90399,2.63,1.50
2011.07.04 05:14:19.920,0.90383,0.90397,1.50,1.50
2011.07.04 05:14:25.977,0.90384,0.904,1.13,2.25
2011.07.04 05:14:26.418,0.90384,0.904,1.13,1.50
2011.07.04 05:14:27.419,0.90387,0.90402,1.13,2.25
2011.07.04 05:14:27.968,0.90388,0.90402,1.13,2.25
2011.07.04 05:14:28.077,0.90383,0.90401,3.38,1.50
2011.07.04 05:14:28.187,0.90387,0.90402,1.13,2.25
2011.07.04 05:14:29.287,0.90386,0.90402,1.13,3.00
2011.07.04 05:14:29.838,0.90387,0.90402,1.13,2.25
2011.07.04 05:14:31.509,0.90392,0.90402,1.13,2.25
2011.07.04 05:14:31.621,0.90388,0.90402,1.88,1.50
2011.07.04 05:14:32.120,0.90385,0.90397,1.13,1.50
2011.07.04 05:14:32.572,0.90385,0.90401,1.13,4.50
2011.07.04 05:14:32.801,0.90385,0.904,1.13,1.88
2011.07.04 05:14:32.919,0.90385,0.904,1.13,1.88
2011.07.04 05:14:33.908,0.90387,0.90397,1.13,1.50
2011.07.04 05:14:34.019,0.90384,0.90397,1.13,1.50
2011.07.04 05:14:34.237,0.90384,0.90397,1.13,1.63
2011.07.04 05:14:34.568,0.90387,0.90397,1.13,1.63
2011.07.04 05:14:34.678,0.90385,0.90397,1.13,1.63
2011.07.04 05:14:35.228,0.90386,0.90398,1.13,1.50
2011.07.04 05:14:35.338,0.90388,0.90397,1.13,1.50
2011.07.04 05:14:36.152,0.9039,0.90398,1.13,1.50
2011.07.04 05:14:36.488,0.90386,0.90397,1.13,1.50
2011.07.04 05:14:36.937,0.90389,0.90397,1.13,1.50
2011.07.04 05:14:37.929,0.90389,0.90397,1.13,1.50
2011.07.04 05:14:38.148,0.90391,0.90403,1.13,1.50
2011.07.04 05:14:39.030,0.90388,0.90403,1.88,4.50
2011.07.04 05:14:39.470,0.90384,0.904,2.25,3.00
2011.07.04 05:14:39.688,0.90384,0.90397,1.13,1.50
2011.07.04 05:14:40.018,0.90384,0.90397,1.13,1.50
2011.07.04 05:14:40.347,0.90388,0.904,1.13,1.13
2011.07.04 05:14:40.898,0.90385,0.90398,1.13,1.50
2011.07.04 05:14:41.452,0.90387,0.90398,1.13,1.50
2011.07.04 05:14:42.570,0.90385,0.904,1.13,1.50
2011.07.04 05:14:43.448,0.90381,0.90398,1.13,1.50
2011.07.04 05:14:43.559,0.90381,0.90398,1.13,1.50
2011.07.04 05:14:43.781,0.90379,0.90397,2.63,3.00
2011.07.04 05:14:44.232,0.90379,0.90393,1.50,1.50
2011.07.04 05:14:45.514,0.90376,0.90387,2.25,1.13
2011.07.04 05:14:45.851,0.90381,0.90388,1.13,1.13
2011.07.04 05:14:46.080,0.90379,0.90394,1.13,2.03
2011.07.04 05:14:46.190,0.90379,0.90394,1.13,1.65
2011.07.04 05:14:46.527,0.90378,0.90389,1.13,1.50
2011.07.04 05:14:47.299,0.90378,0.90387,1.13,1.50
2011.07.04 05:14:47.521,0.90375,0.90388,1.13,1.50
2011.07.04 05:14:48.078,0.90375,0.90388,1.13,1.50
2011.07.04 05:14:49.739,0.90377,0.90388,1.13,1.50
2011.07.04 05:14:50.713,0.90375,0.90388,1.13,1.50
2011.07.04 05:14:51.488,0.90376,0.90388,1.13,1.88
2011.07.04 05:14:51.599,0.90373,0.90388,1.13,1.88
2011.07.04 05:14:51.709,0.90373,0.90388,1.13,1.88
2011.07.04 05:14:51.931,0.9037,0.90388,1.13,2.63
2011.07.04 05:14:52.489,0.9037,0.90388,1.88,1.50
2011.07.04 05:14:53.149,0.90373,0.90391,1.13,1.50
2011.07.04 05:14:54.797,0.90373,0.90391,1.13,1.50
2011.07.04 05:14:55.814,0.90371,0.90389,1.13,1.88
2011.07.04 05:14:56.478,0.90374,0.9039,1.13,1.50
2011.07.04 05:14:56.917,0.9037,0.90389,1.88,1.50
2011.07.04 05:14:57.798,0.90374,0.90391,1.13,2.25
2011.07.04 05:14:58.127,0.9037,0.90388,1.88,1.13
2011.07.04 05:14:58.458,0.90372,0.9039,1.13,1.50
2011.07.04 05:14:59.228,0.9037,0.90389,1.50,1.13
2011.07.04 05:14:59.670,0.90375,0.90391,1.13,1.50
2011.07.04 05:14:59.997,0.90375,0.90391,1.50,1.50
2011.07.04 05:15:00.822,0.90376,0.90394,1.13,1.50
2011.07.04 05:15:01.160,0.90383,0.90396,1.13,1.50
2011.07.04 05:15:01.486,0.90383,0.90396,1.13,1.50
2011.07.04 05:15:02.038,0.90384,0.90396,1.13,1.50
2011.07.04 05:15:02.368,0.90379,0.90395,1.88,1.50
2011.07.04 05:15:02.480,0.90381,0.90396,1.13,1.50
2011.07.04 05:15:03.030,0.90381,0.90396,1.13,1.50
2011.07.04 05:15:03.147,0.90381,0.90396,1.13,1.50
2011.07.04 05:15:03.807,0.90378,0.90394,1.88,1.50
2011.07.04 05:15:03.917,0.90378,0.90394,1.13,1.50
2011.07.04 05:15:05.182,0.9038,0.90396,1.13,2.25
2011.07.04 05:15:06.290,0.90376,0.90392,1.13,1.50
2011.07.04 05:15:06.397,0.90374,0.90392,3.38,1.50
2011.07.04 05:15:07.167,0.90374,0.9039,3.00,1.88
2011.07.04 05:15:09.268,0.90372,0.90387,4.50,1.13
2011.07.04 05:15:09.688,0.90374,0.9039,1.50,1.88
2011.07.04 05:15:10.238,0.90374,0.9039,1.88,1.50
2011.07.04 05:15:10.897,0.90376,0.9039,3.00,1.50
2011.07.04 05:15:11.228,0.90381,0.90398,1.13,1.50
2011.07.04 05:15:11.449,0.9038,0.90398,1.50,1.88
2011.07.04 05:15:11.780,0.90379,0.90396,1.50,1.50
2011.07.04 05:15:12.338,0.9038,0.90396,2.25,1.50
2011.07.04 05:15:12.559,0.90385,0.90401,1.13,1.50
2011.07.04 05:15:12.888,0.90384,0.90399,1.50,1.50
2011.07.04 05:15:13.988,0.9038,0.90396,1.50,1.50
2011.07.04 05:15:14.207,0.90382,0.90398,1.13,1.50
2011.07.04 05:15:14.538,0.90382,0.90395,1.13,1.50
2011.07.04 05:15:15.087,0.90381,0.90392,1.13,1.50
2011.07.04 05:15:15.967,0.90383,0.90392,1.13,1.50
2011.07.04 05:15:16.518,0.90383,0.90392,1.13,1.50
2011.07.04 05:15:17.067,0.90383,0.90392,1.13,1.50
2011.07.04 05:15:18.962,0.90379,0.90392,1.88,1.50
2011.07.04 05:15:20.070,0.90381,0.90392,1.13,1.50
2011.07.04 05:15:20.847,0.90378,0.90392,2.63,1.50
2011.07.04 05:15:21.397,0.90378,0.90392,1.88,1.50
2011.07.04 05:15:21.946,0.90378,0.90392,1.50,2.25
2011.07.04 05:15:22.498,0.90378,0.90392,1.50,1.50
2011.07.04 05:15:23.142,0.90377,0.90392,1.50,1.50
2011.07.04 05:15:24.272,0.90376,0.90389,1.50,1.13
2011.07.04 05:15:27.887,0.90376,0.9039,1.50,1.88
2011.07.04 05:15:30.477,0.90375,0.90388,2.25,1.13
2011.07.04 05:15:31.030,0.90375,0.90391,3.75,2.63
2011.07.04 05:15:31.578,0.90375,0.90391,3.00,1.50
2011.07.04 05:15:32.128,0.90376,0.90389,1.50,1.13
2011.07.04 05:15:32.678,0.90375,0.90388,1.50,1.88
2011.07.04 05:15:33.206,0.90373,0.90387,1.50,2.25
2011.07.04 05:15:33.760,0.90373,0.90385,1.13,1.50
2011.07.04 05:15:35.358,0.90371,0.90383,1.13,1.50
2011.07.04 05:15:35.469,0.90371,0.90383,1.13,1.50
2011.07.04 05:15:36.241,0.90367,0.90383,2.63,2.25
2011.07.04 05:15:36.359,0.90367,0.90383,2.25,2.25
2011.07.04 05:15:36.470,0.90366,0.9038,2.25,1.50
2011.07.04 05:15:37.468,0.90367,0.90382,1.50,1.50
2011.07.04 05:15:37.689,0.90368,0.90383,1.13,1.50
2011.07.04 05:15:38.678,0.90367,0.90382,1.50,1.50
2011.07.04 05:15:38.897,0.90367,0.90383,1.88,1.50
2011.07.04 05:15:39.229,0.90367,0.90383,1.88,3.75
2011.07.04 05:15:39.339,0.90364,0.90382,1.13,2.25
2011.07.04 05:15:40.767,0.90365,0.90382,1.13,2.25
2011.07.04 05:15:41.403,0.90362,0.90378,1.50,1.88
2011.07.04 05:15:41.738,0.90363,0.90378,1.13,1.50
2011.07.04 05:15:42.070,0.90363,0.90377,1.13,3.00
2011.07.04 05:15:42.399,0.90365,0.90377,1.13,3.00
2011.07.04 05:15:42.728,0.90363,0.90377,1.13,3.00
2011.07.04 05:15:42.839,0.90363,0.90377,1.13,3.00
2011.07.04 05:15:43.058,0.90359,0.90377,1.13,4.13
2011.07.04 05:15:43.279,0.90362,0.90377,1.13,3.38
2011.07.04 05:15:43.501,0.90355,0.90373,1.13,1.88
2011.07.04 05:15:44.892,0.90355,0.90371,1.13,1.88
2011.07.04 05:15:45.778,0.90352,0.90369,1.50,1.88
2011.07.04 05:15:45.998,0.90352,0.9037,1.13,1.50
2011.07.04 05:15:46.440,0.9035,0.90367,1.13,1.13
2011.07.04 05:15:46.989,0.90349,0.90367,1.13,1.88
2011.07.04 05:15:47.537,0.90349,0.90367,1.88,1.50
2011.07.04 05:15:47.870,0.90356,0.90367,1.50,1.50
2011.07.04 05:15:48.425,0.90348,0.90365,3.75,1.50
2011.07.04 05:15:48.927,0.90349,0.90365,1.13,1.67
2011.07.04 05:15:49.379,0.90354,0.90369,1.13,3.17
2011.07.04 05:15:49.490,0.90352,0.90368,1.13,1.67
2011.07.04 05:15:49.828,0.9035,0.90366,1.13,1.50
2011.07.04 05:15:50.271,0.90355,0.90369,1.13,1.67
2011.07.04 05:15:50.497,0.90352,0.90368,1.13,1.67
2011.07.04 05:15:51.050,0.90348,0.90364,1.50,1.13
2011.07.04 05:15:51.491,0.90351,0.90367,1.13,1.50
2011.07.04 05:15:52.010,0.90351,0.90367,1.13,1.50
2011.07.04 05:15:52.689,0.90349,0.90365,1.13,1.13
2011.07.04 05:15:53.019,0.90349,0.90361,1.13,1.30
2011.07.04 05:15:53.569,0.90347,0.90359,1.13,1.30
2011.07.04 05:15:54.118,0.90347,0.90358,1.13,1.67
2011.07.04 05:15:54.230,0.9035,0.90358,1.13,1.67
2011.07.04 05:15:54.789,0.9035,0.90363,1.13,2.05
2011.07.04 05:15:54.898,0.90352,0.90363,1.13,2.05
2011.07.04 05:15:55.467,0.90351,0.90362,1.13,1.30
2011.07.04 05:15:56.239,0.90352,0.90363,1.13,2.05
2011.07.04 05:15:56.733,0.90356,0.90364,1.13,1.50
2011.07.04 05:15:57.289,0.90356,0.90365,1.13,1.67
2011.07.04 05:15:58.389,0.90354,0.90365,1.50,1.67
2011.07.04 05:15:58.718,0.90356,0.90365,1.13,1.67
2011.07.04 05:15:59.269,0.90355,0.90364,1.13,1.67
2011.07.04 05:16:01.586,0.90356,0.90366,1.13,1.67
2011.07.04 05:16:02.749,0.90356,0.90366,1.13,1.67
2011.07.04 05:16:03.298,0.90356,0.90366,1.13,1.67
2011.07.04 05:16:04.289,0.90355,0.90366,1.13,1.67
2011.07.04 05:16:04.618,0.90357,0.90366,1.13,1.67
2011.07.04 05:16:04.726,0.90357,0.90366,1.13,1.67
2011.07.04 05:16:05.609,0.90354,0.90366,1.13,1.67
2011.07.04 05:16:06.729,0.90358,0.90366,1.13,1.67
2011.07.04 05:16:08.112,0.90358,0.90368,1.13,1.30
2011.07.04 05:16:08.777,0.90358,0.90368,1.13,1.67
2011.07.04 05:16:09.878,0.90358,0.90371,1.13,1.30
2011.07.04 05:16:10.428,0.90358,0.90371,1.13,2.05
2011.07.04 05:16:11.868,0.90362,0.90373,1.13,2.80
2011.07.04 05:16:12.197,0.90362,0.90375,1.13,1.30
2011.07.04 05:16:13.169,0.90364,0.90377,1.13,1.67
2011.07.04 05:16:13.280,0.90364,0.90377,1.13,1.67
2011.07.04 05:16:13.860,0.90364,0.90377,1.13,1.67
2011.07.04 05:16:15.457,0.90361,0.90377,1.88,1.67
2011.07.04 05:16:15.897,0.90361,0.90377,1.88,1.67
2011.07.04 05:16:16.008,0.90358,0.90374,1.50,1.30
2011.07.04 05:16:16.119,0.90361,0.90377,1.88,2.42
2011.07.04 05:16:16.228,0.9036,0.90375,1.50,1.67
2011.07.04 05:16:16.448,0.90361,0.90376,1.88,1.30
2011.07.04 05:16:16.559,0.90362,0.90378,1.50,2.42
2011.07.04 05:16:16.670,0.90365,0.90378,1.13,1.67
2011.07.04 05:16:18.549,0.90369,0.90378,1.13,1.67
2011.07.04 05:16:19.309,0.90369,0.90378,1.13,1.67
2011.07.04 05:16:19.528,0.90365,0.90378,1.13,1.67
2011.07.04 05:16:19.641,0.90363,0.90378,1.88,1.67
2011.07.04 05:16:20.089,0.90363,0.90378,1.13,1.67
2011.07.04 05:16:21.477,0.90362,0.90378,1.13,2.80
2011.07.04 05:16:22.467,0.90357,0.90373,2.25,1.30
2011.07.04 05:16:22.580,0.90356,0.90371,1.50,1.50
2011.07.04 05:16:22.690,0.90356,0.9037,1.50,1.30
2011.07.04 05:16:23.238,0.90353,0.9037,1.50,1.67
2011.07.04 05:16:23.569,0.90352,0.90367,1.13,1.30
2011.07.04 05:16:24.236,0.90352,0.90368,1.13,1.67
2011.07.04 05:16:24.899,0.90357,0.90372,1.13,1.50
2011.07.04 05:16:26.001,0.9035,0.90367,1.50,1.50
2011.07.04 05:16:26.341,0.90348,0.90366,1.50,1.88
2011.07.04 05:16:26.458,0.90346,0.90366,1.88,1.88
2011.07.04 05:16:26.677,0.9035,0.90366,1.13,1.50
2011.07.04 05:16:27.007,0.90347,0.90365,1.13,1.13
2011.07.04 05:16:27.539,0.9035,0.90366,1.13,1.50
2011.07.04 05:16:28.651,0.90346,0.90357,1.50,1.13
2011.07.04 05:16:29.185,0.90344,0.90357,1.88,1.13
2011.07.04 05:16:29.303,0.90352,0.90368,1.13,3.00
2011.07.04 05:16:29.639,0.90354,0.90369,1.13,3.00
2011.07.04 05:16:29.749,0.90354,0.90369,1.13,3.00
2011.07.04 05:16:30.520,0.90357,0.9037,1.13,1.50
2011.07.04 05:16:31.071,0.90357,0.90373,1.13,2.25
2011.07.04 05:16:31.411,0.90357,0.90372,1.13,1.50
2011.07.04 05:16:31.640,0.90352,0.9037,1.13,2.25
2011.07.04 05:16:31.977,0.90348,0.90367,1.88,1.50
2011.07.04 05:16:32.088,0.90352,0.9037,1.13,2.25
2011.07.04 05:16:33.888,0.90351,0.90369,1.13,1.50
2011.07.04 05:16:34.877,0.90351,0.90369,1.13,1.50
2011.07.04 05:16:36.608,0.90354,0.90372,1.13,1.50
2011.07.04 05:16:36.717,0.90354,0.90372,1.13,1.50
2011.07.04 05:16:37.378,0.90354,0.90372,1.13,3.00
2011.07.04 05:16:39.283,0.90354,0.90372,1.13,1.50
2011.07.04 05:16:39.837,0.90354,0.90372,1.13,2.25
2011.07.04 05:16:40.277,0.90355,0.90372,1.88,1.50
2011.07.04 05:16:40.718,0.90355,0.90372,1.13,1.50
2011.07.04 05:16:41.387,0.90355,0.90372,1.88,1.50
2011.07.04 05:16:42.217,0.90356,0.90372,1.50,1.50
2011.07.04 05:16:42.546,0.90356,0.90372,1.13,1.50
2011.07.04 05:16:42.987,0.90356,0.90372,1.88,1.50
2011.07.04 05:16:43.757,0.90356,0.90372,1.13,1.50
2011.07.04 05:16:44.747,0.90356,0.90372,1.13,1.50
2011.07.04 05:16:46.256,0.90356,0.90372,1.13,1.50
2011.07.04 05:16:46.807,0.90357,0.90372,1.50,1.50
2011.07.04 05:16:47.532,0.90356,0.90372,1.13,1.50
2011.07.04 05:16:49.508,0.90359,0.90372,1.13,1.50
2011.07.04 05:16:50.060,0.9036,0.90378,1.13,3.00
2011.07.04 05:16:50.278,0.90361,0.90378,1.50,1.50
2011.07.04 05:16:50.387,0.9036,0.90378,1.88,1.50
2011.07.04 05:16:50.828,0.90363,0.90381,1.13,1.50
2011.07.04 05:16:51.268,0.90363,0.90381,1.88,1.50
2011.07.04 05:16:51.379,0.90368,0.90382,1.13,1.50
2011.07.04 05:16:51.709,0.90366,0.90382,1.13,2.25
2011.07.04 05:16:52.633,0.90368,0.90382,1.13,1.50
2011.07.04 05:16:52.754,0.90368,0.90382,1.13,1.50
2011.07.04 05:16:53.307,0.90369,0.90384,1.88,2.25
2011.07.04 05:16:53.421,0.90371,0.90384,1.13,2.25
2011.07.04 05:16:53.757,0.90371,0.90387,1.13,3.00
2011.07.04 05:16:53.976,0.90371,0.90387,1.13,3.75
2011.07.04 05:16:54.636,0.90369,0.90385,1.50,1.50
2011.07.04 05:16:55.517,0.90368,0.90385,1.50,1.50
2011.07.04 05:16:55.956,0.90368,0.90385,1.50,1.50
2011.07.04 05:16:56.668,0.90375,0.90387,1.13,3.75
2011.07.04 05:16:57.218,0.90372,0.90387,1.13,1.50
2011.07.04 05:16:57.329,0.90372,0.90387,1.13,1.50
2011.07.04 05:16:57.767,0.90374,0.90387,1.13,1.50
2011.07.04 05:16:58.252,0.90372,0.90387,1.13,1.50
2011.07.04 05:16:59.139,0.9037,0.90387,1.88,2.25
2011.07.04 05:16:59.470,0.90368,0.90383,1.50,1.50
2011.07.04 05:17:00.020,0.90368,0.90386,1.13,2.25
2011.07.04 05:17:00.349,0.90373,0.90386,1.13,1.50
2011.07.04 05:17:00.459,0.9037,0.90386,1.13,1.50
2011.07.04 05:17:00.677,0.90377,0.90387,1.13,1.50
2011.07.04 05:17:00.900,0.90374,0.90387,1.13,1.50
2011.07.04 05:17:02.857,0.90371,0.90387,1.50,1.50
2011.07.04 05:17:03.407,0.90369,0.90386,1.50,1.88
2011.07.04 05:17:04.266,0.9037,0.90386,1.50,1.50
2011.07.04 05:17:05.709,0.90369,0.90384,1.50,1.50
2011.07.04 05:17:06.259,0.90368,0.90384,1.50,1.88
2011.07.04 05:17:06.851,0.90367,0.90385,2.63,1.50
2011.07.04 05:17:07.080,0.90368,0.90385,1.50,1.50
2011.07.04 05:17:07.313,0.9037,0.90387,1.50,4.50
2011.07.04 05:17:07.871,0.90369,0.90386,1.50,1.88
2011.07.04 05:17:09.249,0.90369,0.90386,1.50,1.50
2011.07.04 05:17:09.999,0.9037,0.90386,1.50,3.75
2011.07.04 05:17:10.404,0.90372,0.90384,1.13,2.25
2011.07.04 05:17:10.958,0.90372,0.90385,1.13,1.50
2011.07.04 05:17:11.859,0.9037,0.90385,1.13,2.25
2011.07.04 05:17:11.970,0.90373,0.90383,1.13,1.50
2011.07.04 05:17:12.418,0.90371,0.90383,1.13,1.50
2011.07.04 05:17:12.640,0.90368,0.90383,1.88,1.50
2011.07.04 05:17:13.188,0.9037,0.90383,1.13,1.50
2011.07.04 05:17:16.559,0.90368,0.90383,1.88,1.50
2011.07.04 05:17:17.877,0.90368,0.90382,1.13,1.50
2011.07.04 05:17:18.208,0.90371,0.90382,1.13,1.50
2011.07.04 05:17:18.539,0.90373,0.90383,1.13,1.50
2011.07.04 05:17:19.288,0.9037,0.90382,1.13,1.50
2011.07.04 05:17:19.401,0.9037,0.90382,1.13,1.50
2011.07.04 05:17:19.520,0.90369,0.90382,1.50,1.50
2011.07.04 05:17:20.532,0.90366,0.90382,1.13,2.25
2011.07.04 05:17:20.758,0.90369,0.90382,1.13,1.50
2011.07.04 05:17:21.310,0.90368,0.90382,1.13,1.50
2011.07.04 05:17:23.217,0.90366,0.90382,1.13,2.25
2011.07.04 05:17:24.157,0.90367,0.90382,1.50,2.25
2011.07.04 05:17:25.147,0.90367,0.90382,1.88,1.50
2011.07.04 05:17:26.160,0.90365,0.90382,1.50,1.50
2011.07.04 05:17:28.258,0.90365,0.90382,1.50,2.25
2011.07.04 05:17:28.369,0.90363,0.90379,2.25,1.13
2011.07.04 05:17:28.480,0.90364,0.90381,1.50,1.88
2011.07.04 05:17:28.590,0.90365,0.90381,1.13,1.50
2011.07.04 05:17:30.429,0.90367,0.90383,2.25,4.13
2011.07.04 05:17:30.758,0.90369,0.90384,1.88,1.50
2011.07.04 05:17:32.331,0.90372,0.90385,1.13,1.50
2011.07.04 05:17:32.889,0.90371,0.90385,1.13,1.50
2011.07.04 05:17:36.430,0.90368,0.90383,1.50,1.50
2011.07.04 05:17:36.758,0.90366,0.90382,1.13,1.50
2011.07.04 05:17:40.129,0.90369,0.90382,1.13,1.50
2011.07.04 05:17:40.245,0.90369,0.90383,1.13,1.50
2011.07.04 05:17:40.909,0.90367,0.90382,1.13,1.50
2011.07.04 05:17:41.129,0.90366,0.90382,1.13,1.50
2011.07.04 05:17:41.460,0.90366,0.90382,1.13,1.50
2011.07.04 05:17:42.667,0.90366,0.90382,1.13,1.50
2011.07.04 05:17:45.925,0.90368,0.90383,1.13,1.50
2011.07.04 05:17:46.908,0.90368,0.90383,1.13,1.50
2011.07.04 05:17:47.239,0.90371,0.90383,1.13,1.50
2011.07.04 05:17:48.569,0.90369,0.90383,1.13,1.50
2011.07.04 05:17:48.787,0.90369,0.90383,1.13,1.50
2011.07.04 05:17:49.008,0.90365,0.90383,1.13,2.25
2011.07.04 05:17:49.558,0.90364,0.9038,1.13,1.50
2011.07.04 05:17:49.889,0.90364,0.9038,1.13,1.50
2011.07.04 05:17:50.437,0.90364,0.9038,1.13,1.50
2011.07.04 05:17:50.658,0.90364,0.9038,1.13,1.50
2011.07.04 05:17:53.548,0.90368,0.90383,1.13,1.50
2011.07.04 05:17:53.769,0.90364,0.90382,1.13,1.50
2011.07.04 05:17:53.988,0.90368,0.90383,1.13,1.50
2011.07.04 05:17:55.730,0.90371,0.90383,1.13,1.50
2011.07.04 05:17:57.518,0.90371,0.90383,1.13,1.50
2011.07.04 05:17:58.012,0.90364,0.90376,1.50,1.13
2011.07.04 05:17:58.239,0.90363,0.90379,1.50,1.13
2011.07.04 05:17:58.790,0.90362,0.90379,1.13,1.50
2011.07.04 05:18:00.379,0.90367,0.90383,1.13,1.50
2011.07.04 05:18:00.928,0.90367,0.90383,1.13,1.50
2011.07.04 05:18:01.697,0.90365,0.9038,1.50,1.88
2011.07.04 05:18:02.964,0.90367,0.90383,1.13,1.50
2011.07.04 05:18:03.409,0.90369,0.90387,1.13,2.25
2011.07.04 05:18:03.850,0.90372,0.90387,1.13,1.50
2011.07.04 05:18:04.082,0.90372,0.90388,1.13,3.75
2011.07.04 05:18:04.309,0.90372,0.90388,1.13,1.50
2011.07.04 05:18:04.420,0.9037,0.90386,1.13,1.50
2011.07.04 05:18:04.861,0.90369,0.90386,1.50,1.50
2011.07.04 05:18:06.449,0.90369,0.90386,1.50,1.50
2011.07.04 05:18:07.410,0.90371,0.90387,1.13,1.50
2011.07.04 05:18:08.339,0.90371,0.90387,1.13,1.50
2011.07.04 05:18:08.886,0.90371,0.90387,1.13,1.50
2011.07.04 05:18:11.209,0.90368,0.90386,1.13,1.50
2011.07.04 05:18:11.759,0.90366,0.90384,1.88,1.88
2011.07.04 05:18:12.089,0.90366,0.90382,2.25,1.13
2011.07.04 05:18:15.278,0.90366,0.90381,1.50,1.13
2011.07.04 05:18:16.817,0.90365,0.90381,1.50,1.13
2011.07.04 05:18:16.928,0.90367,0.90383,1.50,1.13
2011.07.04 05:18:18.576,0.90367,0.90383,1.50,1.13
2011.07.04 05:18:18.686,0.90368,0.90385,1.50,1.50
2011.07.04 05:18:19.018,0.9037,0.90386,1.13,1.50
2011.07.04 05:18:19.129,0.90371,0.90388,2.25,1.88
2011.07.04 05:18:19.655,0.90374,0.90389,1.13,1.50
2011.07.04 05:18:21.726,0.90374,0.90389,1.88,1.50
2011.07.04 05:18:22.170,0.90376,0.90393,1.13,2.42
2011.07.04 05:18:22.398,0.90374,0.90389,2.63,1.88
2011.07.04 05:18:22.509,0.90373,0.90386,4.88,1.13
2011.07.04 05:18:22.837,0.90373,0.90384,3.38,1.13
2011.07.04 05:18:22.948,0.90373,0.90387,3.38,1.13
2011.07.04 05:18:23.168,0.90375,0.90383,1.13,1.13
2011.07.04 05:18:23.388,0.90373,0.90386,3.75,1.13
2011.07.04 05:18:23.720,0.90373,0.90388,1.13,1.13
2011.07.04 05:18:24.172,0.90374,0.90389,3.75,1.50
2011.07.04 05:18:25.528,0.90375,0.9039,1.13,1.13
2011.07.04 05:18:25.640,0.90375,0.90392,1.88,1.50
2011.07.04 05:18:25.967,0.90376,0.90394,1.88,2.25
2011.07.04 05:18:26.297,0.90376,0.90393,1.50,1.50
2011.07.04 05:18:26.957,0.90376,0.90393,2.25,1.50
2011.07.04 05:18:27.559,0.90381,0.90393,1.13,1.50
2011.07.04 05:18:28.109,0.90381,0.90392,1.13,1.50
2011.07.04 05:18:28.660,0.90379,0.90394,2.25,1.50
2011.07.04 05:18:29.498,0.90379,0.90393,1.13,1.50
2011.07.04 05:18:29.616,0.9038,0.90392,1.13,1.50
2011.07.04 05:18:30.169,0.9038,0.90394,1.13,1.50
2011.07.04 05:18:30.279,0.90378,0.90394,2.63,1.50
2011.07.04 05:18:30.827,0.90378,0.90393,1.13,1.50
2011.07.04 05:18:31.617,0.90376,0.90393,1.50,2.25
2011.07.04 05:18:32.169,0.90376,0.90391,1.50,2.25
2011.07.04 05:18:32.399,0.90373,0.90388,1.50,1.50
2011.07.04 05:18:32.948,0.90372,0.90388,1.13,1.50
2011.07.04 05:18:33.783,0.90374,0.90388,1.13,1.50
2011.07.04 05:18:34.120,0.90374,0.90392,1.88,1.13
2011.07.04 05:18:34.241,0.90381,0.90394,1.13,3.00
2011.07.04 05:18:34.363,0.90378,0.90393,1.50,1.50
2011.07.04 05:18:34.918,0.90378,0.90394,1.50,1.50
2011.07.04 05:18:35.472,0.90378,0.90394,1.50,1.50
2011.07.04 05:18:35.698,0.90381,0.90396,1.13,1.50
2011.07.04 05:18:35.809,0.90378,0.90394,1.13,1.50
2011.07.04 05:18:35.918,0.90374,0.9039,1.50,1.13
2011.07.04 05:18:36.248,0.90374,0.9039,1.50,1.13
2011.07.04 05:18:38.177,0.90374,0.9039,2.25,1.13
2011.07.04 05:18:38.507,0.90375,0.90392,1.50,3.00
2011.07.04 05:18:39.937,0.90377,0.90392,1.50,1.50
2011.07.04 05:18:41.189,0.90379,0.90397,1.13,2.25
2011.07.04 05:18:41.736,0.90379,0.90397,1.13,2.25
2011.07.04 05:18:42.399,0.90379,0.90397,1.13,2.25
2011.07.04 05:18:44.511,0.90377,0.90393,1.50,1.13
2011.07.04 05:18:44.891,0.90378,0.90396,1.13,2.25
2011.07.04 05:18:45.230,0.90379,0.90396,1.50,1.50
2011.07.04 05:18:45.568,0.90379,0.90393,1.13,1.13
2011.07.04 05:18:45.898,0.9038,0.90397,1.50,2.63
2011.07.04 05:18:46.012,0.90385,0.90397,1.13,1.50
2011.07.04 05:18:46.131,0.9038,0.90397,1.50,2.63
2011.07.04 05:18:46.251,0.90379,0.90395,1.50,1.50
2011.07.04 05:18:46.590,0.90388,0.90397,1.13,3.00
2011.07.04 05:18:46.712,0.90382,0.90395,1.13,1.50
2011.07.04 05:18:47.049,0.90378,0.90395,1.50,1.50
2011.07.04 05:18:47.925,0.90378,0.90394,1.50,1.50
2011.07.04 05:18:48.476,0.90378,0.90395,1.50,1.50
2011.07.04 05:18:49.579,0.90378,0.90395,1.50,1.50
2011.07.04 05:18:50.129,0.90379,0.90396,1.50,1.50
2011.07.04 05:18:51.447,0.90379,0.90397,1.88,3.75
2011.07.04 05:18:52.909,0.90377,0.90395,1.50,1.13
2011.07.04 05:18:53.466,0.9038,0.90396,1.13,1.50
2011.07.04 05:18:55.090,0.90381,0.90398,1.50,1.50
2011.07.04 05:18:55.530,0.90378,0.90394,1.50,1.13
2011.07.04 05:18:58.571,0.90376,0.90392,1.50,1.50
2011.07.04 05:18:58.897,0.90374,0.90389,3.00,1.13
2011.07.04 05:18:59.448,0.90377,0.90393,1.50,1.13
2011.07.04 05:18:59.668,0.90385,0.90399,1.13,1.13
2011.07.04 05:18:59.998,0.9039,0.90401,1.13,3.75
2011.07.04 05:19:00.108,0.90385,0.90401,1.13,3.00
2011.07.04 05:19:00.987,0.90385,0.904,1.13,1.50
2011.07.04 05:19:01.099,0.90382,0.90399,1.13,2.25
2011.07.04 05:19:01.208,0.9038,0.90396,1.50,1.13
2011.07.04 05:19:01.316,0.90379,0.90396,1.50,1.13
2011.07.04 05:19:01.538,0.90377,0.90398,3.00,1.50
2011.07.04 05:19:01.756,0.90377,0.90398,3.00,2.25
2011.07.04 05:19:02.526,0.90376,0.90398,2.25,2.25
2011.07.04 05:19:03.022,0.9038,0.90398,1.13,1.50
2011.07.04 05:19:03.253,0.90378,0.90398,2.25,1.88
2011.07.04 05:19:03.373,0.90378,0.904,2.25,3.00
2011.07.04 05:19:04.040,0.9038,0.90398,1.50,1.88
2011.07.04 05:19:04.368,0.90383,0.904,1.13,3.75
2011.07.04 05:19:05.139,0.90381,0.90398,1.13,1.50
2011.07.04 05:19:05.250,0.90383,0.90399,1.50,1.13
2011.07.04 05:19:05.369,0.90382,0.90401,1.50,1.13
2011.07.04 05:19:05.592,0.90388,0.90403,1.50,1.50
2011.07.04 05:19:05.708,0.90385,0.90402,1.50,1.50
2011.07.04 05:19:05.819,0.90382,0.90399,1.13,1.88
2011.07.04 05:19:06.594,0.90383,0.90399,1.50,1.88
2011.07.04 05:19:07.147,0.90383,0.90398,1.50,1.67
2011.07.04 05:19:07.261,0.90383,0.90397,1.50,2.05
2011.07.04 05:19:08.177,0.90381,0.90397,1.13,2.05
2011.07.04 05:19:08.727,0.90381,0.90394,1.13,1.30
2011.07.04 05:19:09.411,0.90379,0.90394,1.50,1.30
2011.07.04 05:19:10.669,0.90379,0.90395,1.50,1.67
2011.07.04 05:19:12.421,0.90375,0.90387,3.00,1.13
2011.07.04 05:19:12.979,0.90375,0.90389,3.75,2.05
2011.07.04 05:19:13.530,0.90376,0.90389,1.50,2.05
2011.07.04 05:19:14.409,0.90376,0.90389,1.50,1.67
2011.07.04 05:19:14.958,0.90376,0.90389,1.50,1.67
2011.07.04 05:19:15.507,0.90376,0.90389,1.50,1.67
2011.07.04 05:19:16.177,0.90376,0.90389,1.50,1.67
2011.07.04 05:19:16.839,0.90376,0.9039,1.50,1.50
2011.07.04 05:19:18.147,0.90375,0.90388,3.00,1.13
2011.07.04 05:19:18.588,0.90376,0.90391,2.25,1.88
2011.07.04 05:19:19.248,0.90379,0.90397,1.50,1.88
2011.07.04 05:19:19.687,0.9038,0.90398,1.13,1.50
2011.07.04 05:19:20.018,0.90381,0.90398,1.13,1.50
2011.07.04 05:19:20.129,0.90382,0.90398,1.13,1.50
2011.07.04 05:19:20.791,0.90381,0.90398,1.13,1.50
2011.07.04 05:19:21.131,0.90375,0.90389,3.75,1.13
2011.07.04 05:19:21.360,0.90376,0.90394,1.50,1.50
2011.07.04 05:19:21.700,0.90376,0.90392,1.50,1.13
2011.07.04 05:19:22.806,0.90376,0.90393,1.50,1.50
2011.07.04 05:19:24.572,0.9038,0.90398,1.13,1.50
2011.07.04 05:19:25.168,0.90384,0.90399,1.13,3.00
2011.07.04 05:19:25.609,0.9038,0.90396,1.13,1.50
2011.07.04 05:19:25.718,0.90377,0.90393,1.50,1.13
2011.07.04 05:19:26.159,0.90375,0.90391,3.75,1.13
2011.07.04 05:19:26.486,0.90376,0.90394,1.13,1.88
2011.07.04 05:19:29.288,0.90375,0.90391,4.50,1.13
2011.07.04 05:19:32.689,0.90375,0.90391,2.25,1.13
2011.07.04 05:19:33.237,0.90375,0.90391,4.50,1.13
2011.07.04 05:19:33.568,0.90375,0.90389,3.00,1.13
2011.07.04 05:19:33.902,0.90373,0.90389,3.75,1.88
2011.07.04 05:19:34.131,0.90374,0.90388,1.50,1.13
2011.07.04 05:19:34.250,0.90376,0.90393,1.50,1.50
2011.07.04 05:19:34.480,0.90376,0.90394,1.50,1.50
2011.07.04 05:19:39.028,0.90376,0.90393,1.50,1.13
2011.07.04 05:19:40.457,0.90377,0.90393,1.50,1.13
2011.07.04 05:19:41.130,0.90379,0.90397,1.13,3.00
2011.07.04 05:19:41.469,0.90381,0.90398,1.13,1.50
2011.07.04 05:19:41.910,0.90379,0.90397,1.13,1.13
2011.07.04 05:19:42.247,0.90379,0.90394,1.13,1.30
2011.07.04 05:19:44.008,0.90379,0.90393,1.13,1.67
2011.07.04 05:19:44.468,0.90381,0.90393,1.13,1.67
2011.07.04 05:19:44.691,0.90378,0.90394,1.88,2.05
2011.07.04 05:19:44.808,0.90381,0.90394,1.13,1.67
2011.07.04 05:19:44.921,0.90378,0.90393,2.25,1.67
2011.07.04 05:19:45.506,0.90378,0.90392,1.50,1.67
2011.07.04 05:19:46.068,0.90377,0.90392,1.50,1.67
2011.07.04 05:19:46.893,0.90376,0.90391,1.50,1.50
2011.07.04 05:19:47.233,0.90373,0.90389,5.25,1.13
2011.07.04 05:19:47.569,0.90375,0.9039,1.50,1.67
2011.07.04 05:19:48.118,0.90376,0.90391,1.50,1.50
2011.07.04 05:19:48.666,0.90376,0.90393,1.50,1.13
2011.07.04 05:19:52.589,0.90378,0.90395,1.13,1.50
2011.07.04 05:19:54.810,0.90376,0.90394,2.63,1.13
2011.07.04 05:19:55.468,0.90378,0.90394,1.50,1.13
2011.07.04 05:19:55.578,0.90379,0.90397,1.13,1.50
2011.07.04 05:19:55.799,0.90376,0.90395,1.88,1.50
2011.07.04 05:19:56.018,0.90376,0.90392,1.50,1.13
2011.07.04 05:19:56.898,0.90376,0.90394,1.13,1.13
2011.07.04 05:20:01.656,0.90376,0.90389,1.13,1.23
2011.07.04 05:20:01.767,0.90376,0.90394,1.13,1.13
2011.07.04 05:20:03.608,0.90376,0.90396,1.13,1.88
2011.07.04 05:20:03.938,0.90375,0.90393,2.25,1.13
2011.07.04 05:20:06.840,0.90376,0.90394,1.13,1.13
2011.07.04 05:20:09.161,0.90377,0.90393,1.50,1.13
2011.07.04 05:20:13.867,0.90374,0.90389,3.00,1.13
2011.07.04 05:20:13.978,0.90376,0.90392,1.50,1.50
2011.07.04 05:20:14.196,0.90377,0.90394,1.13,1.50
2011.07.04 05:20:16.849,0.90378,0.90394,1.13,1.50
2011.07.04 05:20:17.178,0.90375,0.90391,1.50,1.13
2011.07.04 05:20:17.746,0.90375,0.90391,1.50,1.13
2011.07.04 05:20:21.049,0.90376,0.90393,1.13,1.50
2011.07.04 05:20:21.487,0.90374,0.9039,3.75,1.13
2011.07.04 05:20:22.578,0.90374,0.90392,3.75,1.13
2011.07.04 05:20:22.687,0.90376,0.90394,1.88,1.88
2011.07.04 05:20:23.567,0.90374,0.9039,3.75,1.13
2011.07.04 05:20:24.313,0.90375,0.90393,1.50,1.13
2011.07.04 05:20:25.738,0.90374,0.90388,3.00,1.13
2011.07.04 05:20:26.398,0.90373,0.90388,1.50,1.13
2011.07.04 05:20:26.618,0.9037,0.90388,4.13,1.13
2011.07.04 05:20:27.166,0.90375,0.90393,1.13,1.50
2011.07.04 05:20:27.280,0.90375,0.90391,1.50,1.13
2011.07.04 05:20:27.499,0.90373,0.90391,1.13,1.13
2011.07.04 05:20:28.929,0.90371,0.90391,1.13,1.13
2011.07.04 05:20:31.021,0.90375,0.90393,1.50,1.50
2011.07.04 05:20:31.360,0.90371,0.90391,1.13,1.88
2011.07.04 05:20:32.230,0.9037,0.9039,1.13,1.13
2011.07.04 05:20:33.229,0.9037,0.90388,1.88,1.13
2011.07.04 05:20:34.328,0.90372,0.90392,1.13,1.13
2011.07.04 05:20:35.430,0.90377,0.90394,1.50,1.88
2011.07.04 05:20:36.321,0.90374,0.9039,1.50,1.13
2011.07.04 05:20:37.740,0.90371,0.90389,4.13,1.13
2011.07.04 05:20:38.068,0.90378,0.90389,1.50,1.13
2011.07.04 05:20:38.180,0.90378,0.90389,1.50,1.13
2011.07.04 05:20:38.508,0.90378,0.90391,1.50,1.13
2011.07.04 05:20:38.731,0.90379,0.90392,1.13,1.50
2011.07.04 05:20:39.400,0.90379,0.90396,1.88,2.25
2011.07.04 05:20:40.709,0.90378,0.90394,3.38,1.13
2011.07.04 05:20:41.368,0.90378,0.90394,2.63,1.13
2011.07.04 05:20:41.919,0.90378,0.90394,1.50,1.13
2011.07.04 05:20:42.140,0.90373,0.90392,1.50,1.13
2011.07.04 05:20:45.517,0.90372,0.90391,3.00,1.13
2011.07.04 05:20:46.397,0.90373,0.90393,1.13,1.13
2011.07.04 05:20:47.488,0.90372,0.9039,3.38,1.13
2011.07.04 05:20:52.728,0.9037,0.90388,1.13,1.50
2011.07.04 05:20:53.393,0.90369,0.90387,1.13,1.13
2011.07.04 05:20:53.730,0.90371,0.90389,3.38,1.13
2011.07.04 05:20:54.069,0.90374,0.90392,1.13,1.88
2011.07.04 05:20:54.177,0.90374,0.90392,1.13,1.50
2011.07.04 05:20:54.512,0.90376,0.90395,1.13,1.50
2011.07.04 05:20:56.477,0.90377,0.90395,1.13,1.88
2011.07.04 05:20:56.590,0.90374,0.90394,1.13,1.13
2011.07.04 05:20:58.339,0.90375,0.90395,1.13,1.88
2011.07.04 05:20:58.778,0.90378,0.90396,1.13,3.75
2011.07.04 05:20:58.999,0.90375,0.90394,3.38,1.50
2011.07.04 05:20:59.332,0.90373,0.90387,3.00,1.13
2011.07.04 05:20:59.559,0.90369,0.90384,2.25,1.13
2011.07.04 05:21:00.051,0.90368,0.90384,3.75,1.13
2011.07.04 05:21:00.176,0.90368,0.90384,3.00,1.13
2011.07.04 05:21:00.400,0.90367,0.90386,1.13,1.50
2011.07.04 05:21:00.509,0.90372,0.9039,1.13,1.50
2011.07.04 05:21:00.950,0.9037,0.90386,1.13,1.50
2011.07.04 05:21:01.497,0.9037,0.90386,1.13,1.67
2011.07.04 05:21:02.047,0.9037,0.90386,1.13,1.50
2011.07.04 05:21:03.151,0.90366,0.90384,3.38,1.88
2011.07.04 05:21:04.429,0.90366,0.90383,3.00,1.13
2011.07.04 05:21:05.524,0.90368,0.90384,1.13,1.50
2011.07.04 05:21:05.863,0.90374,0.90389,1.50,2.25
2011.07.04 05:21:05.980,0.9037,0.90385,1.13,1.50
2011.07.04 05:21:06.210,0.90368,0.90385,1.13,1.50
2011.07.04 05:21:06.439,0.90372,0.90388,1.13,1.50
2011.07.04 05:21:06.987,0.90372,0.90388,1.13,1.50
2011.07.04 05:21:07.587,0.90372,0.9039,1.88,4.50
2011.07.04 05:21:08.137,0.90373,0.90388,1.13,1.50
2011.07.04 05:21:08.624,0.90373,0.90387,1.13,1.13
2011.07.04 05:21:11.487,0.90373,0.90386,1.13,1.13
2011.07.04 05:21:11.708,0.90373,0.90388,1.13,1.50
2011.07.04 05:21:14.950,0.90373,0.90389,2.63,1.50
2011.07.04 05:21:15.278,0.90373,0.90385,1.88,1.13
2011.07.04 05:21:15.828,0.90373,0.90385,1.50,1.13
2011.07.04 05:21:16.722,0.90368,0.90385,3.75,1.13
2011.07.04 05:21:17.057,0.90368,0.90385,4.13,1.13
2011.07.04 05:21:19.697,0.90368,0.9038,1.13,1.13
2011.07.04 05:21:20.031,0.90371,0.90385,1.50,1.50
2011.07.04 05:21:20.150,0.90371,0.90387,1.50,2.42
2011.07.04 05:21:20.259,0.90368,0.90382,1.88,1.13
2011.07.04 05:21:20.807,0.90368,0.90382,1.50,1.13
2011.07.04 05:21:21.028,0.90368,0.90384,1.50,1.13
2011.07.04 05:21:22.576,0.90369,0.90387,1.50,1.13
2011.07.04 05:21:25.018,0.90369,0.90387,1.50,1.13
2011.07.04 05:21:27.149,0.90372,0.90388,1.50,1.50
2011.07.04 05:21:27.479,0.9037,0.90386,1.50,1.13
2011.07.04 05:21:30.233,0.9037,0.90386,1.50,1.13
2011.07.04 05:21:30.571,0.90377,0.90387,1.50,1.13
2011.07.04 05:21:31.017,0.90377,0.90389,1.50,1.13
2011.07.04 05:21:31.677,0.90378,0.90393,1.50,2.25
2011.07.04 05:21:32.338,0.90378,0.90394,1.50,1.13
2011.07.04 05:21:32.450,0.90381,0.90396,1.50,2.25
2011.07.04 05:21:32.668,0.90378,0.90396,1.50,1.13
2011.07.04 05:21:33.548,0.90383,0.90393,1.13,1.50
2011.07.04 05:21:33.770,0.90381,0.90393,1.50,1.13
2011.07.04 05:21:33.878,0.90378,0.90392,2.25,1.50
2011.07.04 05:21:34.099,0.90378,0.90395,4.50,1.50
2011.07.04 05:21:34.208,0.90378,0.90393,3.75,1.13
2011.07.04 05:21:34.748,0.90378,0.90388,1.50,1.13
2011.07.04 05:21:34.969,0.90378,0.9039,1.50,1.13
2011.07.04 05:21:36.178,0.90378,0.90387,1.50,1.13
2011.07.04 05:21:36.290,0.90378,0.90387,1.50,1.13
2011.07.04 05:21:36.519,0.90377,0.90389,1.50,1.13
2011.07.04 05:21:36.739,0.90377,0.90389,1.50,1.13
2011.07.04 05:21:36.958,0.90377,0.90389,1.50,1.13
2011.07.04 05:21:37.178,0.90378,0.90389,1.50,1.13
2011.07.04 05:21:37.948,0.90377,0.90392,1.50,1.50
2011.07.04 05:21:38.057,0.90376,0.90392,2.25,1.50
2011.07.04 05:21:38.168,0.90377,0.90393,1.50,1.50
2011.07.04 05:21:38.498,0.90378,0.9039,1.50,1.13
2011.07.04 05:21:38.957,0.90378,0.90388,1.50,1.13
2011.07.04 05:21:39.068,0.90377,0.90388,1.50,1.13
2011.07.04 05:21:39.992,0.90378,0.90388,1.50,1.13
2011.07.04 05:21:40.108,0.90378,0.9039,1.50,1.13
2011.07.04 05:21:40.659,0.90377,0.90389,1.50,1.13
2011.07.04 05:21:40.988,0.90377,0.9039,1.50,1.13
2011.07.04 05:21:41.318,0.90377,0.9039,1.50,1.13
2011.07.04 05:21:41.430,0.90377,0.90388,1.50,1.13
2011.07.04 05:21:41.760,0.90375,0.90385,3.00,1.13
2011.07.04 05:21:41.870,0.90372,0.90386,3.00,1.50
2011.07.04 05:21:42.309,0.90373,0.90384,1.50,1.13
2011.07.04 05:21:42.857,0.90373,0.90384,1.50,1.13
2011.07.04 05:21:43.408,0.90373,0.90384,1.50,1.13
2011.07.04 05:21:44.878,0.90373,0.90384,1.50,1.13
2011.07.04 05:21:44.988,0.90372,0.90384,1.50,1.13
2011.07.04 05:21:45.207,0.90373,0.90384,1.50,1.13
2011.07.04 05:21:45.867,0.90373,0.90384,1.50,1.13
2011.07.04 05:21:46.436,0.90373,0.90384,1.50,1.13
2011.07.04 05:21:46.986,0.90373,0.90384,1.50,1.13
2011.07.04 05:21:47.499,0.90373,0.90384,1.50,1.13
2011.07.04 05:21:48.827,0.90373,0.90383,1.50,1.13
2011.07.04 05:21:49.158,0.90373,0.90383,1.50,1.13
2011.07.04 05:21:49.490,0.90368,0.90385,4.13,1.13
2011.07.04 05:21:49.711,0.90373,0.90385,1.50,1.13
2011.07.04 05:21:52.827,0.90373,0.90387,1.50,1.13
2011.07.04 05:21:53.157,0.90373,0.90384,1.50,1.13
2011.07.04 05:21:53.927,0.90373,0.90384,1.50,1.13
2011.07.04 05:21:54.527,0.90373,0.90385,1.50,1.13
2011.07.04 05:21:56.508,0.90372,0.90382,1.50,1.13
2011.07.04 05:21:58.437,0.90372,0.90381,1.13,1.13
2011.07.04 05:21:58.768,0.90373,0.90383,1.50,1.13
2011.07.04 05:21:59.317,0.90373,0.90384,1.50,1.13
2011.07.04 05:21:59.428,0.90373,0.90386,1.50,1.88
2011.07.04 05:22:00.145,0.90373,0.90386,4.13,1.88
2011.07.04 05:22:00.482,0.90373,0.90381,3.75,1.13
2011.07.04 05:22:00.710,0.90373,0.90385,1.88,1.13
2011.07.04 05:22:00.822,0.90374,0.90385,1.13,1.13
2011.07.04 05:22:01.157,0.90372,0.90385,3.75,1.13
2011.07.04 05:22:01.267,0.90372,0.90385,3.75,1.13
2011.07.04 05:22:01.852,0.90372,0.90382,3.00,1.13
2011.07.04 05:22:02.079,0.90372,0.90382,3.75,1.13
2011.07.04 05:22:02.627,0.90372,0.90382,1.50,1.13
2011.07.04 05:22:03.962,0.90373,0.90384,1.88,1.13
2011.07.04 05:22:04.518,0.90373,0.90384,1.50,1.13
2011.07.04 05:22:04.627,0.90373,0.90386,1.50,1.50
2011.07.04 05:22:04.738,0.90373,0.90388,3.00,1.13
2011.07.04 05:22:07.357,0.90378,0.90386,1.50,1.67
2011.07.04 05:22:07.907,0.90374,0.90383,2.25,1.67
2011.07.04 05:22:08.456,0.90377,0.90383,1.50,1.67
2011.07.04 05:22:09.488,0.90375,0.90383,1.50,2.05
2011.07.04 05:22:09.598,0.90372,0.90383,1.50,2.05
2011.07.04 05:22:09.819,0.90371,0.90382,2.25,1.67
2011.07.04 05:22:10.040,0.90372,0.90383,1.50,1.67
2011.07.04 05:22:10.369,0.90372,0.90383,1.50,1.67
2011.07.04 05:22:11.467,0.90373,0.90385,1.13,1.67
2011.07.04 05:22:12.415,0.90372,0.90385,1.50,1.67
2011.07.04 05:22:12.967,0.90372,0.90384,1.50,1.30
2011.07.04 05:22:14.679,0.90372,0.90382,1.50,1.30
2011.07.04 05:22:15.008,0.90368,0.90378,3.75,1.13
2011.07.04 05:22:15.119,0.90366,0.90378,1.35,1.67
2011.07.04 05:22:15.667,0.90363,0.90378,3.00,2.05
2011.07.04 05:22:16.311,0.90363,0.90378,3.00,2.05
2011.07.04 05:22:17.367,0.90363,0.90376,3.00,1.30
2011.07.04 05:22:18.968,0.90363,0.90376,3.00,1.30
2011.07.04 05:22:21.944,0.90363,0.90376,3.00,1.30
2011.07.04 05:22:22.566,0.90363,0.90376,3.00,1.30
2011.07.04 05:22:26.438,0.90363,0.90375,2.25,1.30
2011.07.04 05:22:28.578,0.90363,0.90378,3.00,1.67
2011.07.04 05:22:29.238,0.90363,0.90378,3.00,1.67
2011.07.04 05:22:35.457,0.90363,0.90378,3.00,1.67
2011.07.04 05:22:37.337,0.90363,0.90378,3.00,1.67
2011.07.04 05:22:37.778,0.90365,0.90381,2.25,1.67
2011.07.04 05:22:38.546,0.90365,0.90381,2.25,1.67
2011.07.04 05:22:39.503,0.90367,0.90381,1.50,1.67
2011.07.04 05:22:40.399,0.90367,0.90381,1.50,1.67
2011.07.04 05:22:40.728,0.90365,0.9038,1.50,2.05
2011.07.04 05:22:41.058,0.90365,0.90381,1.50,2.05
2011.07.04 05:22:41.276,0.90365,0.9038,1.50,1.30
2011.07.04 05:22:41.873,0.90362,0.90375,1.50,1.50
2011.07.04 05:22:42.208,0.90362,0.90375,1.50,2.05
2011.07.04 05:22:42.648,0.90362,0.90375,1.50,2.05
2011.07.04 05:22:43.310,0.90362,0.90375,1.50,2.05
2011.07.04 05:22:43.528,0.90363,0.90374,1.50,1.67
2011.07.04 05:22:45.677,0.90363,0.90373,1.50,2.05
2011.07.04 05:22:45.789,0.90363,0.90371,1.50,1.30
2011.07.04 05:22:46.297,0.90362,0.90369,1.50,1.67
2011.07.04 05:22:46.541,0.9035,0.90364,1.50,2.05
2011.07.04 05:22:47.098,0.9035,0.90364,1.50,1.67
2011.07.04 05:22:47.318,0.9035,0.90364,1.50,1.67
2011.07.04 05:22:47.867,0.9035,0.90364,1.50,1.67
2011.07.04 05:22:48.479,0.90353,0.90365,1.50,1.30
2011.07.04 05:22:48.917,0.90353,0.90367,1.50,1.67
2011.07.04 05:22:49.469,0.90351,0.90367,1.50,2.05
2011.07.04 05:22:49.688,0.9035,0.90367,1.50,2.05
2011.07.04 05:22:50.460,0.90349,0.90364,1.13,1.67
2011.07.04 05:22:50.679,0.90347,0.90363,1.50,1.67
2011.07.04 05:22:50.790,0.90348,0.90364,1.50,2.42
2011.07.04 05:22:51.354,0.90347,0.90362,3.75,1.13
2011.07.04 05:22:51.915,0.90347,0.90362,3.75,1.13
2011.07.04 05:22:52.250,0.90347,0.90358,3.75,1.13
2011.07.04 05:22:52.797,0.90346,0.90358,2.25,1.13
2011.07.04 05:22:54.490,0.90346,0.90353,1.50,1.13
2011.07.04 05:22:54.822,0.90342,0.90352,3.00,1.88
2011.07.04 05:22:55.049,0.90336,0.90352,1.13,1.88
2011.07.04 05:22:55.634,0.90336,0.90352,1.13,1.88
2011.07.04 05:22:55.859,0.90335,0.90354,4.13,1.50
2011.07.04 05:22:56.079,0.90335,0.90345,3.00,1.13
2011.07.04 05:22:56.303,0.90335,0.90349,1.50,1.50
2011.07.04 05:22:56.531,0.90332,0.90348,4.50,1.50
2011.07.04 05:22:57.088,0.90332,0.90349,2.25,1.50
2011.07.04 05:22:57.420,0.90335,0.90351,1.50,1.13
2011.07.04 05:22:57.530,0.90335,0.90353,1.50,1.50
2011.07.04 05:22:59.012,0.90335,0.90353,1.50,1.13
2011.07.04 05:22:59.758,0.90336,0.90354,1.13,1.13
2011.07.04 05:23:00.200,0.90334,0.90349,2.25,1.13
2011.07.04 05:23:00.530,0.90335,0.90351,1.50,1.13
2011.07.04 05:23:01.078,0.90335,0.90351,3.75,1.13
2011.07.04 05:23:01.871,0.90335,0.90349,3.75,1.50
2011.07.04 05:23:01.991,0.90333,0.90349,2.25,1.88
2011.07.04 05:23:02.110,0.90335,0.90352,1.50,2.25
2011.07.04 05:23:02.659,0.90336,0.90352,1.50,1.50
2011.07.04 05:23:02.878,0.90335,0.90354,1.50,1.88
2011.07.04 05:23:03.317,0.90334,0.90352,2.63,1.50
2011.07.04 05:23:03.983,0.90334,0.90352,1.13,3.00
2011.07.04 05:23:04.610,0.90334,0.90349,1.13,1.50
2011.07.04 05:23:04.940,0.90333,0.90346,1.50,1.50
2011.07.04 05:23:05.271,0.90333,0.90347,1.50,1.13
2011.07.04 05:23:05.499,0.90333,0.90347,1.50,1.13
2011.07.04 05:23:10.323,0.90333,0.90346,1.50,1.13
2011.07.04 05:23:11.101,0.90333,0.90344,1.50,1.13
2011.07.04 05:23:11.442,0.90333,0.90338,1.50,1.13
2011.07.04 05:23:11.562,0.90328,0.90336,1.50,1.13
2011.07.04 05:23:11.679,0.90325,0.90336,3.00,1.13
2011.07.04 05:23:12.010,0.90327,0.90338,1.50,1.13
2011.07.04 05:23:12.119,0.90327,0.90338,1.50,1.13
2011.07.04 05:23:12.781,0.90328,0.90339,3.00,1.13
2011.07.04 05:23:13.009,0.90328,0.90343,3.00,1.13
2011.07.04 05:23:13.118,0.90328,0.90338,3.00,1.13
2011.07.04 05:23:13.954,0.90326,0.90338,3.75,1.13
2011.07.04 05:23:14.179,0.90327,0.90338,1.50,1.13
2011.07.04 05:23:14.292,0.90327,0.90341,1.50,1.13
2011.07.04 05:23:14.741,0.90326,0.90333,3.00,1.13
2011.07.04 05:23:15.299,0.90316,0.90333,1.50,1.50
2011.07.04 05:23:15.412,0.90316,0.90334,1.50,1.13
2011.07.04 05:23:15.528,0.9032,0.90336,1.13,2.25
2011.07.04 05:23:15.749,0.90318,0.90334,1.50,1.88
2011.07.04 05:23:15.970,0.90313,0.90327,1.50,1.13
2011.07.04 05:23:16.297,0.90313,0.90324,1.50,1.13
2011.07.04 05:23:16.738,0.90313,0.90322,1.50,1.13
2011.07.04 05:23:17.267,0.90313,0.90322,1.50,1.13
2011.07.04 05:23:17.382,0.90309,0.9032,3.00,1.13
2011.07.04 05:23:17.719,0.90304,0.90313,1.13,1.13
2011.07.04 05:23:17.832,0.90301,0.90309,1.88,1.13
2011.07.04 05:23:17.950,0.903,0.90309,1.50,1.13
2011.07.04 05:23:18.072,0.903,0.90314,2.25,1.13
2011.07.04 05:23:18.191,0.90298,0.90309,3.75,1.13
2011.07.04 05:23:18.311,0.90298,0.90309,3.00,1.13
2011.07.04 05:23:18.429,0.90303,0.90316,1.50,2.42
2011.07.04 05:23:18.544,0.90303,0.90318,1.88,1.13
2011.07.04 05:23:18.657,0.90303,0.90317,2.25,1.50
2011.07.04 05:23:19.416,0.90303,0.90319,2.25,2.05
2011.07.04 05:23:19.539,0.90305,0.9032,1.50,1.30
2011.07.04 05:23:19.869,0.90306,0.90323,1.13,1.67
2011.07.04 05:23:20.200,0.90304,0.9032,4.50,1.13
2011.07.04 05:23:20.532,0.90303,0.90314,3.00,1.13
2011.07.04 05:23:20.868,0.90303,0.90316,3.00,1.13
2011.07.04 05:23:21.312,0.90301,0.90318,3.38,1.13
2011.07.04 05:23:21.429,0.90303,0.9032,2.25,1.50
2011.07.04 05:23:22.034,0.90303,0.90321,2.25,1.13
2011.07.04 05:23:22.368,0.90305,0.90323,1.13,2.63
2011.07.04 05:23:22.700,0.90308,0.90324,1.13,2.25
2011.07.04 05:23:23.247,0.9031,0.90326,1.50,1.13
2011.07.04 05:23:23.358,0.9031,0.9033,2.63,1.13
2011.07.04 05:23:23.690,0.90308,0.90323,2.25,1.13
2011.07.04 05:23:24.020,0.90312,0.90322,1.50,1.13
2011.07.04 05:23:24.571,0.90306,0.90322,1.50,1.13
2011.07.04 05:23:24.689,0.90307,0.90325,1.88,1.88
2011.07.04 05:23:25.405,0.90306,0.90324,1.50,1.13
2011.07.04 05:23:25.522,0.90306,0.90322,1.50,1.50
2011.07.04 05:23:26.078,0.90306,0.90322,1.50,1.50
2011.07.04 05:23:26.408,0.90307,0.90325,1.50,1.13
2011.07.04 05:23:27.067,0.90307,0.90325,1.50,1.13
2011.07.04 05:23:27.499,0.9031,0.90326,1.50,1.50
2011.07.04 05:23:28.049,0.90312,0.90329,1.50,1.50
2011.07.04 05:23:28.268,0.90314,0.90331,1.13,1.50
2011.07.04 05:23:28.817,0.90314,0.9033,1.13,1.50
2011.07.04 05:23:29.367,0.90314,0.9033,1.13,1.50
2011.07.04 05:23:29.697,0.90308,0.90324,3.00,1.13
2011.07.04 05:23:30.819,0.90308,0.90326,1.88,1.13
2011.07.04 05:23:31.258,0.90308,0.90324,1.88,1.50
2011.07.04 05:23:31.590,0.90303,0.90321,2.25,1.13
2011.07.04 05:23:32.029,0.90303,0.90319,2.25,1.13
2011.07.04 05:23:32.141,0.90305,0.90321,1.50,1.88
2011.07.04 05:23:32.258,0.90308,0.90322,1.50,2.25
2011.07.04 05:23:32.698,0.90308,0.90325,1.88,1.50
2011.07.04 05:23:32.811,0.90307,0.90323,1.50,1.50
2011.07.04 05:23:34.856,0.9031,0.90325,1.13,1.50
2011.07.04 05:23:35.652,0.90308,0.90323,1.50,1.50
2011.07.04 05:23:36.688,0.90305,0.90321,1.50,1.13
2011.07.04 05:23:39.100,0.90308,0.90322,1.50,1.50
2011.07.04 05:23:39.664,0.90304,0.90318,1.50,1.13
2011.07.04 05:23:40.219,0.90306,0.90322,1.50,1.88
2011.07.04 05:23:40.441,0.90308,0.90324,1.88,1.50
2011.07.04 05:23:40.782,0.90308,0.90324,1.50,1.50
2011.07.04 05:23:41.337,0.90305,0.90322,1.50,1.50
2011.07.04 05:23:42.178,0.90311,0.90325,1.13,3.75
2011.07.04 05:23:42.728,0.90305,0.90322,1.50,1.50
2011.07.04 05:23:42.840,0.90311,0.90325,1.13,3.75
2011.07.04 05:23:44.449,0.90308,0.90323,1.50,1.50
2011.07.04 05:23:44.891,0.90313,0.90325,1.13,3.75
2011.07.04 05:23:45.229,0.90315,0.90326,1.13,1.50
2011.07.04 05:23:45.450,0.90315,0.90332,1.88,1.13
2011.07.04 05:23:45.998,0.90316,0.90335,1.50,1.88
2011.07.04 05:23:47.371,0.9032,0.90338,2.25,1.35
2011.07.04 05:23:47.711,0.90321,0.90336,1.50,1.13
2011.07.04 05:23:48.326,0.90325,0.90339,1.13,3.00
2011.07.04 05:23:48.662,0.90329,0.90345,1.13,2.25
2011.07.04 05:23:49.001,0.90327,0.90344,1.50,1.50
2011.07.04 05:23:49.339,0.90328,0.90346,1.13,2.25
2011.07.04 05:23:49.561,0.90327,0.90345,1.50,1.13
2011.07.04 05:23:50.120,0.90327,0.90346,1.50,1.13
2011.07.04 05:23:53.889,0.90327,0.90344,1.50,1.50
2011.07.04 05:23:54.217,0.90322,0.90337,3.00,1.13
2011.07.04 05:23:55.656,0.90321,0.90337,1.50,1.13
2011.07.04 05:23:57.457,0.90327,0.90341,1.88,1.13
2011.07.04 05:23:57.569,0.90327,0.90343,1.88,2.25
2011.07.04 05:23:58.842,0.90327,0.90343,1.88,1.50
2011.07.04 05:23:59.178,0.90324,0.90342,1.50,1.88
2011.07.04 05:23:59.728,0.90324,0.90342,1.50,1.13
2011.07.04 05:24:00.059,0.90328,0.90342,1.50,1.50
2011.07.04 05:24:00.169,0.90327,0.90342,1.50,1.50
2011.07.04 05:24:00.278,0.90324,0.90342,1.50,1.88
2011.07.04 05:24:03.230,0.90326,0.90342,1.50,1.13
2011.07.04 05:24:04.332,0.90326,0.90343,1.50,1.13
2011.07.04 05:24:05.661,0.90323,0.90339,3.75,1.13
2011.07.04 05:24:05.893,0.90325,0.90342,1.50,1.88
2011.07.04 05:24:06.011,0.90322,0.9034,1.50,1.88
2011.07.04 05:24:06.348,0.90322,0.9034,1.50,1.13
2011.07.04 05:24:06.677,0.9032,0.90336,3.75,1.13
2011.07.04 05:24:08.051,0.90327,0.90341,1.88,1.13
2011.07.04 05:24:08.171,0.90327,0.90344,1.88,2.25
2011.07.04 05:24:08.513,0.90326,0.90342,1.50,1.13
2011.07.04 05:24:09.728,0.90325,0.90342,1.50,1.13
2011.07.04 05:24:10.389,0.90327,0.90345,1.13,1.88
2011.07.04 05:24:10.719,0.9033,0.90345,1.50,1.50
2011.07.04 05:24:11.158,0.90331,0.90347,1.50,1.88
2011.07.04 05:24:12.713,0.90328,0.90342,3.00,1.13
2011.07.04 05:24:12.942,0.90327,0.90345,4.50,1.88
2011.07.04 05:24:13.063,0.90326,0.90342,1.50,1.13
2011.07.04 05:24:13.291,0.90328,0.90345,1.50,2.25
2011.07.04 05:24:13.519,0.90326,0.90343,1.50,1.13
2011.07.04 05:24:13.742,0.9033,0.90347,1.50,2.63
2011.07.04 05:24:14.189,0.90333,0.90345,1.50,1.13
2011.07.04 05:24:14.521,0.90332,0.90346,1.50,1.50
2011.07.04 05:24:14.858,0.90334,0.90349,2.25,1.50
2011.07.04 05:24:15.190,0.90335,0.90352,1.88,3.00
2011.07.04 05:24:15.957,0.90336,0.90355,2.63,2.25
2011.07.04 05:24:16.070,0.90336,0.90354,2.25,1.13
2011.07.04 05:24:16.676,0.90336,0.90352,1.50,1.50
2011.07.04 05:24:17.228,0.90338,0.90353,1.50,5.25
2011.07.04 05:24:17.449,0.90335,0.90351,1.50,1.50
2011.07.04 05:24:17.779,0.90335,0.90348,1.50,1.13
2011.07.04 05:24:17.999,0.90335,0.9035,1.50,1.13
2011.07.04 05:24:18.220,0.90334,0.90347,1.50,1.13
2011.07.04 05:24:18.548,0.90332,0.90344,1.50,1.13
2011.07.04 05:24:19.428,0.90332,0.90347,2.25,1.50
2011.07.04 05:24:19.539,0.90332,0.9035,2.25,1.13
2011.07.04 05:24:19.759,0.90332,0.90347,1.50,1.13
2011.07.04 05:24:20.755,0.90331,0.90344,2.25,1.13
2011.07.04 05:24:23.248,0.90331,0.90343,1.50,1.13
2011.07.04 05:24:25.308,0.90329,0.90341,3.00,1.67
2011.07.04 05:24:25.419,0.9033,0.9034,1.50,1.13
2011.07.04 05:24:25.748,0.9033,0.9034,1.50,1.13
2011.07.04 05:24:26.408,0.9033,0.90344,1.50,1.13
2011.07.04 05:24:26.958,0.90336,0.90351,1.13,2.42
2011.07.04 05:24:27.068,0.90336,0.90351,1.13,1.67
2011.07.04 05:24:27.178,0.9033,0.90346,2.25,1.13
2011.07.04 05:24:27.706,0.9033,0.90342,1.50,1.13
2011.07.04 05:24:27.822,0.90329,0.90345,3.00,1.13
2011.07.04 05:24:30.461,0.9033,0.90348,1.50,1.13
2011.07.04 05:24:31.670,0.90329,0.90341,3.00,1.13
2011.07.04 05:24:32.109,0.90329,0.90344,3.00,1.13
2011.07.04 05:24:32.868,0.90329,0.90344,3.00,1.13
2011.07.04 05:24:33.309,0.90329,0.90344,3.00,1.30
2011.07.04 05:24:34.188,0.90329,0.90339,2.25,1.30
2011.07.04 05:24:34.761,0.90329,0.90339,3.00,1.13
2011.07.04 05:24:36.523,0.90335,0.90344,1.50,1.13
2011.07.04 05:24:36.969,0.90334,0.90347,1.50,1.13
2011.07.04 05:24:37.078,0.90334,0.90342,1.50,1.13
2011.07.04 05:24:37.299,0.90332,0.90342,1.50,1.30
2011.07.04 05:24:37.958,0.90337,0.90343,1.50,1.13
2011.07.04 05:24:38.068,0.90334,0.90343,1.50,1.30
2011.07.04 05:24:39.808,0.90336,0.90348,1.50,1.67
2011.07.04 05:24:39.956,0.90337,0.90344,1.50,1.13
2011.07.04 05:24:40.508,0.90336,0.90344,1.50,1.30
2011.07.04 05:24:41.559,0.90338,0.90347,1.50,1.13
2011.07.04 05:24:41.670,0.90337,0.90347,1.50,1.50
2011.07.04 05:24:41.779,0.90336,0.90347,1.50,1.13
2011.07.04 05:24:41.891,0.90329,0.9034,1.50,1.30
2011.07.04 05:24:42.448,0.90329,0.90338,1.50,1.30
2011.07.04 05:24:42.889,0.90329,0.90341,1.50,1.50
2011.07.04 05:24:42.999,0.9033,0.90342,1.50,1.13
2011.07.04 05:24:43.110,0.90329,0.90341,1.50,1.13
2011.07.04 05:24:43.441,0.90324,0.90333,3.00,1.67
2011.07.04 05:24:43.778,0.90319,0.90331,1.50,1.29
2011.07.04 05:24:44.999,0.90319,0.9033,1.50,1.67
2011.07.04 05:24:45.548,0.90319,0.9033,1.50,1.67
2011.07.04 05:24:45.660,0.90316,0.9033,4.50,1.67
2011.07.04 05:24:45.879,0.90319,0.90332,1.50,1.13
2011.07.04 05:24:46.868,0.90319,0.90332,2.25,1.13
2011.07.04 05:24:48.189,0.90319,0.90332,2.25,1.13
2011.07.04 05:24:48.629,0.90319,0.9033,2.25,1.13
2011.07.04 05:24:48.959,0.9032,0.9033,1.50,1.13
2011.07.04 05:24:49.597,0.90319,0.9033,2.25,1.13
2011.07.04 05:24:49.714,0.9032,0.90332,1.50,1.13
2011.07.04 05:24:50.160,0.90323,0.90337,1.50,1.13
2011.07.04 05:24:50.502,0.90325,0.9034,1.50,1.13
2011.07.04 05:24:51.058,0.90327,0.9034,1.50,1.13
2011.07.04 05:24:51.581,0.90327,0.9034,1.50,1.13
2011.07.04 05:24:52.138,0.90327,0.9034,1.50,1.13
2011.07.04 05:24:52.471,0.90326,0.90343,1.50,2.25
2011.07.04 05:24:52.700,0.90326,0.90338,1.50,1.13
2011.07.04 05:24:54.398,0.90323,0.90336,1.35,1.13
2011.07.04 05:24:54.728,0.90321,0.90336,3.75,1.13
2011.07.04 05:24:54.950,0.90321,0.90337,1.50,1.50
2011.07.04 05:24:55.072,0.90319,0.90329,2.25,1.13
2011.07.04 05:24:55.522,0.90321,0.90337,1.50,1.88
2011.07.04 05:24:55.640,0.9032,0.90333,2.25,1.13
2011.07.04 05:24:55.752,0.9032,0.90336,2.25,2.25
2011.07.04 05:24:56.089,0.90322,0.90339,1.50,1.13
2011.07.04 05:24:56.308,0.90322,0.90339,1.50,1.13
2011.07.04 05:24:58.111,0.90324,0.90337,1.50,1.13
2011.07.04 05:24:58.243,0.90328,0.90335,1.50,1.13
2011.07.04 05:24:58.360,0.90323,0.90341,1.50,1.13
2011.07.04 05:24:58.580,0.90321,0.90333,2.25,1.13
2011.07.04 05:24:58.689,0.90322,0.90333,3.00,1.13
2011.07.04 05:24:58.801,0.90322,0.9033,3.00,1.13
2011.07.04 05:24:58.920,0.9032,0.90334,1.50,1.13
2011.07.04 05:24:59.248,0.9032,0.90336,2.25,1.13
2011.07.04 05:24:59.579,0.90322,0.9034,2.25,1.13
2011.07.04 05:24:59.799,0.90322,0.9034,2.25,1.13
2011.07.04 05:25:00.349,0.90326,0.90342,1.50,1.13
2011.07.04 05:25:00.461,0.90326,0.90342,1.50,1.13
2011.07.04 05:25:00.800,0.90329,0.90339,1.50,1.13
2011.07.04 05:25:01.129,0.90329,0.90339,1.50,1.13
2011.07.04 05:25:01.458,0.90327,0.90339,1.50,1.13
2011.07.04 05:25:01.569,0.9033,0.90339,1.50,1.13
2011.07.04 05:25:02.042,0.90329,0.90337,1.50,1.13
2011.07.04 05:25:02.378,0.90327,0.90336,1.50,1.13
2011.07.04 05:25:02.488,0.90324,0.90334,3.00,1.13
2011.07.04 05:25:03.041,0.90321,0.90331,2.25,1.13
2011.07.04 05:25:03.151,0.90319,0.90335,2.10,1.13
2011.07.04 05:25:03.493,0.90319,0.90331,2.10,1.13
2011.07.04 05:25:03.614,0.90319,0.90333,1.35,1.13
