2011.11.24 06:00:00.480,0.85935,0.85945,1.50,1.13
2011.11.24 06:00:01.056,0.85937,0.85946,1.50,1.88
2011.11.24 06:00:01.660,0.85938,0.85946,1.50,1.13
2011.11.24 06:00:02.441,0.85937,0.85946,1.50,1.13
2011.11.24 06:00:02.928,0.85938,0.85946,1.50,1.13
2011.11.24 06:00:03.513,0.85938,0.85945,1.50,1.13
2011.11.24 06:00:07.859,0.85937,0.85947,1.50,1.13
2011.11.24 06:00:08.469,0.85937,0.85945,1.50,1.13
2011.11.24 06:00:09.065,0.85936,0.85945,1.50,1.13
2011.11.24 06:00:10.066,0.85938,0.85945,1.50,1.13
2011.11.24 06:00:10.670,0.85937,0.85945,1.50,1.13
2011.11.24 06:00:17.662,0.85935,0.85945,1.50,1.13
2011.11.24 06:00:18.859,0.85935,0.85943,1.50,1.13
2011.11.24 06:00:19.466,0.85934,0.85943,1.50,1.13
2011.11.24 06:00:20.064,0.85933,0.85943,1.50,1.13
2011.11.24 06:00:21.329,0.85932,0.85942,1.50,1.13
2011.11.24 06:00:21.578,0.85929,0.85942,2.25,1.13
2011.11.24 06:00:22.057,0.8593,0.85939,1.50,1.13
2011.11.24 06:00:22.180,0.85928,0.85939,1.50,1.13
2011.11.24 06:00:23.065,0.85928,0.85938,1.50,1.13
2011.11.24 06:00:25.134,0.85927,0.85938,1.50,1.13
2011.11.24 06:00:26.215,0.85927,0.85939,2.25,1.13
2011.11.24 06:00:26.461,0.85929,0.8594,1.50,1.13
2011.11.24 06:00:28.952,0.85929,0.85943,1.69,2.25
2011.11.24 06:00:29.202,0.85931,0.85944,1.69,2.63
2011.11.24 06:00:29.783,0.85931,0.85944,2.44,1.88
2011.11.24 06:00:33.126,0.85931,0.85945,2.44,2.25
2011.11.24 06:00:40.944,0.85931,0.85945,2.25,2.25
2011.11.24 06:00:41.508,0.85931,0.85945,2.25,3.00
2011.11.24 06:00:42.179,0.85935,0.85947,1.50,2.25
2011.11.24 06:00:42.795,0.85935,0.85947,1.50,2.25
2011.11.24 06:00:43.397,0.85934,0.85946,2.25,1.88
2011.11.24 06:00:45.564,0.85934,0.85946,2.25,4.13
2011.11.24 06:00:45.928,0.85938,0.85948,1.50,1.88
2011.11.24 06:00:46.527,0.8594,0.8595,1.50,4.50
2011.11.24 06:00:46.653,0.85938,0.85949,1.50,1.13
2011.11.24 06:00:48.868,0.85936,0.85949,2.25,1.88
2011.11.24 06:00:50.348,0.85937,0.85949,1.50,1.88
2011.11.24 06:00:51.293,0.85937,0.85948,1.50,2.63
2011.11.24 06:00:53.798,0.85937,0.85949,1.50,4.13
2011.11.24 06:00:54.574,0.85937,0.85946,1.50,1.13
2011.11.24 06:00:55.394,0.85937,0.85948,1.50,1.88
2011.11.24 06:00:57.848,0.85937,0.85947,2.25,1.13
2011.11.24 06:01:00.382,0.85937,0.85947,2.25,1.13
2011.11.24 06:01:00.976,0.85937,0.85947,1.50,1.88
2011.11.24 06:01:01.585,0.85938,0.85946,1.50,1.13
2011.11.24 06:01:01.706,0.85938,0.85942,1.50,1.13
2011.11.24 06:01:02.245,0.85937,0.85942,1.50,1.13
2011.11.24 06:01:02.378,0.85933,0.85944,1.50,1.88
2011.11.24 06:01:04.163,0.85932,0.85944,1.50,3.38
2011.11.24 06:01:04.770,0.85933,0.85944,1.50,1.88
2011.11.24 06:01:06.578,0.85931,0.85944,2.25,1.88
2011.11.24 06:01:07.178,0.85931,0.85943,2.25,1.88
2011.11.24 06:01:07.535,0.85933,0.85943,1.50,1.88
2011.11.24 06:01:08.109,0.85932,0.85943,1.50,1.88
2011.11.24 06:01:09.316,0.8593,0.85941,2.25,1.13
2011.11.24 06:01:09.915,0.85929,0.85939,2.25,1.13
2011.11.24 06:01:10.697,0.85928,0.85941,2.25,1.13
2011.11.24 06:01:11.196,0.8593,0.85941,1.50,1.13
2011.11.24 06:01:12.142,0.85929,0.85941,1.50,3.38
2011.11.24 06:01:12.727,0.85928,0.85941,1.50,1.88
2011.11.24 06:01:13.621,0.85929,0.8594,1.50,1.88
2011.11.24 06:01:14.224,0.8593,0.85942,1.50,2.25
2011.11.24 06:01:14.709,0.85926,0.85938,1.50,2.25
2011.11.24 06:01:15.315,0.85925,0.85939,1.50,6.75
2011.11.24 06:01:18.317,0.85928,0.85938,1.13,2.25
2011.11.24 06:01:18.917,0.85929,0.85938,1.13,1.50
2011.11.24 06:01:19.156,0.85929,0.85941,1.13,3.00
2011.11.24 06:01:20.205,0.85932,0.85943,1.50,1.50
2011.11.24 06:01:20.327,0.8593,0.85943,1.50,1.50
2011.11.24 06:01:20.914,0.8593,0.85944,2.25,2.25
2011.11.24 06:01:21.609,0.85928,0.85942,3.75,2.63
2011.11.24 06:01:22.235,0.85928,0.85939,1.50,1.13
2011.11.24 06:01:22.608,0.85925,0.85939,1.50,3.38
2011.11.24 06:01:22.731,0.85928,0.85937,1.50,1.88
2011.11.24 06:01:22.861,0.85926,0.85938,1.50,2.63
2011.11.24 06:01:23.110,0.85924,0.85935,1.50,1.13
2011.11.24 06:01:23.362,0.85926,0.85935,1.50,1.13
2011.11.24 06:01:23.725,0.85926,0.85935,1.50,1.88
2011.11.24 06:01:24.075,0.85924,0.85935,3.00,1.88
2011.11.24 06:01:24.196,0.85926,0.85935,1.50,1.88
2011.11.24 06:01:25.109,0.85926,0.85938,1.50,3.38
2011.11.24 06:01:25.239,0.85928,0.85938,1.50,1.88
2011.11.24 06:01:26.391,0.8593,0.85938,1.50,1.13
2011.11.24 06:01:26.986,0.85929,0.85938,1.50,1.13
2011.11.24 06:01:27.555,0.85926,0.85938,3.00,2.63
2011.11.24 06:01:30.806,0.85924,0.85938,3.00,3.38
2011.11.24 06:01:33.453,0.85926,0.85938,1.50,2.63
2011.11.24 06:01:35.186,0.85925,0.85937,1.50,2.25
2011.11.24 06:01:35.786,0.85925,0.85938,1.50,1.88
2011.11.24 06:01:36.386,0.85925,0.85937,1.50,2.25
2011.11.24 06:01:41.885,0.85924,0.85936,1.50,1.50
2011.11.24 06:01:42.486,0.85924,0.85936,1.50,2.25
2011.11.24 06:01:44.019,0.85926,0.85938,1.50,2.25
2011.11.24 06:01:44.625,0.85924,0.85936,2.25,1.13
2011.11.24 06:01:45.455,0.85924,0.85936,1.50,1.88
2011.11.24 06:01:47.738,0.85923,0.85935,1.50,3.38
2011.11.24 06:01:48.352,0.85923,0.85932,1.50,1.13
2011.11.24 06:01:49.329,0.85921,0.85932,1.50,1.13
2011.11.24 06:01:49.917,0.85921,0.85932,1.50,1.88
2011.11.24 06:01:50.398,0.85923,0.85935,1.50,3.38
2011.11.24 06:01:50.638,0.85922,0.85934,1.50,2.25
2011.11.24 06:01:51.626,0.85923,0.85933,1.50,1.13
2011.11.24 06:01:51.755,0.85921,0.85934,2.25,1.13
2011.11.24 06:01:52.000,0.85921,0.85932,1.50,1.13
2011.11.24 06:01:52.837,0.85921,0.85931,1.50,1.13
2011.11.24 06:01:54.474,0.85921,0.8593,1.50,1.13
2011.11.24 06:01:55.236,0.85919,0.8593,1.50,1.13
2011.11.24 06:01:55.925,0.85921,0.8593,1.50,1.13
2011.11.24 06:02:04.244,0.85921,0.85929,1.50,1.13
2011.11.24 06:02:06.755,0.8592,0.85929,1.50,1.13
2011.11.24 06:02:07.266,0.85921,0.85929,1.50,1.13
2011.11.24 06:02:07.964,0.85921,0.8593,1.50,1.13
2011.11.24 06:02:08.530,0.85921,0.85932,1.50,1.13
2011.11.24 06:02:09.637,0.85921,0.85931,1.50,1.13
2011.11.24 06:02:11.986,0.85921,0.85932,2.25,1.13
2011.11.24 06:02:13.356,0.85921,0.85932,2.25,1.13
2011.11.24 06:02:13.955,0.85921,0.85932,1.50,1.13
2011.11.24 06:02:16.607,0.8592,0.85932,2.25,2.63
2011.11.24 06:02:17.210,0.85921,0.85931,1.50,1.13
2011.11.24 06:02:18.046,0.85921,0.85933,2.25,1.50
2011.11.24 06:02:18.276,0.85921,0.85933,2.25,1.50
2011.11.24 06:02:18.518,0.85921,0.85935,2.25,2.63
2011.11.24 06:02:18.997,0.85921,0.85932,2.25,1.13
2011.11.24 06:02:19.986,0.85921,0.85931,2.25,1.13
2011.11.24 06:02:20.331,0.85919,0.85931,2.25,1.13
2011.11.24 06:02:21.040,0.8592,0.85932,2.25,1.13
2011.11.24 06:02:21.526,0.8592,0.85932,2.25,1.13
2011.11.24 06:02:22.124,0.85923,0.85932,1.50,1.13
2011.11.24 06:02:22.365,0.85921,0.85932,2.25,1.13
2011.11.24 06:02:25.504,0.85921,0.85934,2.25,1.88
2011.11.24 06:02:28.851,0.8592,0.85931,1.50,1.13
2011.11.24 06:02:29.216,0.85921,0.85931,2.25,1.13
2011.11.24 06:02:30.027,0.85921,0.85932,2.25,1.13
2011.11.24 06:02:32.164,0.85921,0.85933,2.25,2.63
2011.11.24 06:02:32.875,0.85922,0.85935,2.25,1.13
2011.11.24 06:02:33.467,0.85922,0.85935,2.25,1.13
2011.11.24 06:02:33.928,0.85925,0.85935,1.50,1.13
2011.11.24 06:02:37.047,0.85925,0.85935,2.25,1.13
2011.11.24 06:02:40.888,0.85925,0.85931,2.25,1.13
2011.11.24 06:02:41.133,0.85921,0.85931,2.25,1.13
2011.11.24 06:02:41.736,0.85923,0.85933,1.50,1.88
2011.11.24 06:02:42.368,0.85922,0.85933,2.25,1.88
2011.11.24 06:02:44.327,0.85921,0.85932,2.25,1.88
2011.11.24 06:02:48.237,0.85921,0.85931,1.50,1.13
2011.11.24 06:02:48.955,0.8592,0.85931,2.25,1.13
2011.11.24 06:02:49.524,0.85921,0.85931,1.50,1.13
2011.11.24 06:02:51.246,0.85921,0.85932,1.50,1.88
2011.11.24 06:02:57.987,0.85921,0.85931,1.50,1.13
2011.11.24 06:02:58.353,0.85921,0.85929,1.50,1.13
2011.11.24 06:02:58.957,0.8592,0.85929,1.50,1.13
2011.11.24 06:03:00.880,0.85922,0.8593,1.50,1.13
2011.11.24 06:03:01.259,0.85926,0.85934,1.50,1.13
2011.11.24 06:03:02.285,0.85926,0.85933,2.25,1.13
2011.11.24 06:03:03.335,0.85926,0.85933,2.25,1.13
2011.11.24 06:03:06.440,0.85926,0.85934,2.25,1.13
2011.11.24 06:03:08.435,0.85926,0.85935,2.25,1.13
2011.11.24 06:03:16.260,0.85926,0.85935,2.25,1.13
2011.11.24 06:03:16.866,0.85926,0.85935,1.50,1.13
2011.11.24 06:03:19.327,0.85926,0.85935,2.25,1.13
2011.11.24 06:03:22.078,0.85926,0.85938,2.25,2.63
2011.11.24 06:03:22.666,0.85927,0.85939,2.25,2.63
2011.11.24 06:03:23.144,0.85928,0.8594,2.25,1.50
2011.11.24 06:03:23.906,0.85929,0.85941,2.25,1.13
2011.11.24 06:03:27.126,0.85929,0.85941,2.25,2.63
2011.11.24 06:03:27.706,0.85929,0.85941,2.25,1.13
2011.11.24 06:03:33.195,0.85929,0.85941,2.25,1.13
2011.11.24 06:03:39.546,0.85929,0.85939,2.25,1.13
2011.11.24 06:03:39.667,0.8593,0.85942,2.25,2.63
2011.11.24 06:03:40.266,0.8593,0.85942,2.25,2.63
2011.11.24 06:03:42.203,0.85929,0.85941,2.25,1.50
2011.11.24 06:03:43.633,0.85929,0.85942,2.25,1.13
2011.11.24 06:03:47.256,0.8593,0.85941,2.25,1.13
2011.11.24 06:03:48.781,0.8593,0.85941,2.25,1.13
2011.11.24 06:03:49.385,0.8593,0.85941,2.25,1.13
2011.11.24 06:03:50.407,0.8593,0.85941,2.25,1.13
2011.11.24 06:03:50.974,0.8593,0.8594,2.25,1.13
2011.11.24 06:03:51.586,0.8593,0.8594,2.25,1.13
2011.11.24 06:03:52.185,0.8593,0.8594,2.25,1.13
2011.11.24 06:03:52.885,0.8593,0.8594,2.25,1.13
2011.11.24 06:03:53.005,0.8593,0.85942,2.25,2.63
2011.11.24 06:04:01.744,0.85929,0.8594,2.25,1.13
2011.11.24 06:04:03.427,0.8593,0.8594,2.25,1.13
2011.11.24 06:04:03.786,0.8593,0.8594,2.25,1.13
2011.11.24 06:04:04.377,0.8593,0.8594,2.25,1.13
2011.11.24 06:04:08.690,0.8593,0.8594,2.25,1.13
2011.11.24 06:04:09.422,0.8593,0.8594,1.50,1.13
2011.11.24 06:04:09.549,0.8593,0.85938,1.50,1.13
2011.11.24 06:04:10.144,0.85928,0.85938,2.25,1.13
2011.11.24 06:04:13.729,0.85926,0.85938,2.25,1.13
2011.11.24 06:04:14.445,0.85927,0.85936,1.50,1.13
2011.11.24 06:04:15.044,0.85926,0.85936,1.50,1.13
2011.11.24 06:04:17.431,0.85926,0.85935,1.50,1.13
2011.11.24 06:04:28.117,0.85925,0.85935,1.50,1.13
2011.11.24 06:04:28.359,0.85922,0.85934,1.50,1.50
2011.11.24 06:04:29.195,0.85922,0.85933,1.50,1.88
2011.11.24 06:04:31.421,0.85922,0.85933,1.50,1.13
2011.11.24 06:04:37.385,0.85922,0.85934,1.50,2.25
2011.11.24 06:04:44.148,0.85922,0.85935,1.50,3.00
2011.11.24 06:04:44.740,0.85922,0.85934,1.50,1.50
2011.11.24 06:04:45.346,0.85923,0.85935,1.50,2.63
2011.11.24 06:04:46.331,0.85921,0.85935,2.25,1.50
2011.11.24 06:04:50.558,0.85923,0.85935,1.50,2.25
2011.11.24 06:04:51.156,0.85922,0.85934,1.50,1.50
2011.11.24 06:04:51.762,0.85922,0.85934,1.50,2.25
2011.11.24 06:04:52.368,0.85922,0.85934,1.50,4.13
2011.11.24 06:04:52.955,0.85922,0.85934,1.50,4.13
2011.11.24 06:04:53.535,0.85922,0.85934,1.50,4.13
2011.11.24 06:04:54.214,0.85922,0.85934,1.50,3.38
2011.11.24 06:04:54.579,0.8592,0.85932,1.50,2.25
2011.11.24 06:04:55.186,0.85919,0.85933,2.25,2.25
2011.11.24 06:04:55.875,0.85921,0.85933,1.50,2.25
2011.11.24 06:04:56.466,0.8592,0.85932,2.63,1.50
2011.11.24 06:04:58.447,0.85921,0.85933,2.63,1.50
2011.11.24 06:04:59.033,0.85921,0.85935,4.88,2.63
2011.11.24 06:05:00.339,0.85922,0.85935,2.25,1.13
2011.11.24 06:05:00.925,0.85922,0.85935,2.25,1.13
2011.11.24 06:05:01.516,0.85922,0.85935,2.25,1.13
2011.11.24 06:05:04.097,0.85922,0.85936,3.38,2.63
2011.11.24 06:05:09.197,0.85922,0.85936,2.25,2.63
2011.11.24 06:05:09.878,0.85924,0.85936,2.25,1.13
2011.11.24 06:05:20.259,0.85923,0.85935,2.25,1.13
2011.11.24 06:05:23.765,0.85923,0.85935,2.25,1.13
2011.11.24 06:05:24.646,0.85923,0.85936,2.25,3.00
2011.11.24 06:05:25.237,0.85925,0.85939,1.50,2.25
2011.11.24 06:05:25.354,0.85925,0.85939,2.25,1.50
2011.11.24 06:05:29.277,0.85925,0.85938,2.25,1.13
2011.11.24 06:05:29.519,0.85925,0.85938,1.50,1.88
2011.11.24 06:05:30.125,0.85925,0.85937,2.25,1.50
2011.11.24 06:05:33.036,0.85925,0.85937,1.50,2.63
2011.11.24 06:05:35.168,0.85925,0.85937,2.25,1.50
2011.11.24 06:05:36.537,0.85925,0.85937,2.25,1.50
2011.11.24 06:05:37.565,0.85925,0.85937,2.25,2.63
2011.11.24 06:05:40.105,0.85925,0.85937,2.25,2.63
2011.11.24 06:05:40.465,0.85922,0.85934,1.50,2.25
2011.11.24 06:05:42.938,0.85922,0.85936,3.38,3.38
2011.11.24 06:05:43.059,0.85922,0.85936,3.38,2.63
2011.11.24 06:05:43.758,0.85925,0.85936,2.25,1.13
2011.11.24 06:05:57.849,0.85925,0.85935,1.50,1.13
2011.11.24 06:06:00.237,0.85923,0.85935,2.25,1.50
2011.11.24 06:06:02.341,0.85925,0.85936,1.50,1.13
2011.11.24 06:06:02.475,0.85923,0.85935,3.75,1.50
2011.11.24 06:06:08.014,0.85923,0.85934,2.25,1.13
2011.11.24 06:06:11.735,0.85923,0.85934,2.25,1.13
2011.11.24 06:06:13.211,0.85923,0.85934,2.25,1.13
2011.11.24 06:06:16.653,0.85923,0.85934,2.25,1.13
2011.11.24 06:06:17.118,0.85922,0.85934,2.25,3.00
2011.11.24 06:06:17.719,0.85923,0.85935,1.50,3.38
2011.11.24 06:06:18.267,0.85921,0.85934,2.25,1.13
2011.11.24 06:06:18.514,0.85923,0.85929,1.50,1.13
2011.11.24 06:06:18.767,0.85917,0.85926,3.00,1.13
2011.11.24 06:06:19.719,0.85917,0.85928,1.50,1.13
2011.11.24 06:06:20.620,0.85918,0.8593,2.25,1.50
2011.11.24 06:06:20.756,0.85921,0.85931,1.50,1.13
2011.11.24 06:06:21.439,0.85919,0.85931,2.25,1.13
2011.11.24 06:06:22.365,0.85919,0.8593,2.25,1.13
2011.11.24 06:06:23.439,0.85921,0.85933,1.13,2.25
2011.11.24 06:06:23.556,0.85922,0.85935,1.50,2.08
2011.11.24 06:06:23.798,0.85925,0.85939,1.50,3.38
2011.11.24 06:06:24.157,0.85925,0.85936,2.25,1.13
2011.11.24 06:06:24.280,0.85928,0.85941,1.13,3.00
2011.11.24 06:06:24.827,0.85928,0.8594,1.88,1.50
2011.11.24 06:06:25.068,0.85926,0.8594,3.38,2.63
2011.11.24 06:06:25.308,0.85927,0.8594,2.25,1.13
2011.11.24 06:06:26.028,0.85927,0.8594,2.25,1.13
2011.11.24 06:06:26.629,0.85927,0.85941,2.25,1.50
2011.11.24 06:06:27.230,0.85927,0.85939,2.25,1.50
2011.11.24 06:06:28.038,0.85928,0.8594,2.25,1.50
2011.11.24 06:06:28.755,0.85926,0.8594,2.25,2.63
2011.11.24 06:06:29.940,0.85924,0.85938,3.38,1.50
2011.11.24 06:06:30.428,0.85929,0.85939,1.13,1.50
2011.11.24 06:06:30.552,0.85929,0.85941,1.88,1.50
2011.11.24 06:06:31.246,0.85929,0.8594,1.88,1.50
2011.11.24 06:06:31.736,0.85926,0.85937,1.88,1.50
2011.11.24 06:06:32.099,0.85923,0.85937,4.13,1.50
2011.11.24 06:06:32.461,0.85925,0.85939,2.25,2.63
2011.11.24 06:06:33.307,0.85925,0.85939,2.25,2.63
2011.11.24 06:06:36.329,0.85925,0.85936,1.13,2.63
2011.11.24 06:06:36.448,0.85922,0.85935,1.50,1.88
2011.11.24 06:06:37.049,0.85923,0.85937,1.50,3.38
2011.11.24 06:06:37.167,0.85923,0.85937,1.50,2.63
2011.11.24 06:06:37.532,0.85925,0.85939,2.25,3.75
2011.11.24 06:06:37.899,0.85928,0.8594,1.50,1.50
2011.11.24 06:06:38.419,0.85927,0.85939,2.25,1.50
2011.11.24 06:06:38.907,0.85926,0.85938,1.50,1.50
2011.11.24 06:06:39.950,0.85926,0.85936,1.50,1.13
2011.11.24 06:06:41.085,0.85925,0.85936,1.50,1.13
2011.11.24 06:06:42.567,0.85926,0.85938,1.50,3.38
2011.11.24 06:06:46.480,0.85925,0.85936,1.50,1.13
2011.11.24 06:06:47.497,0.85925,0.85937,2.63,1.50
2011.11.24 06:06:47.737,0.85926,0.85939,2.25,1.13
2011.11.24 06:06:47.857,0.85928,0.85939,1.50,1.13
2011.11.24 06:06:48.456,0.85928,0.8594,2.25,1.50
2011.11.24 06:06:51.799,0.8593,0.85942,1.50,2.25
2011.11.24 06:06:52.036,0.85928,0.85942,2.25,2.25
2011.11.24 06:06:53.227,0.85928,0.85941,2.25,1.13
2011.11.24 06:06:53.586,0.8593,0.85941,1.50,1.13
2011.11.24 06:06:54.416,0.85932,0.85941,1.50,1.13
2011.11.24 06:06:54.782,0.85932,0.85944,2.25,1.50
2011.11.24 06:06:55.390,0.85932,0.85945,2.25,1.13
2011.11.24 06:06:57.236,0.85932,0.85944,2.25,1.50
2011.11.24 06:06:57.975,0.85932,0.85945,2.25,1.13
2011.11.24 06:06:58.507,0.85932,0.85944,2.25,1.50
2011.11.24 06:07:00.066,0.85932,0.85945,2.25,1.13
2011.11.24 06:07:00.754,0.85932,0.85944,2.25,1.50
2011.11.24 06:07:01.714,0.85931,0.85943,2.25,1.13
2011.11.24 06:07:02.359,0.85933,0.85943,1.50,1.13
2011.11.24 06:07:02.677,0.85931,0.85943,1.50,1.13
2011.11.24 06:07:09.794,0.85931,0.85943,2.25,1.13
2011.11.24 06:07:10.376,0.85931,0.85943,2.25,1.13
2011.11.24 06:07:11.585,0.85931,0.85945,2.25,2.63
2011.11.24 06:07:13.068,0.85931,0.85945,2.25,2.63
2011.11.24 06:07:13.406,0.85931,0.85945,2.25,2.63
2011.11.24 06:07:14.066,0.85933,0.85945,1.50,2.63
2011.11.24 06:07:14.665,0.85933,0.85944,1.88,1.50
2011.11.24 06:07:14.790,0.85933,0.85944,1.88,1.50
2011.11.24 06:07:14.911,0.85933,0.85946,1.88,1.50
2011.11.24 06:07:15.158,0.85933,0.85946,1.13,1.50
2011.11.24 06:07:15.875,0.85932,0.85944,2.25,1.13
2011.11.24 06:07:16.616,0.85932,0.85944,2.25,1.50
2011.11.24 06:07:17.215,0.85933,0.85945,2.25,1.50
2011.11.24 06:07:17.795,0.85933,0.85945,2.25,2.63
2011.11.24 06:07:20.901,0.85935,0.85946,1.50,1.13
2011.11.24 06:07:21.421,0.85936,0.85946,1.50,1.13
2011.11.24 06:07:21.563,0.85938,0.85949,2.25,1.13
2011.11.24 06:07:22.765,0.85938,0.85949,2.25,1.13
2011.11.24 06:07:23.325,0.85938,0.85949,2.25,1.13
2011.11.24 06:07:24.016,0.85938,0.8595,2.25,2.63
2011.11.24 06:07:24.257,0.85938,0.8595,2.25,2.63
2011.11.24 06:07:24.816,0.85938,0.8595,2.25,2.63
2011.11.24 06:07:25.386,0.85938,0.8595,2.25,2.63
2011.11.24 06:07:26.745,0.85938,0.8595,2.25,2.63
2011.11.24 06:07:27.269,0.85939,0.85952,2.25,1.13
2011.11.24 06:07:27.867,0.85939,0.85951,2.25,1.50
2011.11.24 06:07:28.936,0.85939,0.8595,2.25,1.13
2011.11.24 06:07:29.536,0.85937,0.85949,2.25,1.50
2011.11.24 06:07:30.844,0.85937,0.85949,2.25,1.50
2011.11.24 06:07:31.410,0.85937,0.85948,2.25,1.13
2011.11.24 06:07:31.544,0.85937,0.8595,2.25,1.13
2011.11.24 06:07:31.669,0.8594,0.8595,2.25,1.13
2011.11.24 06:07:35.108,0.85937,0.85949,2.25,1.50
2011.11.24 06:07:35.720,0.85937,0.85949,2.25,1.50
2011.11.24 06:07:38.007,0.85937,0.85948,2.25,1.13
2011.11.24 06:07:38.598,0.85937,0.85948,1.50,1.13
2011.11.24 06:07:38.719,0.85938,0.8595,1.50,2.63
2011.11.24 06:07:39.268,0.85939,0.8595,1.50,1.13
2011.11.24 06:07:39.866,0.85939,0.8595,2.25,1.13
2011.11.24 06:07:40.107,0.8594,0.85952,2.25,2.63
2011.11.24 06:07:45.316,0.85939,0.85951,3.00,1.50
2011.11.24 06:07:45.440,0.85942,0.85953,1.88,1.50
2011.11.24 06:07:45.798,0.85942,0.85955,3.00,1.13
2011.11.24 06:07:46.155,0.85942,0.85955,3.00,1.13
2011.11.24 06:07:46.745,0.85942,0.85955,3.00,1.13
2011.11.24 06:07:49.178,0.85942,0.85954,2.25,1.50
2011.11.24 06:07:50.271,0.8594,0.85952,2.25,1.50
2011.11.24 06:07:50.397,0.8594,0.85952,2.25,1.50
2011.11.24 06:07:55.035,0.85943,0.85955,2.25,2.63
2011.11.24 06:07:55.169,0.85943,0.85957,2.25,1.50
2011.11.24 06:07:55.646,0.85944,0.85958,2.25,2.63
2011.11.24 06:07:56.214,0.85944,0.85958,2.25,2.63
2011.11.24 06:07:58.165,0.85944,0.85956,2.25,1.50
2011.11.24 06:07:59.694,0.85945,0.85957,2.25,1.50
2011.11.24 06:08:01.083,0.85943,0.85955,2.25,1.13
2011.11.24 06:08:01.213,0.85943,0.85955,1.50,1.13
2011.11.24 06:08:01.935,0.85943,0.85957,2.25,2.63
2011.11.24 06:08:02.538,0.85944,0.85957,2.25,1.13
2011.11.24 06:08:02.902,0.85944,0.85957,2.25,1.13
2011.11.24 06:08:03.507,0.85943,0.85956,2.25,1.13
2011.11.24 06:08:04.058,0.85947,0.85956,2.25,1.13
2011.11.24 06:08:04.182,0.85947,0.85959,2.25,2.63
2011.11.24 06:08:04.757,0.85947,0.85959,2.25,2.63
2011.11.24 06:08:05.958,0.85947,0.85957,2.25,1.13
2011.11.24 06:08:06.316,0.85945,0.85957,2.25,2.63
2011.11.24 06:08:06.903,0.85944,0.85956,2.25,1.50
2011.11.24 06:08:07.028,0.85942,0.85954,2.25,1.50
2011.11.24 06:08:07.716,0.85943,0.85955,2.25,1.50
2011.11.24 06:08:08.517,0.85943,0.85955,2.25,1.50
2011.11.24 06:08:08.637,0.85944,0.85958,2.25,2.63
2011.11.24 06:08:25.278,0.85947,0.85958,2.25,1.13
2011.11.24 06:08:25.402,0.85948,0.8596,2.25,2.63
2011.11.24 06:08:25.996,0.85948,0.8596,2.25,2.63
2011.11.24 06:08:29.736,0.85948,0.8596,2.25,2.63
2011.11.24 06:08:31.997,0.85946,0.85957,2.25,1.13
2011.11.24 06:08:36.477,0.85946,0.8596,2.25,2.63
2011.11.24 06:08:37.034,0.85946,0.8596,2.25,2.63
2011.11.24 06:08:38.936,0.85947,0.8596,2.25,1.13
2011.11.24 06:08:39.727,0.85947,0.85959,2.25,1.50
2011.11.24 06:08:47.283,0.85947,0.85959,2.25,1.50
2011.11.24 06:08:50.363,0.85947,0.85959,2.25,1.50
2011.11.24 06:08:52.146,0.85947,0.85957,2.25,1.13
2011.11.24 06:08:52.871,0.85947,0.85957,1.50,1.13
2011.11.24 06:08:53.958,0.85948,0.85959,1.50,1.13
2011.11.24 06:08:54.555,0.85947,0.85959,2.25,2.63
2011.11.24 06:08:55.394,0.85945,0.85957,2.25,2.63
2011.11.24 06:08:56.175,0.85947,0.85957,1.50,1.13
2011.11.24 06:08:56.758,0.85947,0.85957,2.25,1.13
2011.11.24 06:08:57.345,0.85947,0.8596,2.25,1.13
2011.11.24 06:08:59.590,0.85947,0.8596,2.25,1.13
2011.11.24 06:09:00.179,0.85947,0.85959,2.25,1.13
2011.11.24 06:09:01.058,0.85946,0.85958,2.25,1.13
2011.11.24 06:09:01.421,0.85944,0.85958,2.25,2.63
2011.11.24 06:09:02.149,0.85943,0.85957,2.25,1.50
2011.11.24 06:09:02.727,0.85945,0.85957,2.25,1.50
2011.11.24 06:09:04.430,0.85945,0.85957,2.25,1.50
2011.11.24 06:09:04.668,0.85946,0.8596,2.25,2.63
2011.11.24 06:09:07.952,0.85949,0.8596,2.25,1.13
2011.11.24 06:09:08.547,0.85949,0.8596,2.25,1.13
2011.11.24 06:09:09.117,0.85949,0.8596,2.25,1.13
2011.11.24 06:09:12.268,0.85949,0.8596,2.25,1.13
2011.11.24 06:09:12.628,0.85949,0.85957,2.25,1.13
2011.11.24 06:09:12.977,0.85949,0.85957,2.25,1.13
2011.11.24 06:09:15.793,0.85949,0.85959,2.25,1.13
2011.11.24 06:09:17.131,0.85949,0.85959,2.25,1.13
2011.11.24 06:09:17.375,0.85949,0.85959,2.25,1.13
2011.11.24 06:09:17.605,0.85949,0.85959,2.25,1.13
2011.11.24 06:09:18.184,0.85949,0.85958,2.25,1.13
2011.11.24 06:09:18.795,0.85948,0.85958,2.25,1.13
2011.11.24 06:09:22.839,0.85949,0.85959,2.25,1.13
2011.11.24 06:09:22.962,0.85952,0.85959,2.25,1.13
2011.11.24 06:09:24.407,0.85951,0.85959,2.25,1.13
2011.11.24 06:09:25.070,0.85951,0.85957,2.25,1.88
2011.11.24 06:09:26.368,0.85949,0.85957,2.25,1.13
2011.11.24 06:09:26.964,0.85951,0.85957,2.25,1.13
2011.11.24 06:09:31.673,0.85953,0.8596,2.25,1.13
2011.11.24 06:09:37.146,0.85954,0.85965,2.25,1.13
2011.11.24 06:09:37.269,0.85954,0.85963,2.25,1.13
2011.11.24 06:09:41.578,0.85956,0.85963,1.50,1.13
2011.11.24 06:09:42.492,0.85956,0.85964,2.25,1.13
2011.11.24 06:09:46.704,0.85958,0.85964,1.50,1.13
2011.11.24 06:09:52.713,0.85958,0.85966,1.50,1.13
2011.11.24 06:10:05.945,0.85958,0.85966,2.25,1.13
2011.11.24 06:10:06.504,0.85958,0.85966,2.25,1.13
2011.11.24 06:10:10.610,0.85958,0.85967,1.50,1.13
2011.11.24 06:10:11.219,0.85959,0.85967,1.50,1.13
2011.11.24 06:10:13.111,0.85959,0.85968,1.50,1.13
2011.11.24 06:10:13.480,0.85959,0.85965,2.25,1.13
2011.11.24 06:10:13.596,0.85959,0.85968,1.50,1.13
2011.11.24 06:10:14.370,0.85959,0.85968,2.25,1.13
2011.11.24 06:10:15.545,0.85959,0.85968,2.25,1.13
2011.11.24 06:10:15.668,0.85961,0.85968,1.50,1.13
2011.11.24 06:10:16.268,0.85961,0.85969,1.50,1.88
2011.11.24 06:10:20.846,0.85962,0.85969,1.50,1.88
2011.11.24 06:10:27.948,0.85962,0.85971,1.50,1.13
2011.11.24 06:10:28.529,0.85961,0.85969,3.00,1.13
2011.11.24 06:10:28.767,0.85959,0.85969,2.25,1.13
2011.11.24 06:10:30.016,0.85959,0.85967,1.50,1.13
2011.11.24 06:10:32.074,0.8596,0.85967,1.50,1.13
2011.11.24 06:10:33.865,0.85959,0.85967,1.50,1.13
2011.11.24 06:10:34.428,0.8596,0.85967,1.50,1.13
2011.11.24 06:10:34.791,0.85957,0.85968,2.25,1.13
2011.11.24 06:10:35.386,0.85959,0.85968,1.50,1.13
2011.11.24 06:10:38.719,0.85959,0.85969,1.50,1.13
2011.11.24 06:10:39.308,0.8596,0.85969,1.50,1.13
2011.11.24 06:10:39.646,0.85958,0.85969,2.25,1.13
2011.11.24 06:10:40.225,0.85959,0.8597,1.50,1.13
2011.11.24 06:10:45.568,0.85959,0.85969,1.50,1.13
2011.11.24 06:10:46.325,0.8596,0.85969,1.50,1.13
2011.11.24 06:10:46.450,0.85958,0.85969,2.25,1.13
2011.11.24 06:10:52.235,0.85958,0.85969,2.25,1.13
2011.11.24 06:10:53.017,0.85958,0.85969,1.50,1.13
2011.11.24 06:10:53.617,0.85956,0.85968,2.25,1.50
2011.11.24 06:10:54.215,0.85956,0.85967,2.25,1.13
2011.11.24 06:11:02.912,0.85956,0.85967,2.25,1.13
2011.11.24 06:11:07.697,0.85956,0.85967,2.25,1.13
2011.11.24 06:11:10.936,0.85956,0.8597,2.25,2.63
2011.11.24 06:11:12.935,0.85956,0.85967,2.25,1.13
2011.11.24 06:11:14.628,0.85956,0.85967,2.25,1.13
2011.11.24 06:11:19.314,0.85957,0.85968,1.50,1.13
2011.11.24 06:11:19.906,0.85956,0.85968,1.50,2.63
2011.11.24 06:11:32.752,0.85956,0.85967,1.50,1.13
2011.11.24 06:11:35.335,0.85956,0.85968,1.50,2.63
2011.11.24 06:11:39.698,0.85956,0.85967,1.50,1.13
2011.11.24 06:11:43.969,0.85953,0.85967,3.00,3.38
2011.11.24 06:11:44.987,0.85953,0.85967,1.50,3.38
2011.11.24 06:11:45.234,0.85951,0.85965,2.63,2.25
2011.11.24 06:11:49.768,0.85951,0.85965,3.38,2.63
2011.11.24 06:11:52.017,0.85951,0.85963,2.25,1.50
2011.11.24 06:11:52.618,0.85952,0.85964,1.50,1.50
2011.11.24 06:11:53.216,0.85952,0.85964,2.25,1.50
2011.11.24 06:11:55.871,0.8595,0.85964,3.38,2.63
2011.11.24 06:11:56.727,0.8595,0.85964,2.63,3.38
2011.11.24 06:12:00.148,0.85949,0.85961,2.25,1.50
2011.11.24 06:12:00.508,0.85949,0.85958,1.50,1.13
2011.11.24 06:12:00.628,0.85947,0.85958,1.50,1.13
2011.11.24 06:12:03.837,0.85947,0.8596,1.50,1.13
2011.11.24 06:12:06.142,0.85946,0.8596,3.38,2.63
2011.11.24 06:12:08.868,0.85948,0.8596,1.50,2.63
2011.11.24 06:12:12.097,0.85947,0.85959,1.50,1.50
2011.11.24 06:12:12.456,0.85945,0.85957,1.50,1.50
2011.11.24 06:12:17.577,0.85947,0.85959,3.38,2.25
2011.11.24 06:12:17.817,0.85948,0.8596,1.50,2.63
2011.11.24 06:12:18.418,0.85947,0.85959,1.50,1.50
2011.11.24 06:12:27.487,0.85947,0.85959,4.13,1.50
2011.11.24 06:12:28.064,0.85949,0.8596,1.50,1.50
2011.11.24 06:12:31.602,0.85949,0.8596,1.50,1.50
2011.11.24 06:12:41.107,0.8595,0.85962,2.25,1.50
2011.11.24 06:12:41.603,0.85951,0.85964,2.25,1.13
2011.11.24 06:12:41.963,0.85952,0.85965,1.88,1.50
2011.11.24 06:12:47.039,0.85951,0.85963,3.38,1.50
2011.11.24 06:12:48.024,0.85951,0.85965,3.38,2.63
2011.11.24 06:12:50.628,0.85951,0.85963,1.50,1.50
2011.11.24 06:12:51.236,0.85951,0.85963,2.25,1.50
2011.11.24 06:12:51.809,0.85954,0.85965,1.50,1.13
2011.11.24 06:12:51.942,0.85952,0.85964,2.25,1.50
2011.11.24 06:12:53.718,0.85953,0.85965,1.50,1.13
2011.11.24 06:13:02.994,0.85952,0.85963,2.25,1.13
2011.11.24 06:13:03.232,0.8595,0.85963,2.25,1.13
2011.11.24 06:13:03.473,0.8595,0.85961,1.50,1.13
2011.11.24 06:13:04.076,0.85949,0.85961,1.50,2.63
2011.11.24 06:13:07.674,0.85947,0.85959,1.50,1.50
2011.11.24 06:13:09.513,0.85946,0.85956,2.25,1.13
2011.11.24 06:13:09.632,0.85945,0.85956,3.00,1.13
2011.11.24 06:13:10.201,0.85945,0.85957,1.50,1.50
2011.11.24 06:13:12.708,0.85945,0.85955,2.25,1.88
2011.11.24 06:13:13.301,0.85943,0.85952,2.25,1.13
2011.11.24 06:13:13.439,0.85943,0.85952,1.50,1.13
2011.11.24 06:13:19.195,0.85943,0.85954,2.25,1.13
2011.11.24 06:13:19.552,0.85944,0.85954,2.25,1.13
2011.11.24 06:13:19.916,0.85944,0.85957,2.25,1.13
2011.11.24 06:13:21.528,0.85944,0.85956,2.25,1.13
2011.11.24 06:13:22.503,0.85944,0.85957,2.25,1.13
2011.11.24 06:13:24.991,0.85944,0.85957,2.25,1.13
2011.11.24 06:13:33.455,0.85944,0.85958,2.25,2.63
2011.11.24 06:13:41.548,0.85946,0.85959,2.25,1.13
2011.11.24 06:13:43.664,0.85945,0.85957,2.25,1.50
2011.11.24 06:13:44.242,0.85945,0.85957,1.50,2.63
2011.11.24 06:13:48.981,0.85945,0.85955,1.50,1.13
2011.11.24 06:13:49.552,0.85944,0.85955,1.50,1.13
2011.11.24 06:13:54.983,0.85944,0.85956,1.50,1.13
2011.11.24 06:13:57.417,0.85945,0.85956,1.50,1.13
2011.11.24 06:13:57.545,0.85943,0.85956,3.75,1.13
2011.11.24 06:13:57.666,0.85945,0.85956,1.50,1.13
2011.11.24 06:14:02.986,0.85944,0.85956,1.50,2.63
2011.11.24 06:14:11.880,0.85943,0.85956,2.25,1.13
2011.11.24 06:14:15.449,0.85945,0.85956,1.50,1.13
2011.11.24 06:14:17.180,0.85943,0.85953,2.25,1.13
2011.11.24 06:14:17.423,0.85941,0.85953,2.25,1.13
2011.11.24 06:14:17.905,0.85941,0.8595,1.50,1.13
2011.11.24 06:14:18.263,0.85939,0.8595,1.50,1.13
2011.11.24 06:14:19.402,0.85939,0.85952,2.25,1.13
2011.11.24 06:14:23.944,0.85942,0.85954,1.50,4.13
2011.11.24 06:14:24.318,0.85944,0.85955,1.50,1.13
2011.11.24 06:14:25.141,0.85944,0.85956,1.50,2.63
2011.11.24 06:14:27.293,0.85942,0.85954,1.50,1.50
2011.11.24 06:14:30.338,0.85943,0.85954,1.50,1.13
2011.11.24 06:14:30.933,0.85943,0.85955,2.25,1.50
2011.11.24 06:14:34.454,0.85942,0.85954,2.25,1.50
2011.11.24 06:14:35.043,0.85943,0.85955,1.50,2.63
2011.11.24 06:14:39.162,0.85943,0.85954,1.50,1.13
2011.11.24 06:14:40.491,0.85942,0.85952,2.25,1.13
2011.11.24 06:14:41.084,0.85941,0.85951,1.50,1.13
2011.11.24 06:14:41.203,0.85939,0.85951,1.50,1.13
2011.11.24 06:14:42.202,0.85939,0.85951,2.25,1.13
2011.11.24 06:14:42.782,0.85939,0.85952,2.25,1.13
2011.11.24 06:14:42.916,0.85942,0.85953,1.50,1.13
2011.11.24 06:14:45.644,0.85942,0.85954,2.25,1.13
2011.11.24 06:14:48.799,0.85942,0.85956,1.50,3.38
2011.11.24 06:14:49.360,0.85942,0.85956,1.50,2.63
2011.11.24 06:14:51.517,0.85945,0.85957,1.50,5.63
2011.11.24 06:14:51.882,0.85943,0.85957,1.50,1.50
2011.11.24 06:14:56.936,0.85944,0.85958,1.50,6.75
2011.11.24 06:15:01.159,0.85944,0.85958,2.25,4.50
2011.11.24 06:15:01.719,0.85944,0.85958,1.50,5.25
2011.11.24 06:15:06.432,0.85945,0.85958,1.50,4.13
2011.11.24 06:15:06.553,0.85947,0.85958,1.50,1.88
2011.11.24 06:15:07.021,0.85947,0.8596,1.50,3.75
2011.11.24 06:15:07.601,0.85946,0.8596,2.25,5.25
2011.11.24 06:15:08.308,0.85949,0.85963,1.50,5.25
2011.11.24 06:15:08.677,0.85951,0.85963,1.50,1.13
2011.11.24 06:15:09.046,0.85954,0.85966,1.50,3.38
2011.11.24 06:15:09.296,0.85954,0.85966,1.50,2.63
2011.11.24 06:15:10.344,0.85954,0.85968,2.25,1.50
2011.11.24 06:15:10.466,0.85954,0.85965,1.50,1.13
2011.11.24 06:15:10.952,0.85951,0.85965,2.25,2.63
2011.11.24 06:15:11.542,0.8595,0.85964,2.25,2.63
2011.11.24 06:15:12.236,0.85949,0.85958,2.25,2.25
2011.11.24 06:15:12.972,0.8595,0.85962,1.50,2.25
2011.11.24 06:15:13.111,0.85954,0.85965,1.50,1.13
2011.11.24 06:15:13.715,0.85954,0.85966,1.50,2.25
2011.11.24 06:15:17.973,0.85946,0.85959,3.00,2.63
2011.11.24 06:15:18.332,0.85948,0.85959,1.50,1.88
2011.11.24 06:15:18.901,0.85948,0.85959,1.50,1.13
2011.11.24 06:15:23.211,0.85948,0.85959,1.50,3.75
2011.11.24 06:15:24.767,0.85948,0.8596,1.50,2.25
2011.11.24 06:15:25.463,0.8595,0.85962,1.50,2.63
2011.11.24 06:15:33.329,0.85949,0.85961,1.50,1.50
2011.11.24 06:15:43.601,0.85949,0.85963,1.50,2.63
2011.11.24 06:15:43.724,0.85949,0.85961,1.50,1.50
2011.11.24 06:15:44.682,0.85949,0.8596,1.50,1.13
2011.11.24 06:15:46.621,0.85949,0.8596,1.50,1.88
2011.11.24 06:15:46.748,0.85946,0.85959,1.50,2.63
2011.11.24 06:15:46.998,0.85948,0.85959,1.50,1.88
2011.11.24 06:15:47.364,0.85949,0.85963,2.25,4.88
2011.11.24 06:15:48.076,0.85949,0.85963,2.25,1.50
2011.11.24 06:15:50.197,0.85949,0.85963,2.25,1.50
2011.11.24 06:15:50.802,0.8595,0.85962,1.50,1.50
2011.11.24 06:15:54.662,0.8595,0.85962,2.25,1.50
2011.11.24 06:15:55.267,0.85952,0.85964,2.25,2.63
2011.11.24 06:15:55.745,0.85948,0.85962,2.25,1.50
2011.11.24 06:15:56.345,0.85948,0.85962,1.50,2.25
2011.11.24 06:16:03.280,0.85948,0.85962,2.25,2.25
2011.11.24 06:16:15.445,0.85948,0.85961,2.25,1.13
2011.11.24 06:16:16.152,0.85948,0.8596,1.50,1.13
2011.11.24 06:16:24.312,0.85948,0.8596,2.25,1.13
2011.11.24 06:16:40.350,0.85948,0.85959,2.25,1.13
2011.11.24 06:16:41.132,0.85948,0.85961,2.25,1.13
2011.11.24 06:16:44.593,0.85948,0.85962,1.50,2.25
2011.11.24 06:16:44.835,0.85949,0.85963,2.25,1.50
2011.11.24 06:16:45.431,0.85949,0.85963,2.25,1.50
2011.11.24 06:16:46.773,0.85948,0.85962,2.25,1.50
2011.11.24 06:17:02.381,0.85951,0.85965,1.50,2.63
2011.11.24 06:17:04.261,0.8595,0.85964,2.25,1.50
2011.11.24 06:17:11.787,0.8595,0.85963,2.25,1.13
2011.11.24 06:17:12.037,0.85951,0.85965,1.50,2.25
2011.11.24 06:17:12.642,0.85951,0.85965,2.25,1.50
2011.11.24 06:17:14.071,0.85951,0.85963,1.50,1.50
2011.11.24 06:17:15.144,0.85949,0.85961,2.25,1.50
2011.11.24 06:17:18.035,0.85949,0.85963,2.25,1.50
2011.11.24 06:17:18.794,0.85949,0.85961,2.25,1.50
2011.11.24 06:17:19.394,0.85949,0.85961,1.50,2.25
2011.11.24 06:17:20.440,0.85947,0.85959,1.50,1.50
2011.11.24 06:17:20.688,0.85947,0.85961,1.50,1.50
2011.11.24 06:17:21.054,0.85949,0.85961,1.50,1.50
2011.11.24 06:17:21.655,0.8595,0.85962,2.25,1.50
2011.11.24 06:17:23.522,0.85949,0.85961,2.25,1.50
2011.11.24 06:17:24.125,0.85949,0.85963,1.50,2.25
2011.11.24 06:17:24.483,0.85946,0.8596,3.38,1.50
2011.11.24 06:17:24.724,0.85949,0.85963,2.25,3.00
2011.11.24 06:17:25.203,0.85948,0.85962,2.25,1.50
2011.11.24 06:17:31.332,0.85948,0.85962,1.50,1.50
2011.11.24 06:17:38.831,0.85948,0.85962,1.50,3.38
2011.11.24 06:17:39.554,0.8595,0.85962,1.50,2.25
2011.11.24 06:17:40.130,0.85949,0.85961,2.25,1.50
2011.11.24 06:17:42.923,0.85949,0.8596,2.25,1.13
2011.11.24 06:17:49.272,0.85949,0.8596,2.25,1.13
2011.11.24 06:17:49.874,0.85949,0.85961,2.25,1.13
2011.11.24 06:17:51.331,0.85949,0.85963,2.25,2.63
2011.11.24 06:17:51.792,0.85949,0.85963,2.25,2.63
2011.11.24 06:17:52.033,0.85949,0.85961,2.25,1.13
2011.11.24 06:18:02.922,0.85949,0.85961,2.25,1.88
2011.11.24 06:18:03.513,0.85946,0.85959,2.25,1.13
2011.11.24 06:18:04.468,0.85947,0.8596,2.25,1.88
2011.11.24 06:18:05.214,0.85947,0.85959,2.25,1.50
2011.11.24 06:18:05.588,0.8595,0.85961,2.25,1.88
2011.11.24 06:18:08.421,0.85948,0.85959,2.25,1.13
2011.11.24 06:18:14.246,0.85948,0.8596,2.25,1.88
2011.11.24 06:18:17.194,0.85948,0.85962,2.25,1.50
2011.11.24 06:18:17.782,0.85949,0.85963,2.25,2.63
2011.11.24 06:18:18.344,0.85949,0.85963,2.25,2.63
2011.11.24 06:18:18.921,0.85949,0.85963,2.25,2.63
2011.11.24 06:18:20.580,0.85949,0.85957,1.50,2.25
2011.11.24 06:18:20.935,0.85946,0.85955,1.88,1.50
2011.11.24 06:18:21.173,0.85946,0.85955,1.88,1.50
2011.11.24 06:18:21.415,0.85948,0.8596,2.25,1.50
2011.11.24 06:18:21.535,0.85948,0.8596,2.25,1.50
2011.11.24 06:18:22.345,0.8595,0.85962,2.25,1.50
2011.11.24 06:18:25.381,0.8595,0.85962,2.25,2.63
2011.11.24 06:18:26.627,0.85949,0.85961,2.25,1.50
2011.11.24 06:18:28.981,0.85948,0.85959,1.88,1.50
2011.11.24 06:18:29.351,0.85947,0.85957,2.25,1.13
2011.11.24 06:18:29.716,0.85944,0.85955,2.25,1.13
2011.11.24 06:18:29.967,0.85944,0.85957,2.25,1.13
2011.11.24 06:18:30.686,0.85944,0.85956,2.25,1.13
2011.11.24 06:18:30.932,0.85944,0.85956,2.25,1.13
2011.11.24 06:18:31.872,0.85944,0.85955,2.25,1.13
2011.11.24 06:18:31.992,0.85944,0.85955,2.25,1.13
2011.11.24 06:18:33.268,0.85944,0.85952,2.25,1.13
2011.11.24 06:18:33.760,0.85942,0.85955,2.25,1.88
2011.11.24 06:18:34.354,0.85942,0.85955,2.25,1.88
2011.11.24 06:18:35.212,0.85942,0.85954,2.25,1.50
2011.11.24 06:18:35.338,0.85943,0.85955,2.25,3.38
2011.11.24 06:18:35.945,0.85942,0.85954,2.25,1.50
2011.11.24 06:18:36.568,0.85939,0.85953,3.38,2.63
2011.11.24 06:18:37.293,0.85939,0.85951,2.25,1.13
2011.11.24 06:18:37.894,0.8594,0.85952,3.38,1.50
2011.11.24 06:18:38.255,0.85939,0.85949,2.25,1.88
2011.11.24 06:18:38.376,0.85939,0.8595,2.25,1.50
2011.11.24 06:18:38.831,0.85939,0.85951,2.25,1.65
2011.11.24 06:18:39.416,0.8594,0.85952,2.25,1.13
2011.11.24 06:18:39.778,0.8594,0.85954,2.25,1.50
2011.11.24 06:18:40.386,0.85943,0.85955,1.50,3.38
2011.11.24 06:18:40.510,0.8594,0.85952,2.25,1.13
2011.11.24 06:18:41.116,0.8594,0.85952,2.25,1.13
2011.11.24 06:18:41.642,0.8594,0.85952,2.25,1.13
2011.11.24 06:18:41.995,0.8594,0.85954,2.25,2.63
2011.11.24 06:18:42.230,0.8594,0.85954,2.25,2.63
2011.11.24 06:18:45.351,0.8594,0.85953,2.25,1.13
2011.11.24 06:18:45.957,0.85943,0.85955,2.25,4.13
2011.11.24 06:18:46.564,0.85943,0.85955,2.25,2.63
2011.11.24 06:18:47.636,0.85942,0.85954,2.25,1.50
2011.11.24 06:18:48.212,0.85942,0.85954,2.25,1.50
2011.11.24 06:18:48.792,0.85943,0.85955,2.25,2.63
2011.11.24 06:18:49.933,0.85942,0.85955,2.25,1.13
2011.11.24 06:18:50.176,0.85942,0.85955,2.25,1.13
2011.11.24 06:18:50.782,0.85942,0.85955,2.25,1.13
2011.11.24 06:18:52.754,0.85942,0.85954,3.38,1.50
2011.11.24 06:18:53.000,0.85942,0.85956,4.13,2.63
2011.11.24 06:18:53.486,0.85944,0.85958,3.38,2.63
2011.11.24 06:18:53.734,0.85946,0.8596,3.38,3.00
2011.11.24 06:18:54.217,0.85948,0.8596,1.88,1.50
2011.11.24 06:18:55.453,0.85948,0.8596,3.38,1.50
2011.11.24 06:18:55.961,0.85946,0.85959,2.25,1.13
2011.11.24 06:18:58.782,0.85947,0.85961,2.25,2.63
2011.11.24 06:18:59.382,0.85947,0.85961,2.25,2.63
2011.11.24 06:19:00.911,0.85947,0.85961,2.25,2.63
2011.11.24 06:19:02.830,0.85947,0.85961,2.25,2.63
2011.11.24 06:19:03.663,0.85947,0.85961,2.25,2.63
2011.11.24 06:19:04.386,0.85947,0.85961,2.25,2.63
2011.11.24 06:19:04.965,0.85947,0.85961,2.25,2.63
2011.11.24 06:19:06.167,0.85949,0.85963,2.25,1.50
2011.11.24 06:19:06.774,0.8595,0.85962,2.25,1.50
2011.11.24 06:19:07.379,0.8595,0.85962,2.25,1.50
2011.11.24 06:19:07.627,0.85949,0.85961,3.38,1.50
2011.11.24 06:19:07.759,0.85949,0.85961,2.25,1.50
2011.11.24 06:19:08.365,0.85949,0.85962,2.25,1.13
2011.11.24 06:19:14.195,0.85952,0.85964,2.25,1.50
2011.11.24 06:19:14.554,0.85952,0.85964,2.25,1.50
2011.11.24 06:19:16.487,0.85954,0.85966,2.25,1.50
2011.11.24 06:19:17.374,0.85955,0.85967,2.25,2.63
2011.11.24 06:19:17.494,0.85955,0.85965,2.25,1.13
2011.11.24 06:19:19.632,0.85953,0.85965,2.25,1.13
2011.11.24 06:19:19.752,0.85953,0.85965,2.25,1.13
2011.11.24 06:19:20.405,0.85953,0.85965,2.25,1.13
2011.11.24 06:19:21.165,0.85953,0.85964,2.25,1.13
2011.11.24 06:19:21.530,0.85952,0.85964,2.25,2.63
2011.11.24 06:19:22.957,0.85952,0.85964,3.00,2.63
2011.11.24 06:19:23.735,0.85952,0.85964,1.50,1.13
2011.11.24 06:19:23.978,0.85953,0.85966,2.25,1.13
2011.11.24 06:19:24.468,0.85958,0.85967,1.88,1.50
2011.11.24 06:19:24.597,0.85958,0.8597,3.38,1.50
2011.11.24 06:19:24.965,0.8596,0.85972,1.50,1.50
2011.11.24 06:19:25.729,0.8596,0.85972,2.25,1.50
2011.11.24 06:19:26.339,0.85959,0.85971,2.25,1.50
2011.11.24 06:19:27.082,0.85959,0.85971,2.25,1.50
2011.11.24 06:19:27.671,0.85959,0.85971,2.25,1.50
2011.11.24 06:19:28.232,0.85959,0.85972,2.25,1.13
2011.11.24 06:19:28.801,0.85959,0.85972,2.25,1.13
2011.11.24 06:19:28.921,0.85959,0.85972,2.25,1.13
2011.11.24 06:19:29.480,0.85959,0.85972,2.25,1.13
2011.11.24 06:19:30.046,0.85959,0.85971,2.25,2.63
2011.11.24 06:19:33.407,0.85958,0.85971,2.25,1.13
2011.11.24 06:19:34.044,0.8596,0.85971,2.25,1.13
2011.11.24 06:19:36.101,0.8596,0.85971,2.25,1.13
2011.11.24 06:19:36.705,0.85956,0.8597,2.25,2.63
2011.11.24 06:19:37.251,0.85958,0.85972,2.25,2.63
2011.11.24 06:19:42.113,0.85958,0.85972,2.25,3.38
2011.11.24 06:19:43.254,0.85957,0.85971,2.25,2.63
2011.11.24 06:19:43.391,0.85957,0.85971,2.25,2.63
2011.11.24 06:19:44.899,0.85957,0.85969,2.25,1.88
2011.11.24 06:19:45.029,0.85955,0.85969,2.25,3.38
2011.11.24 06:19:45.674,0.85955,0.85969,2.25,3.38
2011.11.24 06:19:47.065,0.85955,0.85968,2.25,1.13
2011.11.24 06:19:47.429,0.85959,0.8597,1.50,1.13
2011.11.24 06:19:47.946,0.85959,0.85971,1.50,2.63
2011.11.24 06:19:48.325,0.85958,0.85972,2.25,2.63
2011.11.24 06:19:48.927,0.85958,0.85972,2.25,2.63
2011.11.24 06:19:49.512,0.85958,0.85972,2.25,2.63
2011.11.24 06:19:50.103,0.85958,0.85972,1.50,2.63
2011.11.24 06:19:53.138,0.85956,0.8597,3.38,2.25
2011.11.24 06:19:53.742,0.85957,0.85969,2.25,1.50
2011.11.24 06:19:54.102,0.85957,0.85969,2.25,1.50
2011.11.24 06:19:54.942,0.85957,0.85969,2.25,1.50
2011.11.24 06:19:56.701,0.85957,0.85969,2.25,1.50
2011.11.24 06:20:01.681,0.85958,0.85969,1.88,1.50
2011.11.24 06:20:02.144,0.85958,0.85969,1.88,1.50
2011.11.24 06:20:02.743,0.85956,0.85968,2.25,1.50
2011.11.24 06:20:03.357,0.85956,0.85968,1.50,1.50
2011.11.24 06:20:04.524,0.85956,0.8597,1.50,1.50
2011.11.24 06:20:05.103,0.85956,0.85969,1.50,1.13
2011.11.24 06:20:07.083,0.85956,0.85969,2.25,1.13
2011.11.24 06:20:07.880,0.85956,0.85969,2.25,1.13
2011.11.24 06:20:08.353,0.85956,0.85969,2.25,1.13
2011.11.24 06:20:08.966,0.85958,0.85969,2.25,1.13
2011.11.24 06:20:09.779,0.85956,0.85964,1.50,3.00
2011.11.24 06:20:09.913,0.85956,0.85966,1.50,1.50
2011.11.24 06:20:10.039,0.85954,0.85966,2.25,1.50
2011.11.24 06:20:10.524,0.85954,0.85966,2.25,2.63
2011.11.24 06:20:10.644,0.85954,0.85966,2.25,2.63
2011.11.24 06:20:10.764,0.85954,0.85961,2.25,1.13
2011.11.24 06:20:11.347,0.85954,0.85964,2.25,1.13
2011.11.24 06:20:11.485,0.85951,0.85963,1.50,1.50
2011.11.24 06:20:12.082,0.85952,0.85964,1.50,2.63
2011.11.24 06:20:12.314,0.85952,0.85962,1.50,1.13
2011.11.24 06:20:12.953,0.8595,0.85962,2.25,1.13
2011.11.24 06:20:14.582,0.8595,0.85963,2.25,1.13
2011.11.24 06:20:18.212,0.85952,0.85963,1.50,1.13
2011.11.24 06:20:18.812,0.85952,0.85964,2.25,1.50
2011.11.24 06:20:24.137,0.85951,0.85963,2.25,1.50
2011.11.24 06:20:24.808,0.85951,0.85963,2.25,1.50
2011.11.24 06:20:31.070,0.85951,0.85963,2.25,1.50
2011.11.24 06:20:31.200,0.85951,0.85965,2.25,1.50
2011.11.24 06:20:32.844,0.85951,0.85963,2.25,1.50
2011.11.24 06:20:32.967,0.85951,0.85965,2.25,1.50
2011.11.24 06:20:33.218,0.85954,0.85967,1.50,2.63
2011.11.24 06:20:34.045,0.85953,0.85967,2.25,2.63
2011.11.24 06:20:35.744,0.85953,0.85966,2.25,1.13
2011.11.24 06:20:37.744,0.85952,0.85964,2.25,1.50
2011.11.24 06:20:40.175,0.85952,0.85964,2.25,1.50
2011.11.24 06:20:40.293,0.85954,0.85966,2.25,2.63
2011.11.24 06:20:40.871,0.85954,0.85966,2.25,2.63
2011.11.24 06:20:43.162,0.85954,0.85966,2.25,2.63
2011.11.24 06:20:43.733,0.85954,0.85966,1.50,2.63
2011.11.24 06:20:44.743,0.85954,0.85964,1.50,1.13
2011.11.24 06:20:45.352,0.85951,0.85963,2.25,1.50
2011.11.24 06:20:48.114,0.85952,0.85964,1.50,2.63
2011.11.24 06:20:49.476,0.8595,0.85964,2.25,2.63
2011.11.24 06:20:54.582,0.8595,0.85964,2.25,2.63
2011.11.24 06:20:55.393,0.8595,0.85964,2.25,2.63
2011.11.24 06:20:55.632,0.8595,0.85964,2.25,2.63
2011.11.24 06:20:56.774,0.85952,0.85964,1.50,2.63
2011.11.24 06:20:57.255,0.85952,0.85964,3.00,1.50
2011.11.24 06:20:57.852,0.85954,0.85965,2.25,1.13
2011.11.24 06:21:04.992,0.85954,0.85966,2.25,2.63
2011.11.24 06:21:18.833,0.85954,0.85966,2.25,1.13
2011.11.24 06:21:25.502,0.85954,0.85966,2.25,2.63
2011.11.24 06:21:25.964,0.85954,0.85966,1.50,2.63
2011.11.24 06:21:26.516,0.85952,0.85964,3.38,1.50
2011.11.24 06:21:29.310,0.85952,0.85964,2.25,1.50
2011.11.24 06:21:29.870,0.85952,0.85964,2.25,1.50
2011.11.24 06:21:30.466,0.85954,0.85966,2.25,1.50
2011.11.24 06:21:30.702,0.85954,0.85966,2.25,1.50
2011.11.24 06:21:33.084,0.85953,0.85964,1.50,1.50
2011.11.24 06:21:33.207,0.85952,0.85962,1.50,1.50
2011.11.24 06:21:33.335,0.85951,0.85961,1.88,1.50
2011.11.24 06:21:37.945,0.85949,0.85961,3.38,1.50
2011.11.24 06:21:38.548,0.85948,0.8596,1.88,1.50
2011.11.24 06:21:38.798,0.85948,0.85958,1.88,1.50
2011.11.24 06:21:39.402,0.85948,0.85958,1.88,1.50
2011.11.24 06:21:43.146,0.85948,0.85959,1.13,1.50
2011.11.24 06:21:43.480,0.85948,0.85957,1.13,1.50
2011.11.24 06:21:50.867,0.85947,0.85957,1.13,1.50
2011.11.24 06:21:52.012,0.85945,0.85957,2.63,1.50
2011.11.24 06:21:52.585,0.85946,0.85957,1.13,1.50
2011.11.24 06:21:53.182,0.85947,0.85957,1.13,1.50
2011.11.24 06:21:58.885,0.85947,0.85958,1.13,1.50
2011.11.24 06:22:00.335,0.85948,0.8596,1.50,3.00
2011.11.24 06:22:00.694,0.85949,0.85963,1.50,3.38
2011.11.24 06:22:00.934,0.85949,0.85961,2.63,1.50
2011.11.24 06:22:05.821,0.8595,0.85962,1.50,1.50
2011.11.24 06:22:07.450,0.85949,0.85961,3.38,1.50
2011.11.24 06:22:10.351,0.85949,0.85963,3.38,1.50
2011.11.24 06:22:11.022,0.85949,0.85962,1.88,1.50
2011.11.24 06:22:12.541,0.85949,0.85963,3.38,1.50
2011.11.24 06:22:14.510,0.85949,0.85962,1.88,1.50
2011.11.24 06:22:17.501,0.8595,0.85962,1.50,1.50
2011.11.24 06:22:18.503,0.8595,0.85962,1.50,2.25
2011.11.24 06:22:18.628,0.85948,0.85959,1.50,1.13
2011.11.24 06:22:18.998,0.85943,0.85957,2.25,1.50
2011.11.24 06:22:19.604,0.85945,0.85957,2.25,1.50
2011.11.24 06:22:24.294,0.85945,0.85957,2.25,1.50
2011.11.24 06:22:25.544,0.85947,0.85959,1.50,2.63
2011.11.24 06:22:49.717,0.85944,0.85958,3.75,2.63
2011.11.24 06:22:49.847,0.85947,0.85958,1.50,1.13
2011.11.24 06:22:51.412,0.85947,0.85959,1.50,3.38
2011.11.24 06:23:03.902,0.85948,0.85959,1.50,1.13
2011.11.24 06:23:05.754,0.85948,0.8596,1.50,2.63
2011.11.24 06:23:06.479,0.85948,0.8596,3.75,1.50
2011.11.24 06:23:07.088,0.85949,0.85961,2.25,2.63
2011.11.24 06:23:07.456,0.85949,0.85961,2.25,1.50
2011.11.24 06:23:07.696,0.85949,0.85963,2.25,1.50
2011.11.24 06:23:08.294,0.85952,0.85964,1.50,1.50
2011.11.24 06:23:09.312,0.85952,0.85964,2.25,1.50
2011.11.24 06:23:10.002,0.85954,0.85966,1.50,3.38
2011.11.24 06:23:10.672,0.85954,0.85964,1.50,1.13
2011.11.24 06:23:10.794,0.85951,0.85964,2.25,1.13
2011.11.24 06:23:11.154,0.85952,0.85964,2.25,1.50
2011.11.24 06:23:11.712,0.85952,0.85964,2.25,1.50
2011.11.24 06:23:12.295,0.85954,0.85966,2.25,2.63
2011.11.24 06:23:13.563,0.85953,0.85966,2.25,1.13
2011.11.24 06:23:14.165,0.85954,0.85968,3.38,1.50
2011.11.24 06:23:14.529,0.85956,0.8597,1.50,1.50
2011.11.24 06:23:15.290,0.85956,0.8597,2.25,1.50
2011.11.24 06:23:15.878,0.85956,0.8597,2.25,1.50
2011.11.24 06:23:16.496,0.85957,0.8597,1.88,1.50
2011.11.24 06:23:17.094,0.85958,0.85971,1.50,1.88
2011.11.24 06:23:18.812,0.85958,0.85972,3.38,2.63
2011.11.24 06:23:19.436,0.8596,0.85972,2.25,2.63
2011.11.24 06:23:21.204,0.85959,0.85971,2.25,1.50
2011.11.24 06:23:22.256,0.85959,0.85972,2.25,1.13
2011.11.24 06:23:22.822,0.85959,0.85972,2.25,1.13
2011.11.24 06:23:23.511,0.85959,0.85972,2.25,1.13
2011.11.24 06:23:23.851,0.85959,0.85972,2.25,1.13
2011.11.24 06:23:24.641,0.85959,0.85972,2.25,1.13
2011.11.24 06:23:25.404,0.85959,0.85972,2.25,1.13
2011.11.24 06:23:27.062,0.85959,0.85972,2.25,1.13
2011.11.24 06:23:27.621,0.85959,0.85972,2.25,1.13
2011.11.24 06:23:28.316,0.85961,0.85972,2.25,1.13
2011.11.24 06:23:28.852,0.8596,0.85972,3.75,1.13
2011.11.24 06:23:29.465,0.85959,0.85971,2.25,1.50
2011.11.24 06:23:30.064,0.85959,0.85971,2.25,1.13
2011.11.24 06:23:32.456,0.85957,0.85969,3.38,1.50
2011.11.24 06:23:32.710,0.85955,0.85968,2.25,1.88
2011.11.24 06:23:33.316,0.85955,0.85967,2.25,1.13
2011.11.24 06:23:33.674,0.85955,0.85964,2.25,1.13
2011.11.24 06:23:34.275,0.85952,0.85964,2.25,2.63
2011.11.24 06:23:35.646,0.85953,0.85965,1.50,1.13
2011.11.24 06:23:35.993,0.85953,0.85965,2.25,1.13
2011.11.24 06:23:37.756,0.85953,0.85965,2.25,1.13
2011.11.24 06:23:42.820,0.85953,0.85965,2.25,1.13
2011.11.24 06:23:43.432,0.85952,0.85964,2.25,1.50
2011.11.24 06:23:44.026,0.85952,0.85964,2.25,1.50
2011.11.24 06:23:46.806,0.85954,0.85965,2.25,1.13
2011.11.24 06:23:51.735,0.85954,0.85963,2.25,1.13
2011.11.24 06:23:53.519,0.85952,0.85963,2.25,1.13
2011.11.24 06:23:53.654,0.85952,0.85963,2.25,1.13
2011.11.24 06:23:55.994,0.85952,0.85963,2.25,1.13
2011.11.24 06:23:56.112,0.85952,0.85963,2.25,1.13
2011.11.24 06:23:56.692,0.85952,0.85964,2.25,2.63
2011.11.24 06:23:57.582,0.85952,0.85964,2.25,2.63
2011.11.24 06:23:58.759,0.85952,0.85964,2.25,2.63
2011.11.24 06:23:59.116,0.85952,0.85964,2.25,2.63
2011.11.24 06:23:59.639,0.85952,0.85964,2.25,2.63
2011.11.24 06:24:00.954,0.85952,0.85964,2.25,2.63
2011.11.24 06:24:01.621,0.85952,0.85964,2.25,2.63
2011.11.24 06:24:01.981,0.85952,0.85964,2.25,2.63
2011.11.24 06:24:02.837,0.85952,0.85964,2.25,2.63
2011.11.24 06:24:06.841,0.85952,0.85964,2.25,2.63
2011.11.24 06:24:16.822,0.85952,0.85964,2.25,2.63
2011.11.24 06:24:20.253,0.85952,0.85964,2.25,2.63
2011.11.24 06:24:21.163,0.85952,0.85964,2.25,2.63
2011.11.24 06:24:21.742,0.85952,0.85964,2.25,2.63
2011.11.24 06:24:23.675,0.85954,0.85966,2.25,2.63
2011.11.24 06:24:25.075,0.85954,0.85967,2.25,1.13
2011.11.24 06:24:25.197,0.85956,0.85968,1.88,1.50
2011.11.24 06:24:25.564,0.85957,0.85969,2.25,1.50
2011.11.24 06:24:26.164,0.85957,0.85969,2.25,1.50
2011.11.24 06:24:26.752,0.85957,0.85969,2.25,1.50
2011.11.24 06:24:28.494,0.85957,0.85969,2.25,1.50
2011.11.24 06:24:29.099,0.85958,0.85971,2.25,1.13
2011.11.24 06:24:44.438,0.8596,0.85973,1.50,1.50
2011.11.24 06:24:44.686,0.8596,0.85974,2.25,1.50
2011.11.24 06:24:45.283,0.85961,0.85975,2.25,2.63
2011.11.24 06:24:46.069,0.85961,0.85972,2.25,1.13
2011.11.24 06:24:46.651,0.85961,0.85972,2.25,1.13
2011.11.24 06:24:48.064,0.85961,0.85973,2.25,2.63
2011.11.24 06:24:48.663,0.85961,0.85973,2.25,2.63
2011.11.24 06:24:49.025,0.85961,0.85973,2.25,2.63
2011.11.24 06:24:49.383,0.85962,0.85973,2.25,1.13
2011.11.24 06:24:50.448,0.85962,0.85974,2.25,2.63
2011.11.24 06:24:54.709,0.85962,0.85973,2.25,1.13
2011.11.24 06:24:54.953,0.85961,0.85973,2.25,2.63
2011.11.24 06:24:57.792,0.85962,0.85973,1.88,1.50
2011.11.24 06:24:58.155,0.85962,0.85974,3.38,1.50
2011.11.24 06:24:58.398,0.85962,0.85974,3.38,1.50
2011.11.24 06:24:58.525,0.85962,0.85974,3.38,1.50
2011.11.24 06:24:59.121,0.85961,0.85973,3.38,1.50
2011.11.24 06:24:59.726,0.85961,0.85973,2.25,1.50
2011.11.24 06:25:03.693,0.85959,0.85971,3.38,1.50
2011.11.24 06:25:04.256,0.8596,0.85972,2.25,1.50
2011.11.24 06:25:06.224,0.85959,0.85971,2.25,1.50
2011.11.24 06:25:06.890,0.85959,0.85973,2.25,4.13
2011.11.24 06:25:07.015,0.85959,0.85973,2.25,2.63
2011.11.24 06:25:09.064,0.85959,0.85973,2.25,2.63
2011.11.24 06:25:09.426,0.85961,0.85975,2.25,2.63
2011.11.24 06:25:09.546,0.8596,0.85973,2.25,1.13
2011.11.24 06:25:09.905,0.8596,0.85973,2.25,1.13
2011.11.24 06:25:10.535,0.8596,0.85973,2.25,1.13
2011.11.24 06:25:11.684,0.85959,0.85971,3.38,1.50
2011.11.24 06:25:11.925,0.85959,0.85971,2.25,1.50
2011.11.24 06:25:12.045,0.85958,0.85969,1.88,1.50
2011.11.24 06:25:12.284,0.85957,0.85969,2.25,1.50
2011.11.24 06:25:13.325,0.85957,0.85969,2.25,1.50
2011.11.24 06:25:13.889,0.85957,0.85969,2.25,1.50
2011.11.24 06:25:14.362,0.85957,0.85969,2.25,1.50
2011.11.24 06:25:16.918,0.85959,0.85971,1.50,1.50
2011.11.24 06:25:17.048,0.85959,0.85973,2.63,2.63
2011.11.24 06:25:17.889,0.85959,0.85972,1.13,2.25
2011.11.24 06:25:20.977,0.85957,0.85969,2.63,1.50
2011.11.24 06:25:23.244,0.85957,0.85969,3.38,1.50
2011.11.24 06:25:24.059,0.85957,0.85969,3.38,1.50
2011.11.24 06:25:24.873,0.85957,0.85969,2.25,1.50
2011.11.24 06:25:25.461,0.85957,0.85969,1.50,1.50
2011.11.24 06:25:27.009,0.85957,0.85969,2.25,1.50
2011.11.24 06:25:29.583,0.85957,0.85969,2.25,1.50
2011.11.24 06:25:47.822,0.85957,0.85968,1.50,1.13
2011.11.24 06:25:48.338,0.85956,0.85968,2.25,1.13
2011.11.24 06:25:50.253,0.85955,0.85968,2.25,1.13
2011.11.24 06:25:50.614,0.85953,0.85966,2.25,1.13
2011.11.24 06:25:53.741,0.85953,0.85964,2.25,1.13
2011.11.24 06:25:55.902,0.85953,0.85966,2.25,1.13
2011.11.24 06:26:06.554,0.85953,0.85964,2.25,1.13
2011.11.24 06:26:06.682,0.85952,0.85964,1.50,2.63
2011.11.24 06:26:07.269,0.85949,0.85963,2.44,1.50
2011.11.24 06:26:07.400,0.85949,0.85963,2.25,1.50
2011.11.24 06:26:08.009,0.85949,0.85962,2.25,1.13
2011.11.24 06:26:08.135,0.85949,0.85962,2.25,1.13
2011.11.24 06:26:08.495,0.85951,0.85964,1.50,1.13
2011.11.24 06:26:08.856,0.8595,0.85962,2.25,1.50
2011.11.24 06:26:09.218,0.8595,0.85962,3.38,1.50
2011.11.24 06:26:09.346,0.8595,0.85962,3.38,1.50
2011.11.24 06:26:09.465,0.85951,0.85962,1.13,1.50
2011.11.24 06:26:09.954,0.8595,0.8596,1.50,1.13
2011.11.24 06:26:10.086,0.85947,0.85959,2.25,1.50
2011.11.24 06:26:15.932,0.85947,0.85957,1.50,1.13
2011.11.24 06:26:20.871,0.85945,0.85957,2.25,2.63
2011.11.24 06:26:33.419,0.85945,0.85955,2.25,1.13
2011.11.24 06:26:34.027,0.85945,0.85952,1.50,1.13
2011.11.24 06:26:34.386,0.8594,0.85952,1.50,2.63
2011.11.24 06:26:34.505,0.8594,0.85952,2.25,2.63
2011.11.24 06:26:42.965,0.8594,0.85952,2.25,2.63
2011.11.24 06:26:43.797,0.85941,0.85953,2.25,1.13
2011.11.24 06:26:48.513,0.85941,0.85954,2.25,1.13
2011.11.24 06:27:00.914,0.85941,0.85952,2.25,1.13
2011.11.24 06:27:02.134,0.8594,0.85951,1.50,1.13
2011.11.24 06:27:04.132,0.85939,0.85951,2.25,2.63
2011.11.24 06:27:09.857,0.8594,0.85951,1.50,1.13
2011.11.24 06:27:10.563,0.8594,0.85952,1.50,1.50
2011.11.24 06:27:11.876,0.8594,0.85951,1.50,1.13
2011.11.24 06:27:12.555,0.85939,0.85951,2.25,2.63
2011.11.24 06:27:16.726,0.85939,0.85949,2.25,1.13
2011.11.24 06:27:16.853,0.85939,0.85951,2.25,1.50
2011.11.24 06:27:16.980,0.85936,0.8595,4.88,1.50
2011.11.24 06:27:17.583,0.85936,0.8595,2.63,1.50
2011.11.24 06:27:20.849,0.85936,0.8595,2.25,2.63
2011.11.24 06:27:21.225,0.85936,0.85946,2.25,1.13
2011.11.24 06:27:21.470,0.85934,0.85945,2.25,1.13
2011.11.24 06:27:21.600,0.85934,0.85941,2.25,1.13
2011.11.24 06:27:21.847,0.85931,0.85941,2.25,1.13
2011.11.24 06:27:21.966,0.85931,0.85944,2.25,1.13
2011.11.24 06:27:22.542,0.85931,0.85944,2.25,1.13
2011.11.24 06:27:23.113,0.85931,0.85944,2.25,1.13
2011.11.24 06:27:23.674,0.85931,0.85944,2.25,1.13
2011.11.24 06:27:23.795,0.85929,0.85941,2.25,1.13
2011.11.24 06:27:23.915,0.85928,0.85941,1.50,1.13
2011.11.24 06:27:24.533,0.85928,0.85941,2.25,1.13
2011.11.24 06:27:25.148,0.85932,0.85944,1.50,2.63
2011.11.24 06:27:25.753,0.85932,0.85943,2.25,1.13
2011.11.24 06:27:26.335,0.85928,0.85942,2.25,1.50
2011.11.24 06:27:26.813,0.85928,0.85941,2.25,1.13
2011.11.24 06:27:30.132,0.85926,0.8594,2.25,1.50
2011.11.24 06:27:30.691,0.85927,0.85941,2.25,2.63
2011.11.24 06:27:30.812,0.85927,0.85941,2.25,2.63
2011.11.24 06:27:31.647,0.8593,0.85942,2.25,3.00
2011.11.24 06:27:32.233,0.8593,0.85942,2.25,1.50
2011.11.24 06:27:32.354,0.8593,0.85942,2.25,1.50
2011.11.24 06:27:32.583,0.8593,0.85942,2.25,1.50
2011.11.24 06:27:36.451,0.8593,0.85942,2.25,1.50
2011.11.24 06:27:45.502,0.8593,0.85942,2.25,1.50
2011.11.24 06:27:48.302,0.85931,0.85944,2.25,1.13
2011.11.24 06:27:48.432,0.85932,0.85946,3.38,2.63
2011.11.24 06:27:48.948,0.85932,0.85944,2.25,2.63
2011.11.24 06:27:54.205,0.85932,0.85941,2.25,1.13
2011.11.24 06:27:54.445,0.8593,0.85941,2.25,1.13
2011.11.24 06:27:56.628,0.8593,0.85941,2.25,1.13
2011.11.24 06:27:57.699,0.85927,0.85938,2.25,1.13
2011.11.24 06:27:58.896,0.85926,0.85935,2.25,1.13
2011.11.24 06:27:59.138,0.85926,0.85938,2.25,1.13
2011.11.24 06:27:59.270,0.85927,0.8594,2.25,1.13
2011.11.24 06:28:00.019,0.85929,0.85941,2.25,1.50
2011.11.24 06:28:00.151,0.85929,0.85941,2.25,1.50
2011.11.24 06:28:07.878,0.85929,0.85941,2.25,1.50
2011.11.24 06:28:08.804,0.85929,0.85941,2.25,1.50
2011.11.24 06:28:09.372,0.85929,0.8594,2.25,1.13
2011.11.24 06:28:14.954,0.85929,0.8594,2.25,1.13
2011.11.24 06:28:16.173,0.85929,0.85941,2.25,1.50
2011.11.24 06:28:18.084,0.85929,0.85941,2.25,1.50
2011.11.24 06:28:18.445,0.8593,0.85942,2.25,1.50
2011.11.24 06:28:37.302,0.85934,0.85942,1.13,1.50
2011.11.24 06:28:38.823,0.85934,0.85945,1.13,2.63
2011.11.24 06:28:42.490,0.85934,0.85945,1.13,2.63
2011.11.24 06:28:43.536,0.85933,0.85945,3.38,1.50
2011.11.24 06:28:44.129,0.85936,0.85945,1.13,1.50
2011.11.24 06:28:44.376,0.85936,0.85948,1.88,1.50
2011.11.24 06:28:44.954,0.85936,0.85947,1.88,1.50
2011.11.24 06:28:47.253,0.85936,0.85948,1.88,1.50
2011.11.24 06:28:47.614,0.85937,0.8595,3.38,1.50
2011.11.24 06:28:48.083,0.85937,0.85951,3.38,2.63
2011.11.24 06:28:48.954,0.85937,0.85951,3.38,2.63
2011.11.24 06:28:51.465,0.85937,0.85951,3.38,2.63
2011.11.24 06:28:52.672,0.85937,0.85951,3.38,2.63
2011.11.24 06:28:53.712,0.85937,0.85951,3.38,2.63
2011.11.24 06:28:59.765,0.85939,0.85953,3.38,2.63
2011.11.24 06:29:06.263,0.85939,0.85953,3.38,1.50
2011.11.24 06:29:06.966,0.85939,0.85953,3.38,1.50
2011.11.24 06:29:13.296,0.85943,0.85955,2.25,1.50
2011.11.24 06:29:13.418,0.85942,0.85954,3.38,1.50
2011.11.24 06:29:14.004,0.85942,0.85954,3.38,1.50
2011.11.24 06:29:14.244,0.85942,0.85954,3.38,1.50
2011.11.24 06:29:14.603,0.85942,0.85954,2.25,1.50
2011.11.24 06:29:19.994,0.85942,0.85954,2.25,1.50
2011.11.24 06:29:23.518,0.85942,0.85954,2.25,1.50
2011.11.24 06:29:23.651,0.8594,0.85952,4.88,1.50
2011.11.24 06:29:29.286,0.85941,0.85952,1.88,1.50
2011.11.24 06:29:29.408,0.85941,0.85955,3.38,1.50
2011.11.24 06:29:30.489,0.85941,0.85955,3.38,2.63
2011.11.24 06:29:30.607,0.85941,0.85952,1.88,1.50
2011.11.24 06:29:31.510,0.85942,0.85954,3.38,1.50
2011.11.24 06:29:31.758,0.85942,0.85956,3.38,2.63
2011.11.24 06:29:32.105,0.85942,0.85954,3.38,1.50
2011.11.24 06:29:32.456,0.8594,0.85952,3.38,1.50
2011.11.24 06:29:32.575,0.8594,0.85952,3.38,1.50
2011.11.24 06:29:34.817,0.8594,0.85952,2.25,1.50
2011.11.24 06:29:34.935,0.85942,0.85954,2.25,1.50
2011.11.24 06:29:36.016,0.85942,0.85954,2.25,1.50
2011.11.24 06:29:36.367,0.85942,0.85954,2.25,1.50
2011.11.24 06:29:36.721,0.85942,0.85954,2.25,1.50
2011.11.24 06:29:37.356,0.85942,0.85954,2.25,1.50
2011.11.24 06:29:38.924,0.85942,0.85954,2.25,1.50
2011.11.24 06:29:39.513,0.85942,0.85954,3.38,1.50
2011.11.24 06:29:40.074,0.85942,0.85954,3.38,1.50
2011.11.24 06:29:40.193,0.85942,0.85954,3.38,1.50
2011.11.24 06:29:41.306,0.85942,0.85954,3.38,1.50
2011.11.24 06:29:42.213,0.85942,0.85954,3.38,1.50
2011.11.24 06:29:42.743,0.85942,0.85954,3.38,1.50
2011.11.24 06:29:43.348,0.85943,0.85955,2.25,1.50
2011.11.24 06:29:44.047,0.85943,0.85955,3.38,1.50
2011.11.24 06:29:44.646,0.85943,0.85955,1.88,1.50
2011.11.24 06:29:44.887,0.85941,0.85955,3.38,2.63
2011.11.24 06:29:45.485,0.85941,0.85955,3.38,2.63
2011.11.24 06:29:46.305,0.85941,0.85955,3.38,2.63
2011.11.24 06:29:46.897,0.85941,0.85955,3.38,2.63
2011.11.24 06:29:47.016,0.85941,0.85955,3.38,2.63
2011.11.24 06:29:47.584,0.85941,0.85955,3.38,2.63
2011.11.24 06:29:48.942,0.85941,0.85955,3.38,2.63
2011.11.24 06:29:49.283,0.85941,0.85955,3.38,2.63
2011.11.24 06:29:49.523,0.85941,0.85955,3.38,2.63
2011.11.24 06:29:50.098,0.85941,0.85955,3.38,2.63
2011.11.24 06:29:52.003,0.85941,0.85955,3.38,2.63
2011.11.24 06:29:52.234,0.85941,0.85955,3.38,2.63
2011.11.24 06:29:52.777,0.85941,0.85955,3.38,2.63
2011.11.24 06:29:53.354,0.85941,0.85955,3.38,1.50
2011.11.24 06:29:53.913,0.85941,0.85955,3.38,1.50
2011.11.24 06:29:54.816,0.85941,0.85955,3.38,1.50
2011.11.24 06:29:55.053,0.85941,0.85955,3.38,1.50
2011.11.24 06:29:55.283,0.85941,0.85955,3.38,1.50
2011.11.24 06:29:55.514,0.85941,0.85955,3.38,1.50
2011.11.24 06:29:55.745,0.85942,0.85956,2.25,3.00
2011.11.24 06:29:56.313,0.85941,0.85955,3.38,1.50
2011.11.24 06:29:56.834,0.85941,0.85955,3.38,1.50
2011.11.24 06:29:57.437,0.85942,0.85954,3.00,1.50
2011.11.24 06:29:57.561,0.85943,0.85957,2.25,2.63
2011.11.24 06:29:58.193,0.85942,0.85955,1.88,1.50
2011.11.24 06:29:59.024,0.85942,0.85955,1.88,1.50
2011.11.24 06:30:00.298,0.85942,0.85956,3.38,2.63
2011.11.24 06:30:01.086,0.85941,0.85955,1.50,1.50
2011.11.24 06:30:01.210,0.85941,0.85955,2.25,1.50
2011.11.24 06:30:02.725,0.85942,0.85956,2.25,1.50
2011.11.24 06:30:03.326,0.85941,0.85955,3.38,1.50
2011.11.24 06:30:04.037,0.85941,0.85954,2.25,1.13
2011.11.24 06:30:04.651,0.85941,0.85954,2.25,2.63
2011.11.24 06:30:04.788,0.85942,0.85952,1.88,1.50
2011.11.24 06:30:05.147,0.85943,0.85953,2.25,1.50
2011.11.24 06:30:05.964,0.85943,0.85953,2.25,1.50
2011.11.24 06:30:06.197,0.85943,0.85955,2.25,1.50
2011.11.24 06:30:12.039,0.85948,0.85958,1.50,3.00
2011.11.24 06:30:12.635,0.85948,0.85958,2.25,1.50
2011.11.24 06:30:17.706,0.85949,0.85959,2.25,1.50
2011.11.24 06:30:22.236,0.85949,0.85959,2.25,1.50
2011.11.24 06:30:22.841,0.85951,0.85959,1.88,1.50
2011.11.24 06:30:22.972,0.85952,0.85964,2.25,1.50
2011.11.24 06:30:23.816,0.85951,0.85963,3.38,1.50
2011.11.24 06:30:26.506,0.85951,0.85963,2.25,1.50
2011.11.24 06:30:30.903,0.85953,0.85963,2.25,1.50
2011.11.24 06:30:33.517,0.85953,0.85963,2.25,1.50
2011.11.24 06:30:34.322,0.85953,0.85963,1.50,1.50
2011.11.24 06:30:34.452,0.8595,0.8596,3.38,1.50
2011.11.24 06:30:35.192,0.85951,0.85961,2.25,1.50
2011.11.24 06:30:38.272,0.85951,0.85961,2.25,1.50
2011.11.24 06:30:39.344,0.85951,0.85961,2.25,1.50
2011.11.24 06:30:39.796,0.85951,0.85961,2.25,1.50
2011.11.24 06:30:45.057,0.85953,0.85963,2.25,1.50
2011.11.24 06:30:45.625,0.85952,0.85962,2.25,1.50
2011.11.24 06:30:46.536,0.85952,0.85962,2.25,1.50
2011.11.24 06:30:46.670,0.85954,0.85964,2.25,1.50
2011.11.24 06:30:46.807,0.85955,0.85966,2.25,1.13
2011.11.24 06:30:47.407,0.85955,0.85965,2.25,2.63
2011.11.24 06:30:54.405,0.85955,0.85964,2.25,1.13
2011.11.24 06:31:42.375,0.85955,0.85965,2.25,1.50
2011.11.24 06:31:46.275,0.85955,0.85965,2.25,1.50
2011.11.24 06:31:46.877,0.85955,0.85966,2.25,1.13
2011.11.24 06:31:52.277,0.85955,0.85966,2.25,1.13
2011.11.24 06:31:52.876,0.85961,0.85967,1.13,1.50
2011.11.24 06:31:53.116,0.85961,0.85969,1.13,1.50
2011.11.24 06:31:53.238,0.85961,0.85971,2.63,1.50
2011.11.24 06:31:54.206,0.8596,0.8597,1.50,1.50
2011.11.24 06:31:54.337,0.8596,0.85972,1.50,1.50
2011.11.24 06:31:54.807,0.8596,0.85972,2.25,1.50
2011.11.24 06:31:57.357,0.8596,0.85972,2.25,1.50
2011.11.24 06:32:06.239,0.8596,0.85972,2.25,1.50
2011.11.24 06:32:06.479,0.85963,0.85973,1.50,2.63
2011.11.24 06:32:07.202,0.8596,0.85972,2.25,1.50
2011.11.24 06:32:07.805,0.8596,0.85972,2.25,1.50
2011.11.24 06:32:09.119,0.85964,0.85973,1.50,1.13
2011.11.24 06:32:09.477,0.85964,0.85973,2.25,1.13
2011.11.24 06:32:10.617,0.85964,0.85974,2.25,1.50
2011.11.24 06:32:11.195,0.85964,0.85974,2.25,1.50
2011.11.24 06:32:14.187,0.85966,0.85975,2.25,1.13
2011.11.24 06:32:19.187,0.85966,0.85975,2.25,1.13
2011.11.24 06:32:19.788,0.85966,0.85975,1.50,1.13
2011.11.24 06:32:20.369,0.85966,0.85975,2.25,1.13
2011.11.24 06:32:22.321,0.85966,0.85976,2.25,2.63
2011.11.24 06:32:26.185,0.85965,0.85976,2.25,1.13
2011.11.24 06:33:08.504,0.85965,0.85975,2.25,1.13
2011.11.24 06:33:08.974,0.85965,0.85973,1.50,1.13
2011.11.24 06:33:09.805,0.85965,0.85975,2.25,2.63
2011.11.24 06:33:10.377,0.85966,0.85975,1.50,1.13
2011.11.24 06:33:11.274,0.85966,0.85976,1.50,1.50
2011.11.24 06:33:11.974,0.85966,0.85975,2.25,1.13
2011.11.24 06:33:27.957,0.85968,0.85975,1.50,1.13
2011.11.24 06:33:28.546,0.85967,0.85975,1.50,1.13
2011.11.24 06:33:29.059,0.85966,0.85975,1.50,1.13
2011.11.24 06:33:33.006,0.85968,0.85975,1.50,1.13
2011.11.24 06:33:44.623,0.85968,0.85978,1.50,2.63
2011.11.24 06:33:45.093,0.8597,0.85978,1.50,1.13
2011.11.24 06:33:48.825,0.8597,0.85979,2.25,1.13
2011.11.24 06:33:49.386,0.8597,0.8598,2.25,1.50
2011.11.24 06:33:49.626,0.85971,0.85982,1.50,1.13
2011.11.24 06:33:50.442,0.85971,0.85982,2.25,1.13
2011.11.24 06:33:52.646,0.85971,0.8598,2.25,1.13
2011.11.24 06:33:53.231,0.85971,0.85979,1.50,1.13
2011.11.24 06:33:53.595,0.85973,0.85979,1.50,1.13
2011.11.24 06:33:55.287,0.85973,0.8598,1.50,1.13
2011.11.24 06:34:03.338,0.85973,0.85981,1.50,1.13
2011.11.24 06:34:05.711,0.85971,0.85981,2.25,1.13
2011.11.24 06:34:06.315,0.85973,0.85981,1.50,1.13
2011.11.24 06:34:06.794,0.85971,0.85981,1.50,1.13
2011.11.24 06:34:08.473,0.85966,0.85976,2.25,1.88
2011.11.24 06:34:08.737,0.85964,0.85972,1.50,1.13
2011.11.24 06:34:09.104,0.85962,0.85972,1.50,2.63
2011.11.24 06:34:09.706,0.85962,0.85971,1.50,1.13
2011.11.24 06:34:12.799,0.8596,0.8597,1.50,1.50
2011.11.24 06:34:12.917,0.85958,0.8597,2.25,1.50
2011.11.24 06:34:14.245,0.85958,0.8597,2.25,1.50
2011.11.24 06:34:14.367,0.85958,0.8597,2.25,1.50
2011.11.24 06:34:14.716,0.85958,0.8597,2.25,1.50
2011.11.24 06:34:15.408,0.85956,0.85968,2.25,2.63
2011.11.24 06:34:15.528,0.85956,0.85968,2.25,2.63
2011.11.24 06:34:18.400,0.85957,0.85969,1.50,2.63
2011.11.24 06:34:19.710,0.85953,0.85965,2.25,3.38
2011.11.24 06:34:19.958,0.85953,0.85965,3.38,2.25
2011.11.24 06:34:20.081,0.85956,0.85966,1.50,1.50
2011.11.24 06:34:20.574,0.85956,0.85966,2.25,1.50
2011.11.24 06:34:20.939,0.85958,0.85968,2.25,1.50
2011.11.24 06:34:21.541,0.85955,0.85967,2.25,1.50
2011.11.24 06:34:21.912,0.85955,0.85967,2.25,3.00
2011.11.24 06:34:22.043,0.85955,0.85965,2.25,1.50
2011.11.24 06:34:22.896,0.85952,0.85964,2.25,1.50
2011.11.24 06:34:23.517,0.85953,0.85964,1.88,1.50
2011.11.24 06:34:23.876,0.85953,0.85964,1.88,1.50
2011.11.24 06:34:24.868,0.85953,0.85964,1.88,1.50
2011.11.24 06:34:25.215,0.85953,0.85962,1.88,1.50
2011.11.24 06:34:25.818,0.85952,0.85963,1.88,1.50
2011.11.24 06:34:26.417,0.85952,0.85962,3.38,1.50
2011.11.24 06:34:26.777,0.85952,0.85964,3.38,1.50
2011.11.24 06:34:27.475,0.85952,0.85964,3.38,1.50
2011.11.24 06:34:28.917,0.85951,0.85963,3.38,1.50
2011.11.24 06:34:29.485,0.85951,0.85963,3.38,1.50
2011.11.24 06:34:30.096,0.85951,0.85963,3.38,1.50
2011.11.24 06:34:30.926,0.85952,0.85964,2.25,1.50
2011.11.24 06:34:31.489,0.85952,0.85964,2.25,1.50
2011.11.24 06:34:36.759,0.85955,0.85965,2.25,1.50
2011.11.24 06:34:37.339,0.85958,0.85966,1.50,1.13
2011.11.24 06:34:37.701,0.85956,0.85966,1.50,1.13
2011.11.24 06:34:39.806,0.85956,0.85968,1.50,2.63
2011.11.24 06:34:40.159,0.85958,0.85968,1.50,1.50
2011.11.24 06:34:40.672,0.85961,0.85971,1.50,1.50
2011.11.24 06:34:41.040,0.85962,0.85974,2.25,1.50
2011.11.24 06:34:41.287,0.85965,0.85975,1.50,1.50
2011.11.24 06:34:42.766,0.85966,0.85976,1.50,1.50
2011.11.24 06:34:43.137,0.85968,0.85978,1.50,2.63
2011.11.24 06:34:47.156,0.8597,0.85978,1.50,1.13
2011.11.24 06:34:47.734,0.85969,0.85978,1.50,1.13
2011.11.24 06:34:53.773,0.85969,0.85976,1.50,1.13
2011.11.24 06:34:53.900,0.85966,0.85976,1.50,1.13
2011.11.24 06:34:54.269,0.85966,0.85974,1.50,1.13
2011.11.24 06:34:54.767,0.85963,0.85973,2.25,2.63
2011.11.24 06:34:54.888,0.85963,0.8597,2.25,1.13
2011.11.24 06:34:55.489,0.85961,0.85971,1.50,1.13
2011.11.24 06:34:57.217,0.85963,0.85971,1.50,1.13
2011.11.24 06:34:59.777,0.85961,0.85971,2.25,2.63
2011.11.24 06:35:00.739,0.85963,0.85972,1.50,1.13
2011.11.24 06:35:00.861,0.85961,0.85972,2.25,1.13
2011.11.24 06:35:02.301,0.85961,0.8597,1.50,1.13
2011.11.24 06:35:02.668,0.85959,0.85968,1.50,1.13
2011.11.24 06:35:03.270,0.85959,0.85966,1.50,1.13
2011.11.24 06:35:03.868,0.85957,0.85966,2.25,1.13
2011.11.24 06:35:04.544,0.85958,0.85966,1.50,1.13
2011.11.24 06:35:04.666,0.85956,0.85966,3.00,1.13
2011.11.24 06:35:05.496,0.85958,0.85966,1.50,1.13
2011.11.24 06:35:08.315,0.85956,0.85966,1.50,1.13
2011.11.24 06:35:20.375,0.85958,0.85966,1.50,1.13
2011.11.24 06:35:22.247,0.85956,0.85966,1.50,1.13
2011.11.24 06:35:22.720,0.85959,0.85966,1.50,1.13
2011.11.24 06:35:23.726,0.85959,0.85968,1.50,1.13
2011.11.24 06:35:24.326,0.85959,0.85966,1.50,1.13
2011.11.24 06:35:24.688,0.85959,0.85968,1.50,1.13
2011.11.24 06:35:24.811,0.85956,0.85968,2.25,2.63
2011.11.24 06:35:24.937,0.85958,0.85968,1.50,2.63
2011.11.24 06:35:27.071,0.8596,0.85969,1.50,1.88
2011.11.24 06:35:27.710,0.85961,0.85969,1.50,1.13
2011.11.24 06:35:29.939,0.85959,0.85969,1.50,1.13
2011.11.24 06:35:30.059,0.85961,0.85969,1.50,1.13
2011.11.24 06:35:30.541,0.85963,0.85971,1.50,1.13
2011.11.24 06:35:33.320,0.85961,0.85971,1.50,2.63
2011.11.24 06:35:33.812,0.85961,0.85969,1.50,1.13
2011.11.24 06:35:34.416,0.8596,0.85968,1.50,1.13
2011.11.24 06:35:34.988,0.85958,0.85968,2.25,2.63
2011.11.24 06:35:44.078,0.85958,0.85967,1.50,1.13
2011.11.24 06:35:44.658,0.85958,0.85968,1.50,2.63
2011.11.24 06:35:45.556,0.85957,0.85967,2.25,1.50
2011.11.24 06:35:45.677,0.85955,0.85965,2.25,1.50
2011.11.24 06:35:45.916,0.85955,0.85965,1.50,1.50
2011.11.24 06:35:47.194,0.85952,0.85964,3.38,1.50
2011.11.24 06:35:48.174,0.85951,0.85963,2.25,1.50
2011.11.24 06:35:48.998,0.85953,0.85963,1.50,1.50
2011.11.24 06:35:53.619,0.85953,0.85963,2.25,1.50
2011.11.24 06:35:55.304,0.85953,0.85963,1.50,1.50
2011.11.24 06:35:59.564,0.85953,0.85963,2.25,1.50
2011.11.24 06:36:02.464,0.85953,0.85963,2.25,1.50
2011.11.24 06:36:13.141,0.85952,0.85962,1.50,1.50
2011.11.24 06:36:13.747,0.85953,0.85963,1.50,1.50
2011.11.24 06:36:22.026,0.85951,0.85963,3.38,1.50
2011.11.24 06:36:22.487,0.85953,0.85963,1.50,1.50
2011.11.24 06:36:22.605,0.85951,0.85963,3.38,1.50
2011.11.24 06:36:23.802,0.85953,0.85963,1.50,1.50
2011.11.24 06:36:24.288,0.85954,0.85966,1.50,1.50
2011.11.24 06:36:25.707,0.85952,0.85964,3.38,1.50
2011.11.24 06:36:26.066,0.85952,0.85964,3.38,1.50
2011.11.24 06:36:26.719,0.85952,0.85964,3.38,1.50
2011.11.24 06:36:27.297,0.85953,0.85963,1.50,1.50
2011.11.24 06:36:27.659,0.85954,0.85966,1.50,1.50
2011.11.24 06:36:28.021,0.85955,0.85967,2.25,2.63
2011.11.24 06:36:29.431,0.85957,0.85968,1.50,1.13
2011.11.24 06:36:30.267,0.85957,0.85967,1.50,1.13
2011.11.24 06:36:31.647,0.85956,0.85967,1.50,1.13
2011.11.24 06:36:33.514,0.85955,0.85965,3.00,1.50
2011.11.24 06:36:35.504,0.85956,0.85966,1.50,1.50
2011.11.24 06:36:36.437,0.85955,0.85965,1.50,1.50
2011.11.24 06:36:37.017,0.85956,0.85966,1.50,1.50
2011.11.24 06:36:37.577,0.85955,0.85967,1.50,2.63
2011.11.24 06:36:40.062,0.85955,0.85965,1.50,1.50
2011.11.24 06:36:40.548,0.85955,0.85962,1.50,1.13
2011.11.24 06:36:41.151,0.85952,0.85962,2.25,1.13
2011.11.24 06:36:41.792,0.85953,0.85965,2.25,2.25
2011.11.24 06:36:42.535,0.85953,0.85965,1.50,2.25
2011.11.24 06:36:43.139,0.85952,0.85962,1.50,1.50
2011.11.24 06:36:43.256,0.85952,0.85964,1.50,1.50
2011.11.24 06:36:51.876,0.85952,0.85964,3.38,1.50
2011.11.24 06:36:51.999,0.85955,0.85965,1.50,2.25
2011.11.24 06:37:04.485,0.85955,0.85967,1.50,2.25
2011.11.24 06:37:05.448,0.85955,0.85967,2.25,1.50
2011.11.24 06:37:05.927,0.85957,0.85969,1.50,2.63
2011.11.24 06:37:07.902,0.85957,0.85967,1.50,1.50
2011.11.24 06:37:09.155,0.85957,0.85969,1.50,2.63
2011.11.24 06:37:09.836,0.85957,0.85968,1.50,1.50
2011.11.24 06:37:10.416,0.85958,0.85969,1.50,1.13
2011.11.24 06:37:12.201,0.85958,0.8597,1.50,1.50
2011.11.24 06:37:12.569,0.8596,0.85971,1.50,1.88
2011.11.24 06:37:13.431,0.85962,0.85973,1.50,1.13
2011.11.24 06:37:13.931,0.85963,0.85973,1.50,2.63
2011.11.24 06:37:17.326,0.85961,0.85973,1.50,2.63
2011.11.24 06:37:19.554,0.85961,0.85973,2.25,2.63
2011.11.24 06:37:20.301,0.85961,0.85973,1.50,2.63
2011.11.24 06:37:22.627,0.8596,0.8597,2.25,1.50
2011.11.24 06:37:29.200,0.85957,0.85969,3.38,1.50
2011.11.24 06:37:31.532,0.85957,0.85969,1.50,1.50
2011.11.24 06:37:31.779,0.85955,0.85965,2.25,1.50
2011.11.24 06:37:32.445,0.85955,0.85967,2.25,1.50
2011.11.24 06:37:33.169,0.85954,0.85965,1.88,1.50
2011.11.24 06:37:33.755,0.85956,0.85966,1.50,1.50
2011.11.24 06:37:34.125,0.85954,0.85964,3.75,1.50
2011.11.24 06:37:34.252,0.85957,0.85967,1.50,1.50
2011.11.24 06:37:34.500,0.85957,0.85969,2.63,1.50
2011.11.24 06:37:38.234,0.85957,0.85969,3.38,1.50
2011.11.24 06:37:42.008,0.85957,0.85967,3.38,1.50
2011.11.24 06:37:49.879,0.85957,0.85969,2.25,1.50
2011.11.24 06:37:50.002,0.85956,0.85966,2.25,1.50
2011.11.24 06:37:57.435,0.85956,0.85966,2.25,1.50
2011.11.24 06:38:05.086,0.85956,0.85966,2.25,1.50
2011.11.24 06:38:05.766,0.85956,0.85966,2.25,1.50
2011.11.24 06:38:07.386,0.85955,0.85965,2.25,1.50
2011.11.24 06:38:08.116,0.85956,0.85966,2.25,1.50
2011.11.24 06:38:10.031,0.85955,0.85967,2.25,1.50
2011.11.24 06:38:11.600,0.85955,0.85967,2.25,1.50
2011.11.24 06:38:11.851,0.85957,0.85969,1.50,1.50
2011.11.24 06:38:12.457,0.85958,0.85969,1.13,1.50
2011.11.24 06:38:13.296,0.85957,0.85969,2.25,1.50
2011.11.24 06:38:13.886,0.85957,0.85969,2.25,1.50
2011.11.24 06:38:14.496,0.85959,0.85971,1.50,2.63
2011.11.24 06:38:15.332,0.8596,0.85971,1.50,1.13
2011.11.24 06:38:15.940,0.85961,0.85972,1.13,1.50
2011.11.24 06:38:16.838,0.85962,0.85974,1.50,3.00
2011.11.24 06:38:17.490,0.85963,0.85973,1.50,1.50
2011.11.24 06:38:23.057,0.8596,0.8597,1.50,1.50
2011.11.24 06:38:23.788,0.85958,0.85968,1.50,1.50
2011.11.24 06:38:24.389,0.85957,0.85967,1.50,1.50
2011.11.24 06:38:24.737,0.85955,0.85965,2.25,1.50
2011.11.24 06:38:45.146,0.85956,0.85966,1.50,1.50
2011.11.24 06:38:45.376,0.85954,0.85966,3.38,1.50
2011.11.24 06:38:45.496,0.85956,0.85966,1.50,1.50
2011.11.24 06:38:46.103,0.85956,0.85965,1.13,1.50
2011.11.24 06:38:46.706,0.85955,0.85965,2.25,1.50
2011.11.24 06:38:47.068,0.85955,0.85965,2.25,1.50
2011.11.24 06:38:47.697,0.85956,0.85966,2.25,1.50
2011.11.24 06:38:48.067,0.85956,0.85966,2.25,1.50
2011.11.24 06:38:48.658,0.85956,0.85966,2.25,1.50
2011.11.24 06:38:48.784,0.85957,0.85968,2.25,1.13
2011.11.24 06:38:49.395,0.85957,0.85969,2.25,2.63
2011.11.24 06:38:52.163,0.8596,0.85969,1.50,1.13
2011.11.24 06:38:56.037,0.8596,0.8597,1.50,2.63
2011.11.24 06:38:57.228,0.8596,0.85969,1.50,1.13
2011.11.24 06:39:05.917,0.85958,0.85968,1.50,1.50
2011.11.24 06:39:13.250,0.85959,0.85971,2.25,2.63
2011.11.24 06:39:18.265,0.85959,0.8597,2.25,1.13
2011.11.24 06:39:22.416,0.85959,0.85971,2.25,2.63
2011.11.24 06:39:38.433,0.85959,0.85971,2.25,2.63
2011.11.24 06:39:58.415,0.85959,0.85971,2.25,2.63
2011.11.24 06:40:05.734,0.8596,0.85972,2.25,2.63
2011.11.24 06:40:06.199,0.8596,0.8597,2.25,1.50
2011.11.24 06:40:06.569,0.85965,0.85975,1.50,3.38
2011.11.24 06:40:07.516,0.85965,0.85975,2.25,1.13
2011.11.24 06:40:07.879,0.85965,0.85975,2.25,2.63
2011.11.24 06:40:10.030,0.85965,0.85977,1.50,2.63
2011.11.24 06:40:10.729,0.85964,0.85976,1.50,1.50
2011.11.24 06:40:11.211,0.85966,0.85976,1.50,1.50
2011.11.24 06:40:12.720,0.85964,0.85976,2.25,1.50
2011.11.24 06:40:13.320,0.85964,0.85976,1.50,2.63
2011.11.24 06:40:14.184,0.85965,0.85975,2.25,1.50
2011.11.24 06:40:36.270,0.85966,0.85976,1.50,2.63
2011.11.24 06:40:37.849,0.85964,0.85976,1.50,2.63
2011.11.24 06:40:41.584,0.85964,0.85975,1.50,1.13
2011.11.24 06:40:58.601,0.85966,0.85975,1.50,1.13
2011.11.24 06:41:03.217,0.85962,0.85974,2.25,1.50
2011.11.24 06:41:03.338,0.85962,0.85972,1.50,1.50
2011.11.24 06:41:03.929,0.85961,0.85971,1.88,1.50
2011.11.24 06:41:08.086,0.8596,0.85972,2.25,1.50
2011.11.24 06:41:08.602,0.8596,0.8597,2.25,1.50
2011.11.24 06:41:11.606,0.8596,0.85972,3.38,1.50
2011.11.24 06:41:11.724,0.8596,0.8597,3.38,1.50
2011.11.24 06:41:12.234,0.85961,0.85971,2.25,1.50
2011.11.24 06:41:12.736,0.8596,0.8597,3.38,1.50
2011.11.24 06:41:12.977,0.85961,0.85972,1.88,1.50
2011.11.24 06:41:13.097,0.85961,0.8597,1.88,1.50
2011.11.24 06:41:24.287,0.85961,0.85971,3.38,1.50
2011.11.24 06:41:50.631,0.85959,0.85968,2.25,1.13
2011.11.24 06:41:51.153,0.8596,0.8597,2.25,1.50
2011.11.24 06:41:51.294,0.85958,0.85968,3.00,1.50
2011.11.24 06:41:51.422,0.85957,0.85967,1.50,1.50
2011.11.24 06:41:51.669,0.85957,0.85967,2.25,1.50
2011.11.24 06:41:56.948,0.85957,0.85967,3.00,1.50
2011.11.24 06:41:57.186,0.85957,0.85967,3.00,1.50
2011.11.24 06:41:57.955,0.85957,0.85967,3.00,1.50
2011.11.24 06:41:58.186,0.85957,0.85969,2.25,2.63
2011.11.24 06:41:58.310,0.85957,0.85967,2.25,1.50
2011.11.24 06:41:58.428,0.85958,0.85969,2.63,1.50
2011.11.24 06:41:58.789,0.85959,0.85971,2.25,2.25
2011.11.24 06:41:59.030,0.85961,0.85971,1.50,2.25
2011.11.24 06:42:00.577,0.8596,0.8597,1.50,1.50
2011.11.24 06:42:02.781,0.85961,0.85971,1.50,2.25
2011.11.24 06:42:03.015,0.85959,0.85971,3.75,2.25
2011.11.24 06:42:03.139,0.85961,0.85971,1.50,1.50
2011.11.24 06:42:03.705,0.8596,0.8597,2.63,1.50
2011.11.24 06:42:10.576,0.85961,0.85971,1.50,1.50
2011.11.24 06:42:11.258,0.85959,0.85971,2.25,1.50
2011.11.24 06:42:12.429,0.85961,0.85971,1.50,1.50
2011.11.24 06:42:24.371,0.8596,0.8597,3.00,1.50
2011.11.24 06:42:24.608,0.85961,0.85971,2.25,1.50
2011.11.24 06:42:27.047,0.85961,0.85971,2.25,1.50
2011.11.24 06:42:27.169,0.85962,0.85974,3.38,1.50
2011.11.24 06:42:27.288,0.85965,0.85975,1.50,1.50
2011.11.24 06:42:27.866,0.85963,0.85973,3.75,1.50
2011.11.24 06:42:40.076,0.85965,0.85975,1.50,1.50
2011.11.24 06:42:57.679,0.85965,0.85975,2.25,1.50
2011.11.24 06:42:59.505,0.85965,0.85975,2.25,1.50
2011.11.24 06:43:01.741,0.85965,0.85977,2.25,1.50
2011.11.24 06:43:04.718,0.85964,0.85976,2.25,1.50
2011.11.24 06:43:10.010,0.85964,0.85976,2.25,1.50
2011.11.24 06:43:12.435,0.85964,0.85976,2.25,1.50
2011.11.24 06:43:13.565,0.85964,0.85976,2.25,1.50
2011.11.24 06:43:16.286,0.85964,0.85976,2.25,1.50
2011.11.24 06:43:20.886,0.85964,0.85976,2.25,1.50
2011.11.24 06:43:52.045,0.85964,0.85974,2.25,1.13
2011.11.24 06:43:52.615,0.85964,0.85974,1.50,1.13
2011.11.24 06:43:58.641,0.85964,0.85976,1.50,1.50
2011.11.24 06:43:59.238,0.85965,0.85977,2.25,1.50
2011.11.24 06:44:01.447,0.85966,0.85977,1.50,1.50
2011.11.24 06:44:01.566,0.85967,0.85979,1.50,2.63
2011.11.24 06:44:02.148,0.85967,0.85977,1.50,1.50
2011.11.24 06:44:22.019,0.85964,0.85976,2.25,1.50
2011.11.24 06:44:23.857,0.85965,0.85977,2.25,1.50
2011.11.24 06:44:24.874,0.85967,0.85979,3.38,1.50
2011.11.24 06:44:25.001,0.85967,0.85979,3.38,1.50
2011.11.24 06:44:25.710,0.85966,0.85978,3.38,1.50
2011.11.24 06:44:26.298,0.8597,0.8598,2.25,2.63
2011.11.24 06:44:28.541,0.85969,0.85979,2.25,1.50
2011.11.24 06:44:28.782,0.85966,0.85978,2.25,1.50
2011.11.24 06:44:29.399,0.85966,0.85975,2.25,1.13
2011.11.24 06:44:29.534,0.85965,0.85975,2.25,1.13
2011.11.24 06:44:34.097,0.85964,0.85975,2.25,1.13
2011.11.24 06:44:35.647,0.85965,0.85975,1.50,1.13
2011.11.24 06:44:36.166,0.85965,0.85977,2.25,2.63
2011.11.24 06:44:36.745,0.85965,0.85977,2.25,2.63
2011.11.24 06:44:45.394,0.85965,0.85977,2.25,2.63
2011.11.24 06:44:46.678,0.85968,0.85978,1.50,2.63
2011.11.24 06:44:47.293,0.85969,0.8598,1.50,1.13
2011.11.24 06:44:47.767,0.85969,0.85981,2.25,1.50
2011.11.24 06:44:48.963,0.85972,0.85982,1.50,2.63
2011.11.24 06:44:50.803,0.85969,0.85979,2.25,1.50
2011.11.24 06:44:50.928,0.85969,0.85979,1.50,1.50
2011.11.24 06:44:53.650,0.8597,0.8598,1.50,2.63
2011.11.24 06:44:54.097,0.85968,0.8598,2.25,2.63
2011.11.24 06:45:02.037,0.85968,0.8598,2.25,2.63
2011.11.24 06:45:02.605,0.85968,0.8598,2.25,2.63
2011.11.24 06:45:03.999,0.8597,0.8598,1.50,1.50
2011.11.24 06:45:04.869,0.8597,0.8598,2.25,1.50
2011.11.24 06:45:05.347,0.85971,0.85982,2.25,1.13
2011.11.24 06:45:06.097,0.85973,0.85982,1.50,1.13
2011.11.24 06:45:06.337,0.8597,0.85982,2.25,2.63
2011.11.24 06:45:07.423,0.85973,0.85982,1.50,1.13
2011.11.24 06:45:08.016,0.85972,0.85982,1.50,2.63
2011.11.24 06:45:13.318,0.85969,0.85981,2.25,1.50
2011.11.24 06:45:13.840,0.85971,0.85982,2.25,1.13
2011.11.24 06:45:15.518,0.8597,0.8598,2.25,1.50
2011.11.24 06:45:16.979,0.8597,0.8598,2.25,1.50
2011.11.24 06:45:17.337,0.8597,0.85982,2.25,2.63
2011.11.24 06:45:17.896,0.8597,0.85982,2.25,2.63
2011.11.24 06:45:21.347,0.85973,0.85982,1.50,1.13
2011.11.24 06:45:22.468,0.85971,0.85982,2.25,1.13
2011.11.24 06:45:22.587,0.85973,0.85982,1.50,1.13
2011.11.24 06:45:22.946,0.85975,0.85982,1.50,1.13
2011.11.24 06:45:23.866,0.85973,0.85982,2.25,1.13
2011.11.24 06:45:24.417,0.85975,0.85982,1.50,1.13
2011.11.24 06:45:25.798,0.85973,0.85982,2.25,1.13
2011.11.24 06:45:26.823,0.85975,0.85982,1.50,1.13
2011.11.24 06:45:27.419,0.85974,0.85982,2.25,1.13
2011.11.24 06:45:27.779,0.85977,0.85982,1.50,1.13
2011.11.24 06:45:28.140,0.85977,0.85984,1.50,1.13
2011.11.24 06:45:30.318,0.85976,0.85984,2.25,1.13
2011.11.24 06:45:31.216,0.85976,0.85984,2.25,1.13
2011.11.24 06:45:32.917,0.85978,0.85984,1.50,1.13
2011.11.24 06:45:34.879,0.85978,0.85986,1.50,1.13
2011.11.24 06:45:37.687,0.85976,0.85986,2.25,1.13
2011.11.24 06:45:42.676,0.85978,0.85986,1.50,1.13
2011.11.24 06:45:48.916,0.85978,0.85987,2.25,1.13
2011.11.24 06:45:49.040,0.8598,0.85987,2.25,1.13
2011.11.24 06:45:51.417,0.85979,0.8599,2.25,1.13
2011.11.24 06:45:51.902,0.85982,0.85991,2.25,1.13
2011.11.24 06:45:53.247,0.85983,0.85991,2.25,1.13
2011.11.24 06:45:53.384,0.85984,0.85994,1.50,1.50
2011.11.24 06:45:53.872,0.85984,0.85996,2.25,3.38
2011.11.24 06:45:54.541,0.85984,0.85996,2.25,3.38
2011.11.24 06:45:57.080,0.85983,0.85995,2.25,1.50
2011.11.24 06:45:57.666,0.85984,0.85996,2.25,3.38
2011.11.24 06:45:58.032,0.85987,0.85997,1.50,2.63
2011.11.24 06:45:58.637,0.85987,0.85997,2.25,1.13
2011.11.24 06:45:58.988,0.85987,0.85999,2.25,2.63
2011.11.24 06:46:00.136,0.85987,0.85999,1.50,2.63
2011.11.24 06:46:00.264,0.85987,0.85997,1.50,2.63
2011.11.24 06:46:00.867,0.85986,0.85997,2.25,1.13
2011.11.24 06:46:01.225,0.85988,0.85997,1.50,1.13
2011.11.24 06:46:01.897,0.85986,0.85997,2.25,1.13
2011.11.24 06:46:02.126,0.85988,0.85997,1.50,1.13
2011.11.24 06:46:04.877,0.85988,0.85998,2.25,2.63
2011.11.24 06:46:07.316,0.85988,0.85998,2.25,2.63
2011.11.24 06:46:08.346,0.85986,0.85998,2.25,2.63
2011.11.24 06:46:09.528,0.85985,0.85995,2.25,1.50
2011.11.24 06:46:10.077,0.85986,0.85997,2.25,1.50
2011.11.24 06:46:10.670,0.85986,0.85998,2.25,2.63
2011.11.24 06:46:13.750,0.85986,0.85998,2.25,2.63
2011.11.24 06:46:14.737,0.85986,0.85998,2.25,2.63
2011.11.24 06:46:16.220,0.85986,0.85998,2.25,2.63
2011.11.24 06:46:24.931,0.85987,0.85999,2.25,2.63
2011.11.24 06:46:29.349,0.85987,0.85998,2.25,1.13
2011.11.24 06:46:29.947,0.85987,0.85997,2.25,1.50
2011.11.24 06:46:31.017,0.85987,0.85998,2.25,1.13
2011.11.24 06:46:34.422,0.85986,0.85998,2.25,2.63
2011.11.24 06:46:36.923,0.85986,0.85998,2.25,2.63
2011.11.24 06:46:39.324,0.85986,0.85998,1.50,2.63
2011.11.24 06:46:48.693,0.85986,0.85994,1.50,1.13
2011.11.24 06:46:49.176,0.85985,0.85992,1.50,1.13
2011.11.24 06:46:49.299,0.85983,0.85992,1.50,1.13
2011.11.24 06:46:50.366,0.85985,0.85992,1.50,1.13
2011.11.24 06:46:50.904,0.85984,0.85993,1.50,1.13
2011.11.24 06:46:51.984,0.85984,0.85992,1.50,1.13
2011.11.24 06:46:52.469,0.85986,0.85993,1.50,1.13
2011.11.24 06:46:52.597,0.85986,0.85996,1.50,1.13
2011.11.24 06:46:53.477,0.85988,0.85996,1.50,1.13
2011.11.24 06:46:53.594,0.85986,0.85996,3.00,1.13
2011.11.24 06:46:55.835,0.85987,0.85996,1.50,1.13
2011.11.24 06:46:59.203,0.85987,0.85998,1.50,1.13
2011.11.24 06:46:59.792,0.85986,0.85998,2.25,2.63
2011.11.24 06:47:00.374,0.85986,0.85997,2.25,1.13
2011.11.24 06:47:05.151,0.85984,0.85996,1.50,1.50
2011.11.24 06:47:08.112,0.85984,0.85994,1.50,1.50
2011.11.24 06:47:09.601,0.85984,0.85995,1.50,1.13
2011.11.24 06:47:11.659,0.85984,0.85996,1.50,2.63
2011.11.24 06:47:15.555,0.85984,0.85994,1.50,1.13
2011.11.24 06:47:15.907,0.85984,0.85992,1.50,1.13
2011.11.24 06:47:16.635,0.85981,0.85992,2.25,1.13
2011.11.24 06:47:16.761,0.85981,0.85989,2.25,1.13
2011.11.24 06:47:19.762,0.85983,0.85991,1.50,1.13
2011.11.24 06:47:19.887,0.85981,0.85991,2.25,2.63
2011.11.24 06:47:29.386,0.85981,0.85989,1.50,1.13
2011.11.24 06:47:31.545,0.85982,0.85993,1.50,2.63
2011.11.24 06:47:34.388,0.85982,0.85993,2.25,1.13
2011.11.24 06:47:35.275,0.85982,0.85992,2.25,1.13
2011.11.24 06:47:38.454,0.85981,0.85993,2.25,1.50
2011.11.24 06:47:40.355,0.85981,0.85993,2.25,1.50
2011.11.24 06:47:40.934,0.85981,0.85991,2.25,1.13
2011.11.24 06:47:45.879,0.85981,0.85993,2.25,2.63
2011.11.24 06:47:47.667,0.85981,0.85991,2.25,1.13
2011.11.24 06:47:48.264,0.8598,0.8599,2.25,1.50
2011.11.24 06:47:58.142,0.8598,0.85991,2.25,1.13
2011.11.24 06:47:58.280,0.85985,0.85993,1.50,1.50
2011.11.24 06:47:58.410,0.85987,0.85997,3.00,1.50
2011.11.24 06:47:58.541,0.85985,0.85995,1.50,1.50
2011.11.24 06:47:58.804,0.85984,0.85995,1.50,1.50
2011.11.24 06:48:02.166,0.85987,0.85995,1.50,1.50
2011.11.24 06:48:03.135,0.85987,0.85997,3.00,1.50
2011.11.24 06:48:13.485,0.85987,0.85997,2.25,1.50
2011.11.24 06:48:14.669,0.85983,0.85995,2.25,1.50
2011.11.24 06:48:15.275,0.85985,0.85995,1.50,1.50
2011.11.24 06:48:15.793,0.85984,0.85994,1.50,1.50
2011.11.24 06:48:18.247,0.85985,0.85995,1.50,1.50
2011.11.24 06:48:22.463,0.85985,0.85995,2.25,1.50
2011.11.24 06:48:24.563,0.85985,0.85995,3.38,1.50
2011.11.24 06:48:27.789,0.85986,0.85998,3.38,1.50
2011.11.24 06:48:28.039,0.85988,0.85998,1.50,1.50
2011.11.24 06:48:28.648,0.85987,0.85999,2.25,1.50
2011.11.24 06:48:29.281,0.85986,0.85998,4.13,1.50
2011.11.24 06:48:29.886,0.85987,0.85997,3.38,1.50
2011.11.24 06:48:30.570,0.85988,0.85998,2.25,1.50
2011.11.24 06:48:31.152,0.85988,0.85998,2.25,1.50
2011.11.24 06:48:33.991,0.85987,0.85997,2.25,1.50
2011.11.24 06:48:37.123,0.85988,0.85998,1.50,1.50
2011.11.24 06:48:37.713,0.85988,0.85998,2.25,1.50
2011.11.24 06:48:38.317,0.85989,0.86001,2.25,1.50
2011.11.24 06:48:38.903,0.85988,0.86,2.25,1.50
2011.11.24 06:48:41.787,0.85986,0.85998,3.38,1.50
2011.11.24 06:48:42.389,0.85987,0.85997,1.50,1.50
2011.11.24 06:48:45.669,0.85988,0.85998,1.50,1.50
2011.11.24 06:48:46.764,0.85986,0.85998,3.00,1.50
2011.11.24 06:48:51.356,0.85986,0.85998,1.50,2.63
2011.11.24 06:48:52.713,0.85985,0.85994,2.25,1.13
2011.11.24 06:48:52.852,0.85985,0.85996,1.50,1.50
2011.11.24 06:48:53.455,0.85984,0.85996,2.25,1.50
2011.11.24 06:48:53.807,0.85983,0.85995,1.50,3.00
2011.11.24 06:49:09.356,0.85981,0.85993,1.50,2.25
2011.11.24 06:49:11.386,0.85982,0.85994,1.50,3.00
2011.11.24 06:49:11.996,0.85982,0.85992,1.50,1.50
2011.11.24 06:49:23.054,0.85983,0.85993,1.50,2.25
2011.11.24 06:49:24.202,0.85983,0.85993,1.50,2.25
2011.11.24 06:49:24.789,0.85983,0.85993,2.25,2.25
2011.11.24 06:49:25.425,0.85983,0.85993,1.50,2.25
2011.11.24 06:49:26.026,0.85982,0.85994,3.38,2.25
2011.11.24 06:49:28.832,0.85981,0.85993,2.25,2.25
2011.11.24 06:49:35.337,0.8598,0.8599,2.63,1.50
2011.11.24 06:49:35.460,0.85981,0.85993,1.50,2.25
2011.11.24 06:49:36.535,0.85982,0.85994,1.50,3.38
2011.11.24 06:49:37.464,0.85983,0.85993,1.50,2.25
2011.11.24 06:49:37.975,0.85982,0.85992,1.50,2.25
2011.11.24 06:49:38.795,0.85982,0.85992,1.50,3.38
2011.11.24 06:49:39.374,0.85982,0.85992,1.50,2.63
2011.11.24 06:49:41.935,0.85979,0.85991,3.00,1.50
2011.11.24 06:49:42.505,0.85979,0.85991,2.25,1.50
2011.11.24 06:50:14.218,0.85981,0.85993,2.63,2.25
2011.11.24 06:50:14.709,0.85983,0.85994,1.13,2.25
2011.11.24 06:50:24.904,0.85981,0.85993,3.38,3.00
2011.11.24 06:50:33.291,0.85982,0.85994,4.13,3.00
2011.11.24 06:50:33.658,0.85988,0.85997,1.88,2.25
2011.11.24 06:50:34.157,0.85988,0.85998,3.38,1.50
2011.11.24 06:50:34.797,0.8599,0.85998,1.13,1.50
2011.11.24 06:50:40.801,0.85988,0.85998,2.63,1.50
2011.11.24 06:50:41.421,0.85988,0.85997,1.13,1.50
2011.11.24 06:50:41.791,0.85988,0.86,1.50,1.50
2011.11.24 06:51:07.657,0.85988,0.86,2.25,1.50
2011.11.24 06:51:10.046,0.85988,0.86,1.50,1.50
2011.11.24 06:51:10.635,0.85989,0.86001,2.25,1.50
2011.11.24 06:51:11.214,0.85989,0.86001,2.25,1.50
2011.11.24 06:51:12.193,0.85989,0.86001,2.25,1.50
2011.11.24 06:51:17.257,0.85989,0.86001,4.13,1.50
2011.11.24 06:51:17.853,0.85992,0.86002,2.63,1.50
2011.11.24 06:51:19.174,0.85991,0.86003,2.25,2.25
2011.11.24 06:51:20.604,0.8599,0.86002,3.38,1.50
2011.11.24 06:51:21.083,0.85992,0.86002,1.50,2.25
2011.11.24 06:51:21.447,0.85994,0.86004,1.50,3.00
2011.11.24 06:51:22.054,0.85991,0.86003,4.13,2.25
2011.11.24 06:51:22.311,0.85991,0.86003,2.25,2.25
2011.11.24 06:51:22.685,0.85989,0.85999,1.50,1.50
2011.11.24 06:51:24.534,0.8599,0.86,1.50,1.50
2011.11.24 06:51:28.488,0.85992,0.86003,1.88,2.25
2011.11.24 06:51:29.119,0.85994,0.86003,1.13,2.25
2011.11.24 06:51:30.416,0.85992,0.86003,1.88,2.25
2011.11.24 06:51:30.656,0.85991,0.86003,3.00,2.25
2011.11.24 06:51:31.254,0.8599,0.86002,3.38,1.50
2011.11.24 06:51:32.312,0.85991,0.86003,2.25,3.75
2011.11.24 06:51:32.924,0.85993,0.86003,1.13,2.25
2011.11.24 06:51:34.952,0.85997,0.86003,1.50,2.25
2011.11.24 06:51:35.084,0.85992,0.86003,3.38,3.75
2011.11.24 06:51:35.688,0.85989,0.85999,1.50,1.50
2011.11.24 06:51:36.960,0.8599,0.85999,1.88,1.50
2011.11.24 06:51:38.164,0.85991,0.86001,1.13,1.50
2011.11.24 06:51:39.787,0.85991,0.86001,1.88,1.50
2011.11.24 06:51:40.276,0.85991,0.86003,3.38,2.25
2011.11.24 06:51:40.781,0.85991,0.86001,3.38,1.50
2011.11.24 06:51:41.373,0.85991,0.86001,1.50,1.50
2011.11.24 06:51:45.628,0.85991,0.86001,2.25,1.50
2011.11.24 06:51:46.223,0.85991,0.86001,2.25,1.50
2011.11.24 06:51:50.644,0.85991,0.86001,2.25,1.50
2011.11.24 06:51:50.763,0.85991,0.86001,2.25,1.50
2011.11.24 06:51:57.395,0.85991,0.86001,2.25,1.50
2011.11.24 06:52:09.287,0.85991,0.86003,2.25,3.75
2011.11.24 06:52:09.888,0.85991,0.86003,2.25,2.25
2011.11.24 06:52:10.506,0.8599,0.86002,4.13,1.50
2011.11.24 06:52:11.944,0.8599,0.86002,4.13,1.50
2011.11.24 06:52:12.453,0.85991,0.86003,2.25,2.25
2011.11.24 06:52:14.278,0.85991,0.86003,3.00,2.25
2011.11.24 06:52:14.402,0.85994,0.86003,1.13,2.25
2011.11.24 06:52:15.130,0.85994,0.86002,1.13,1.50
2011.11.24 06:52:15.513,0.86002,0.86012,3.38,1.50
2011.11.24 06:52:15.762,0.86004,0.86014,3.38,1.50
2011.11.24 06:52:17.209,0.86008,0.86014,1.13,1.50
2011.11.24 06:52:17.341,0.86005,0.86015,3.38,1.50
2011.11.24 06:52:17.467,0.86007,0.86017,2.25,1.50
2011.11.24 06:52:17.826,0.86005,0.86017,2.63,1.50
2011.11.24 06:52:19.945,0.86006,0.86017,1.13,1.50
2011.11.24 06:52:20.306,0.86006,0.86015,1.13,1.50
2011.11.24 06:52:20.904,0.86005,0.86015,1.13,1.50
2011.11.24 06:52:23.554,0.86004,0.86015,1.13,1.50
2011.11.24 06:52:25.666,0.86004,0.86016,2.63,1.50
2011.11.24 06:52:27.509,0.86004,0.86016,3.38,1.50
2011.11.24 06:52:28.147,0.86005,0.86016,1.50,1.50
2011.11.24 06:52:28.750,0.86007,0.86017,2.63,1.50
2011.11.24 06:52:30.161,0.86006,0.86017,1.88,1.50
2011.11.24 06:52:31.006,0.86006,0.86017,1.88,2.25
2011.11.24 06:52:31.711,0.86009,0.86017,1.13,2.25
2011.11.24 06:52:31.852,0.86005,0.86015,1.88,1.50
2011.11.24 06:52:32.815,0.86003,0.86013,3.00,1.50
2011.11.24 06:52:41.110,0.86006,0.86015,1.50,1.50
2011.11.24 06:52:41.239,0.86007,0.86018,1.13,3.00
2011.11.24 06:52:41.900,0.86007,0.86017,1.13,1.50
2011.11.24 06:52:42.977,0.86007,0.86015,1.13,1.50
2011.11.24 06:52:43.575,0.86004,0.86015,2.63,1.50
2011.11.24 06:52:44.177,0.86004,0.86014,3.38,1.50
2011.11.24 06:52:45.877,0.86004,0.86013,1.88,1.50
2011.11.24 06:52:46.237,0.86008,0.86013,1.13,1.50
2011.11.24 06:52:46.487,0.86008,0.86015,1.13,1.50
2011.11.24 06:52:47.205,0.86005,0.86015,4.13,1.50
2011.11.24 06:52:47.993,0.86004,0.86014,3.38,1.50
2011.11.24 06:52:48.487,0.86008,0.86014,1.13,1.50
2011.11.24 06:52:49.564,0.86008,0.86016,1.13,1.50
2011.11.24 06:52:49.928,0.86005,0.86015,1.88,1.50
2011.11.24 06:52:50.539,0.86003,0.86012,3.38,1.50
2011.11.24 06:52:51.218,0.86003,0.86012,1.13,1.50
2011.11.24 06:52:51.350,0.86005,0.86012,1.13,1.50
2011.11.24 06:52:51.476,0.86005,0.86015,1.88,2.25
2011.11.24 06:52:52.495,0.86006,0.86015,1.13,1.50
2011.11.24 06:52:53.099,0.86006,0.86016,1.13,1.50
2011.11.24 06:52:53.586,0.86006,0.86014,1.13,1.50
2011.11.24 06:52:54.174,0.86006,0.86015,1.13,1.50
2011.11.24 06:52:54.896,0.86005,0.86015,3.38,1.50
2011.11.24 06:52:55.494,0.86004,0.86014,2.25,1.50
2011.11.24 06:52:56.217,0.86005,0.86015,2.25,1.50
2011.11.24 06:52:56.576,0.86009,0.86017,2.25,1.50
2011.11.24 06:52:56.701,0.86007,0.86017,1.88,3.00
2011.11.24 06:52:56.947,0.86007,0.86014,1.88,1.50
2011.11.24 06:52:57.186,0.86004,0.86014,2.25,1.50
2011.11.24 06:52:57.799,0.86003,0.86013,1.88,1.50
2011.11.24 06:52:58.284,0.86006,0.86013,1.13,1.50
2011.11.24 06:52:59.153,0.86006,0.86015,1.13,3.00
2011.11.24 06:53:00.916,0.86006,0.86016,1.13,1.50
2011.11.24 06:53:01.495,0.86009,0.86016,1.88,1.50
2011.11.24 06:53:01.619,0.86008,0.86016,1.88,1.50
2011.11.24 06:53:02.269,0.86009,0.86017,1.13,1.50
2011.11.24 06:53:02.401,0.86009,0.86015,1.13,1.50
2011.11.24 06:53:03.017,0.86009,0.86018,1.13,1.50
2011.11.24 06:53:03.275,0.86007,0.86016,1.13,1.50
2011.11.24 06:53:03.636,0.86011,0.86017,1.13,1.50
2011.11.24 06:53:03.998,0.86013,0.8602,1.13,1.50
2011.11.24 06:53:04.434,0.86011,0.8602,1.13,1.50
2011.11.24 06:53:04.686,0.86011,0.86017,1.13,1.50
2011.11.24 06:53:05.877,0.86011,0.8602,1.13,1.50
2011.11.24 06:53:06.122,0.86011,0.86018,1.13,1.50
2011.11.24 06:53:07.867,0.86011,0.86016,1.13,1.50
2011.11.24 06:53:08.541,0.8601,0.86017,1.13,1.50
2011.11.24 06:53:08.683,0.86007,0.86016,1.13,1.50
2011.11.24 06:53:09.052,0.86009,0.86018,1.13,1.50
2011.11.24 06:53:09.754,0.86009,0.86016,1.13,1.50
2011.11.24 06:53:11.165,0.86006,0.86016,4.13,1.50
2011.11.24 06:53:12.244,0.86006,0.86016,4.13,1.50
2011.11.24 06:53:12.802,0.86006,0.86016,4.13,1.50
2011.11.24 06:53:13.494,0.86007,0.86017,1.50,1.50
2011.11.24 06:53:15.223,0.86004,0.86009,2.25,1.50
2011.11.24 06:53:15.348,0.86002,0.86009,1.30,1.50
2011.11.24 06:53:15.469,0.85996,0.86007,1.50,1.50
2011.11.24 06:53:16.878,0.85995,0.86007,2.25,1.50
2011.11.24 06:53:17.480,0.85994,0.86004,2.25,1.50
2011.11.24 06:53:20.035,0.85995,0.86005,1.50,1.50
2011.11.24 06:53:20.627,0.85994,0.86004,1.50,1.50
2011.11.24 06:53:21.787,0.85995,0.86005,2.25,1.50
2011.11.24 06:53:22.513,0.85993,0.86005,2.25,1.50
2011.11.24 06:53:23.374,0.85991,0.86003,2.25,1.50
2011.11.24 06:53:23.513,0.8599,0.86002,2.25,1.50
2011.11.24 06:53:24.447,0.8599,0.86002,1.50,1.50
2011.11.24 06:53:26.066,0.85991,0.86003,1.50,2.25
2011.11.24 06:53:26.789,0.85991,0.86001,1.50,1.50
2011.11.24 06:53:29.741,0.85988,0.86005,2.25,2.25
2011.11.24 06:53:31.324,0.85987,0.86002,2.25,2.25
2011.11.24 06:53:31.809,0.85989,0.86006,1.50,3.00
2011.11.24 06:53:32.417,0.85988,0.86003,2.25,2.25
2011.11.24 06:53:35.349,0.85989,0.86004,1.50,2.25
2011.11.24 06:53:35.478,0.85988,0.86002,1.88,1.50
2011.11.24 06:53:37.585,0.85988,0.86003,3.38,1.50
2011.11.24 06:53:38.169,0.8599,0.86005,1.50,3.38
2011.11.24 06:53:38.301,0.85988,0.86005,3.57,3.38
2011.11.24 06:53:38.910,0.85989,0.86004,2.25,2.25
2011.11.24 06:53:39.042,0.85986,0.86003,3.00,2.25
2011.11.24 06:53:39.648,0.85985,0.86001,1.88,2.25
2011.11.24 06:53:41.752,0.85986,0.86002,1.88,2.25
2011.11.24 06:53:41.883,0.85986,0.85999,1.88,1.50
2011.11.24 06:53:43.714,0.85984,0.85999,3.38,1.50
2011.11.24 06:53:44.679,0.85986,0.85999,1.13,2.25
2011.11.24 06:53:44.809,0.85986,0.86002,1.88,2.25
2011.11.24 06:53:45.415,0.85986,0.86002,2.07,2.25
2011.11.24 06:53:45.659,0.85986,0.86,2.07,1.50
2011.11.24 06:53:46.184,0.85986,0.86,2.07,1.50
2011.11.24 06:53:46.763,0.85986,0.86,1.88,2.25
2011.11.24 06:53:47.126,0.85986,0.85998,1.88,1.50
2011.11.24 06:53:47.487,0.85983,0.85998,3.38,1.50
2011.11.24 06:53:49.578,0.85983,0.85998,1.13,2.25
2011.11.24 06:53:49.947,0.85983,0.85993,3.38,1.50
2011.11.24 06:53:52.496,0.85984,0.85993,1.13,1.50
2011.11.24 06:53:52.742,0.85984,0.85996,2.25,3.00
2011.11.24 06:53:52.872,0.85984,0.85996,2.25,1.50
2011.11.24 06:53:53.829,0.85985,0.85995,1.50,1.50
2011.11.24 06:53:54.385,0.85984,0.85996,2.25,1.50
2011.11.24 06:53:54.968,0.85984,0.85996,3.38,1.50
2011.11.24 06:53:55.448,0.85986,0.85998,1.50,1.50
2011.11.24 06:53:57.884,0.85986,0.85998,2.25,1.50
2011.11.24 06:53:58.704,0.85986,0.85998,1.50,1.50
2011.11.24 06:53:59.503,0.85986,0.85998,2.25,1.50
2011.11.24 06:53:59.860,0.85988,0.85998,2.25,1.50
2011.11.24 06:54:00.233,0.85987,0.85997,2.25,1.50
2011.11.24 06:54:01.151,0.85984,0.85996,2.25,1.50
2011.11.24 06:54:01.757,0.85983,0.85995,3.00,1.50
2011.11.24 06:54:02.579,0.85984,0.85996,1.50,1.50
2011.11.24 06:54:02.697,0.85984,0.85994,1.50,1.50
2011.11.24 06:54:03.463,0.85985,0.85995,1.50,1.50
2011.11.24 06:54:04.103,0.85987,0.85999,2.25,1.50
2011.11.24 06:54:04.599,0.85988,0.85998,1.50,1.50
2011.11.24 06:54:13.536,0.85988,0.85998,2.25,1.50
2011.11.24 06:54:14.124,0.85988,0.85998,2.25,1.50
2011.11.24 06:54:14.704,0.85987,0.85997,2.25,1.50
2011.11.24 06:54:14.830,0.85987,0.85999,2.25,1.50
2011.11.24 06:54:20.846,0.85987,0.85999,2.25,1.50
2011.11.24 06:54:21.470,0.85987,0.85999,2.25,1.50
2011.11.24 06:54:22.775,0.85987,0.85999,2.25,1.50
2011.11.24 06:54:22.898,0.85987,0.85999,2.25,1.50
2011.11.24 06:54:24.248,0.85989,0.86001,2.25,4.13
2011.11.24 06:54:24.843,0.85988,0.86,2.25,1.50
2011.11.24 06:54:25.434,0.85988,0.86,2.25,1.50
2011.11.24 06:54:26.039,0.85988,0.86,2.25,1.50
2011.11.24 06:54:26.525,0.85988,0.86,2.25,1.50
2011.11.24 06:54:26.763,0.85988,0.86,2.25,1.50
2011.11.24 06:54:27.714,0.85988,0.86,2.25,1.50
2011.11.24 06:54:28.196,0.85991,0.86001,2.25,1.50
2011.11.24 06:54:28.798,0.85991,0.86001,2.25,1.50
2011.11.24 06:54:29.734,0.85991,0.86001,2.25,1.50
2011.11.24 06:54:30.093,0.85991,0.86001,2.25,1.50
2011.11.24 06:54:30.216,0.85991,0.86003,2.25,1.50
2011.11.24 06:54:30.788,0.85991,0.86003,2.25,1.50
2011.11.24 06:54:31.444,0.85991,0.86003,2.25,2.63
2011.11.24 06:54:31.806,0.8599,0.86002,3.00,1.50
2011.11.24 06:54:32.530,0.85989,0.85999,2.25,1.50
2011.11.24 06:54:33.138,0.85988,0.86,2.25,1.50
2011.11.24 06:54:33.747,0.8599,0.86001,1.13,1.50
2011.11.24 06:54:34.107,0.85994,0.86004,1.50,1.50
2011.11.24 06:54:36.333,0.85995,0.86005,1.50,1.50
2011.11.24 06:54:37.660,0.85997,0.86007,1.50,1.50
2011.11.24 06:54:37.788,0.85998,0.8601,1.50,3.38
2011.11.24 06:54:37.912,0.85998,0.86007,1.50,1.13
2011.11.24 06:54:38.157,0.85998,0.86009,1.50,1.88
2011.11.24 06:54:38.757,0.85998,0.86008,1.50,2.25
2011.11.24 06:54:38.881,0.85996,0.86006,1.50,1.50
2011.11.24 06:54:39.582,0.85995,0.86007,1.50,3.38
2011.11.24 06:54:40.431,0.85995,0.86007,4.13,1.50
2011.11.24 06:54:41.039,0.85998,0.86008,1.50,1.50
2011.11.24 06:54:42.834,0.86,0.8601,1.50,1.50
2011.11.24 06:54:43.325,0.86003,0.86013,1.50,2.25
2011.11.24 06:54:43.572,0.86005,0.86015,1.50,1.50
2011.11.24 06:54:43.823,0.86003,0.86015,1.50,1.50
2011.11.24 06:54:44.070,0.86004,0.86016,2.25,1.50
2011.11.24 06:54:44.675,0.86006,0.86016,1.50,1.50
2011.11.24 06:54:46.002,0.86006,0.86018,2.25,1.50
2011.11.24 06:54:46.365,0.86008,0.8602,1.50,3.00
2011.11.24 06:54:47.927,0.8601,0.86021,1.13,2.25
2011.11.24 06:54:48.286,0.86011,0.86022,1.50,1.50
2011.11.24 06:54:49.425,0.8601,0.86022,1.50,2.25
2011.11.24 06:54:50.125,0.86011,0.86022,1.13,2.25
2011.11.24 06:54:50.245,0.86013,0.86023,1.50,2.25
2011.11.24 06:54:50.484,0.86013,0.86025,1.50,2.25
2011.11.24 06:54:51.356,0.86017,0.86027,1.50,2.25
2011.11.24 06:54:51.956,0.86016,0.86026,1.50,1.50
2011.11.24 06:54:52.799,0.86014,0.86024,1.50,1.50
2011.11.24 06:54:54.703,0.86016,0.86028,1.50,3.38
2011.11.24 06:54:54.945,0.86016,0.86026,1.50,3.38
2011.11.24 06:54:55.307,0.86014,0.86024,1.50,2.25
2011.11.24 06:54:55.665,0.86011,0.86021,1.50,1.50
2011.11.24 06:54:56.256,0.86011,0.86023,2.25,2.25
2011.11.24 06:54:56.617,0.86013,0.86025,1.50,2.25
2011.11.24 06:54:56.737,0.86013,0.86023,1.50,1.13
2011.11.24 06:54:57.326,0.86012,0.86023,1.50,1.13
2011.11.24 06:54:58.319,0.86014,0.86024,1.50,1.50
2011.11.24 06:54:58.932,0.86016,0.86028,1.50,2.63
2011.11.24 06:55:00.646,0.86016,0.86025,1.50,1.13
2011.11.24 06:55:02.110,0.86014,0.86025,1.50,1.50
2011.11.24 06:55:02.259,0.86017,0.86025,1.13,1.50
2011.11.24 06:55:02.510,0.86014,0.86024,2.63,1.50
2011.11.24 06:55:03.355,0.86014,0.86023,1.13,1.50
2011.11.24 06:55:03.475,0.86014,0.86025,1.13,1.50
2011.11.24 06:55:04.317,0.86014,0.86024,1.13,1.50
2011.11.24 06:55:04.435,0.86012,0.86024,2.25,1.50
2011.11.24 06:55:05.207,0.86013,0.86024,1.50,1.50
2011.11.24 06:55:05.759,0.86016,0.86026,1.50,1.50
2011.11.24 06:55:05.900,0.86012,0.86024,2.25,1.50
2011.11.24 06:55:06.507,0.86011,0.86021,2.25,1.50
2011.11.24 06:55:08.546,0.86011,0.86021,2.25,1.50
2011.11.24 06:55:08.673,0.86011,0.86023,3.00,1.50
2011.11.24 06:55:09.266,0.86014,0.86024,1.50,1.50
2011.11.24 06:55:10.943,0.86015,0.86027,2.25,1.50
2011.11.24 06:55:12.283,0.86015,0.86027,2.25,1.50
2011.11.24 06:55:12.862,0.86015,0.86027,2.25,1.50
2011.11.24 06:55:13.424,0.86015,0.86027,2.25,1.50
2011.11.24 06:55:14.331,0.86015,0.86027,2.25,1.50
2011.11.24 06:55:23.636,0.86015,0.86027,2.25,1.50
2011.11.24 06:55:24.554,0.86016,0.86028,2.25,1.50
2011.11.24 06:55:27.205,0.86016,0.86028,2.25,1.50
2011.11.24 06:55:27.326,0.86016,0.86026,2.25,1.13
2011.11.24 06:55:27.928,0.86018,0.86026,1.50,1.13
2011.11.24 06:55:28.298,0.86017,0.86029,2.25,1.50
2011.11.24 06:55:29.343,0.86019,0.86029,1.50,1.50
2011.11.24 06:55:30.287,0.86019,0.86029,2.25,1.50
2011.11.24 06:55:30.856,0.86021,0.86031,1.50,1.50
2011.11.24 06:55:32.626,0.86021,0.8603,1.50,1.13
2011.11.24 06:55:33.213,0.86018,0.8603,1.50,2.63
2011.11.24 06:55:33.338,0.86018,0.86028,1.50,2.63
2011.11.24 06:55:34.654,0.86019,0.86028,1.50,1.13
2011.11.24 06:55:35.067,0.86017,0.86027,2.25,1.13
2011.11.24 06:55:35.186,0.8602,0.86027,1.50,1.13
2011.11.24 06:55:35.429,0.86017,0.86027,1.50,1.13
2011.11.24 06:55:35.560,0.86018,0.86029,1.50,1.13
2011.11.24 06:55:36.166,0.86018,0.86028,1.50,1.50
2011.11.24 06:55:36.717,0.86018,0.8603,1.50,1.50
2011.11.24 06:55:37.685,0.86017,0.86029,1.50,1.50
2011.11.24 06:55:38.023,0.86019,0.86029,1.50,1.50
2011.11.24 06:55:38.386,0.86017,0.86023,2.25,2.25
2011.11.24 06:55:38.514,0.86019,0.86025,1.50,2.25
2011.11.24 06:55:38.642,0.86012,0.8602,3.75,1.13
2011.11.24 06:55:38.773,0.86012,0.86021,3.75,2.44
2011.11.24 06:55:39.020,0.86003,0.86013,1.50,1.50
2011.11.24 06:55:39.157,0.86,0.8601,3.00,1.50
2011.11.24 06:55:41.238,0.86001,0.86013,1.50,2.44
2011.11.24 06:55:41.717,0.86001,0.86011,1.50,1.50
2011.11.24 06:55:43.481,0.86002,0.86012,1.50,1.50
2011.11.24 06:55:44.439,0.86001,0.86011,1.50,1.50
2011.11.24 06:55:45.047,0.86002,0.86012,1.50,1.50
2011.11.24 06:55:48.277,0.86004,0.86014,1.50,1.50
2011.11.24 06:55:48.759,0.86004,0.86016,2.25,1.80
2011.11.24 06:55:49.367,0.86003,0.86015,2.25,1.50
2011.11.24 06:55:49.846,0.86002,0.86013,2.25,1.50
2011.11.24 06:55:50.576,0.86001,0.86011,2.25,1.50
2011.11.24 06:55:51.163,0.86001,0.86015,2.25,1.50
2011.11.24 06:55:51.778,0.86001,0.86016,2.25,2.55
2011.11.24 06:55:53.815,0.86003,0.86018,1.50,3.04
2011.11.24 06:55:54.404,0.86003,0.86018,1.50,2.85
2011.11.24 06:55:56.376,0.86001,0.86016,2.25,1.05
2011.11.24 06:55:56.502,0.86,0.86015,2.25,2.25
2011.11.24 06:55:57.230,0.86,0.86015,2.25,1.50
