2013.09.18 23:00:03.005,0.83777,0.83793,1.50,1.50
2013.09.18 23:00:03.544,0.83777,0.83794,1.50,1.50
2013.09.18 23:00:05.574,0.83776,0.83794,1.50,2.25
2013.09.18 23:00:06.220,0.83776,0.83793,1.50,1.50
2013.09.18 23:00:07.477,0.83776,0.83793,1.50,1.50
2013.09.18 23:00:08.029,0.83776,0.83792,1.50,1.50
2013.09.18 23:00:08.657,0.83775,0.83792,1.50,1.13
2013.09.18 23:00:09.269,0.83776,0.83792,2.25,1.88
2013.09.18 23:00:10.254,0.83776,0.83792,2.25,1.13
2013.09.18 23:00:18.544,0.83776,0.83792,2.25,1.50
2013.09.18 23:00:18.784,0.83776,0.83785,1.50,1.50
2013.09.18 23:00:18.904,0.83776,0.83789,1.50,1.13
2013.09.18 23:00:19.025,0.83776,0.83788,2.25,1.13
2013.09.18 23:00:23.444,0.83775,0.8379,1.50,1.13
2013.09.18 23:00:25.918,0.83775,0.8379,2.25,1.13
2013.09.18 23:00:26.225,0.83773,0.8379,3.38,1.88
2013.09.18 23:00:26.765,0.83773,0.83789,1.88,2.63
2013.09.18 23:00:27.305,0.83773,0.8379,1.88,3.75
2013.09.18 23:00:33.944,0.83773,0.83789,1.88,1.50
2013.09.18 23:00:40.825,0.83773,0.83788,1.88,2.25
2013.09.18 23:00:45.164,0.83777,0.83788,1.13,2.25
2013.09.18 23:00:45.285,0.83778,0.83791,1.13,1.50
2013.09.18 23:00:45.945,0.83776,0.83789,1.13,1.50
2013.09.18 23:00:49.044,0.83776,0.83791,1.13,2.25
2013.09.18 23:00:49.284,0.83776,0.83791,1.13,2.25
2013.09.18 23:00:51.434,0.83776,0.83792,2.63,1.88
2013.09.18 23:00:52.733,0.83776,0.83793,3.38,3.00
2013.09.18 23:00:55.254,0.83777,0.83793,1.50,1.13
2013.09.18 23:00:55.834,0.83776,0.83792,3.38,1.50
2013.09.18 23:00:59.066,0.83776,0.83792,2.63,1.88
2013.09.18 23:00:59.126,0.83775,0.8379,1.50,1.05
2013.09.18 23:00:59.245,0.83775,0.8379,1.50,1.43
2013.09.18 23:00:59.725,0.83777,0.83791,1.13,1.13
2013.09.18 23:00:59.785,0.83778,0.83792,1.13,1.50
2013.09.18 23:00:59.845,0.83778,0.83792,1.13,1.13
2013.09.18 23:00:59.965,0.8378,0.83796,1.13,1.88
2013.09.18 23:01:00.884,0.8378,0.83797,2.63,1.13
2013.09.18 23:01:00.958,0.83784,0.83797,1.50,1.13
2013.09.18 23:01:01.505,0.83783,0.83797,1.88,1.50
2013.09.18 23:01:02.164,0.83783,0.83797,2.25,1.50
2013.09.18 23:01:02.285,0.83782,0.83797,1.13,1.50
2013.09.18 23:01:02.467,0.83781,0.83796,1.50,1.50
2013.09.18 23:01:02.646,0.83778,0.83791,2.16,1.13
2013.09.18 23:01:03.066,0.83781,0.83796,1.13,1.13
2013.09.18 23:01:04.092,0.83781,0.83795,1.15,1.13
2013.09.18 23:01:04.634,0.8378,0.83793,1.13,1.88
2013.09.18 23:01:09.483,0.8378,0.83792,1.50,1.13
2013.09.18 23:01:24.394,0.83779,0.83791,1.60,1.13
2013.09.18 23:01:24.639,0.83777,0.8379,1.60,1.50
2013.09.18 23:01:25.184,0.83779,0.83791,1.50,1.13
2013.09.18 23:01:28.092,0.83779,0.83792,1.50,1.88
2013.09.18 23:01:32.144,0.8378,0.83792,1.50,1.50
2013.09.18 23:01:34.475,0.8378,0.83792,1.50,1.50
2013.09.18 23:01:35.014,0.83781,0.83793,1.50,1.88
2013.09.18 23:01:35.924,0.83781,0.83793,1.50,1.88
2013.09.18 23:01:46.374,0.83779,0.83794,1.69,1.13
2013.09.18 23:01:46.734,0.83779,0.83798,4.32,1.50
2013.09.18 23:01:47.292,0.8378,0.83799,1.50,1.88
2013.09.18 23:01:52.114,0.83784,0.83799,1.50,2.63
2013.09.18 23:02:00.541,0.83782,0.83798,1.50,3.00
2013.09.18 23:02:01.154,0.83782,0.83795,1.50,1.88
2013.09.18 23:02:01.220,0.83778,0.83793,1.22,1.88
2013.09.18 23:02:05.864,0.83778,0.83794,1.60,1.50
2013.09.18 23:02:06.568,0.83778,0.83795,1.50,2.25
2013.09.18 23:02:20.154,0.83779,0.83795,1.69,1.50
2013.09.18 23:02:34.124,0.83778,0.83795,1.79,2.25
2013.09.18 23:02:34.364,0.8378,0.83798,1.32,2.63
2013.09.18 23:02:34.904,0.8378,0.83797,1.41,1.50
2013.09.18 23:02:45.475,0.83785,0.83795,1.50,1.13
2013.09.18 23:02:48.955,0.83785,0.83795,1.50,2.63
2013.09.18 23:02:49.255,0.83782,0.83797,1.60,1.50
2013.09.18 23:02:49.763,0.83782,0.83798,1.60,1.88
2013.09.18 23:02:49.975,0.83782,0.83798,1.60,1.50
2013.09.18 23:02:50.515,0.83783,0.83799,1.60,3.38
2013.09.18 23:02:53.619,0.83784,0.838,1.88,2.25
2013.09.18 23:02:54.164,0.83786,0.83799,1.50,1.88
2013.09.18 23:02:54.706,0.83786,0.838,1.50,2.63
2013.09.18 23:02:55.254,0.83787,0.838,1.50,2.63
2013.09.18 23:02:56.108,0.83787,0.838,1.50,1.50
2013.09.18 23:02:56.465,0.83787,0.83801,1.60,1.13
2013.09.18 23:02:56.706,0.83787,0.83804,2.07,1.13
2013.09.18 23:02:57.234,0.83787,0.83804,2.07,1.13
2013.09.18 23:02:58.097,0.83791,0.83805,1.13,1.50
2013.09.18 23:02:58.158,0.8379,0.83807,1.52,3.38
2013.09.18 23:02:58.277,0.8379,0.83807,1.52,2.63
2013.09.18 23:02:59.224,0.83793,0.83809,1.13,1.50
2013.09.18 23:03:01.435,0.83791,0.83809,1.52,2.25
2013.09.18 23:03:01.974,0.83792,0.83809,1.13,7.50
2013.09.18 23:03:02.514,0.83792,0.83809,1.15,4.50
2013.09.18 23:03:04.364,0.83792,0.83809,1.90,4.88
2013.09.18 23:03:12.656,0.83794,0.83809,1.15,2.25
2013.09.18 23:03:15.514,0.83794,0.83809,1.90,2.25
2013.09.18 23:03:18.414,0.83794,0.83809,1.90,3.00
2013.09.18 23:03:19.874,0.83797,0.83808,1.50,1.50
2013.09.18 23:03:20.834,0.83797,0.83808,1.50,1.50
2013.09.18 23:03:21.855,0.83797,0.83809,1.50,2.25
2013.09.18 23:03:22.531,0.83797,0.83809,1.50,3.38
2013.09.18 23:03:49.727,0.83797,0.83809,1.50,2.63
2013.09.18 23:03:50.204,0.83797,0.8381,1.50,2.63
2013.09.18 23:03:50.999,0.83796,0.8381,1.52,1.50
2013.09.18 23:03:56.089,0.83798,0.8381,1.50,1.50
2013.09.18 23:03:57.254,0.83798,0.83812,1.50,3.00
2013.09.18 23:03:57.885,0.83798,0.83812,1.50,2.25
2013.09.18 23:04:01.894,0.83797,0.83811,1.52,1.13
2013.09.18 23:04:02.195,0.83798,0.8381,1.50,1.50
2013.09.18 23:04:02.435,0.83796,0.83811,1.90,1.50
2013.09.18 23:04:06.184,0.83796,0.8381,1.90,1.50
2013.09.18 23:04:06.425,0.83796,0.83811,1.90,3.00
2013.09.18 23:04:07.079,0.83798,0.83811,1.50,1.50
2013.09.18 23:04:15.725,0.83798,0.8381,1.50,1.50
2013.09.18 23:04:15.844,0.83798,0.8381,1.50,3.75
2013.09.18 23:04:16.084,0.83798,0.8381,1.50,3.75
2013.09.18 23:04:16.394,0.83798,0.8381,1.50,4.13
2013.09.18 23:04:16.754,0.83798,0.8381,1.50,3.75
2013.09.18 23:04:16.874,0.83798,0.8381,1.50,4.13
2013.09.18 23:04:17.174,0.83797,0.8381,1.52,3.75
2013.09.18 23:04:17.420,0.83798,0.8381,1.50,4.13
2013.09.18 23:04:17.605,0.83797,0.83809,1.52,1.13
2013.09.18 23:04:17.844,0.83798,0.8381,1.50,4.13
2013.09.18 23:04:18.205,0.83798,0.8381,1.50,3.00
2013.09.18 23:04:18.385,0.83798,0.83809,1.50,1.13
2013.09.18 23:04:18.624,0.83798,0.83809,1.50,1.13
2013.09.18 23:04:18.925,0.83798,0.83809,1.50,1.13
2013.09.18 23:04:19.165,0.83798,0.8381,1.50,3.75
2013.09.18 23:04:19.404,0.83798,0.8381,1.50,4.13
2013.09.18 23:04:19.705,0.83798,0.8381,1.50,3.00
2013.09.18 23:04:19.824,0.83798,0.8381,1.50,4.13
2013.09.18 23:04:20.134,0.83798,0.8381,1.50,3.75
2013.09.18 23:04:20.435,0.83798,0.8381,1.50,2.25
2013.09.18 23:04:20.554,0.838,0.83814,1.50,3.38
2013.09.18 23:04:20.735,0.838,0.83816,1.50,2.67
2013.09.18 23:04:21.396,0.838,0.83816,1.50,1.92
2013.09.18 23:04:23.685,0.83803,0.83816,1.50,4.17
2013.09.18 23:04:27.885,0.83802,0.83813,1.50,1.13
2013.09.18 23:04:27.945,0.838,0.83813,1.50,1.13
2013.09.18 23:04:28.064,0.838,0.83811,1.50,1.13
2013.09.18 23:04:30.463,0.838,0.83811,1.50,1.13
2013.09.18 23:04:32.979,0.838,0.83811,1.50,1.13
2013.09.18 23:04:33.058,0.83803,0.83812,1.50,1.13
2013.09.18 23:04:33.246,0.83803,0.83812,1.50,1.13
2013.09.18 23:04:35.140,0.83803,0.83814,1.50,1.13
2013.09.18 23:04:36.528,0.83803,0.83814,1.50,2.63
2013.09.18 23:04:36.594,0.83804,0.83814,1.50,1.88
2013.09.18 23:04:39.145,0.83805,0.83815,1.50,1.13
2013.09.18 23:04:39.688,0.83805,0.83815,1.50,1.13
2013.09.18 23:04:40.027,0.83804,0.83814,1.50,1.13
2013.09.18 23:04:46.665,0.83803,0.83814,1.50,1.13
2013.09.18 23:04:46.964,0.838,0.83814,1.52,4.88
2013.09.18 23:04:47.385,0.838,0.83814,1.50,5.63
2013.09.18 23:04:48.148,0.83799,0.83811,1.50,1.13
2013.09.18 23:04:50.814,0.838,0.83811,1.50,1.13
2013.09.18 23:04:53.755,0.83802,0.83812,1.50,1.88
2013.09.18 23:04:53.994,0.83802,0.83811,1.50,1.13
2013.09.18 23:04:54.114,0.838,0.83811,1.50,1.88
2013.09.18 23:05:17.095,0.83799,0.83811,1.50,1.88
2013.09.18 23:05:17.736,0.838,0.83807,1.50,1.13
2013.09.18 23:05:21.576,0.838,0.83808,1.50,1.13
2013.09.18 23:05:22.138,0.838,0.8381,1.50,1.13
2013.09.18 23:05:25.055,0.838,0.83811,1.50,1.13
2013.09.18 23:05:25.115,0.838,0.83811,1.50,1.13
2013.09.18 23:05:25.236,0.83802,0.83814,1.50,1.13
2013.09.18 23:05:25.476,0.83803,0.83815,1.50,1.88
2013.09.18 23:05:26.746,0.83804,0.83815,1.50,1.88
2013.09.18 23:05:27.346,0.83803,0.83815,1.88,1.50
2013.09.18 23:05:27.465,0.83809,0.8382,1.50,4.17
2013.09.18 23:05:27.646,0.83809,0.8382,1.50,4.17
2013.09.18 23:05:28.066,0.83803,0.83815,1.13,1.88
2013.09.18 23:05:29.026,0.83805,0.83815,1.13,2.25
2013.09.18 23:05:29.085,0.83805,0.83815,1.13,1.50
2013.09.18 23:05:29.145,0.83805,0.83818,1.13,1.13
2013.09.18 23:05:29.324,0.83804,0.83818,2.25,1.13
2013.09.18 23:05:30.084,0.83804,0.83818,2.25,1.13
2013.09.18 23:05:31.151,0.83805,0.8382,1.88,2.67
2013.09.18 23:05:32.266,0.83806,0.83821,1.50,4.17
2013.09.18 23:05:35.368,0.83809,0.83819,1.50,1.88
2013.09.18 23:05:36.875,0.83808,0.83819,1.50,1.88
2013.09.18 23:05:36.935,0.83807,0.83818,1.50,1.13
2013.09.18 23:05:37.116,0.83805,0.83817,1.50,1.13
2013.09.18 23:05:37.479,0.83799,0.83814,1.88,1.13
2013.09.18 23:05:41.324,0.838,0.83814,1.51,1.88
2013.09.18 23:05:45.129,0.838,0.83812,1.51,1.13
2013.09.18 23:05:47.661,0.83799,0.83812,1.51,1.88
2013.09.18 23:05:50.851,0.83796,0.83812,1.13,1.13
2013.09.18 23:05:59.326,0.83797,0.83812,1.51,1.88
2013.09.18 23:06:00.645,0.83797,0.83812,1.51,1.88
2013.09.18 23:06:01.184,0.83795,0.8381,1.13,2.63
2013.09.18 23:06:04.455,0.83795,0.8381,1.50,2.54
2013.09.18 23:06:05.741,0.83795,0.8381,1.50,1.13
2013.09.18 23:06:05.812,0.83792,0.83807,1.13,1.13
2013.09.18 23:06:06.116,0.83788,0.83805,1.50,1.88
2013.09.18 23:06:06.478,0.83788,0.83803,1.50,1.13
2013.09.18 23:06:06.596,0.83788,0.83802,1.13,1.88
2013.09.18 23:06:07.915,0.83788,0.83802,1.13,1.13
2013.09.18 23:06:14.085,0.83787,0.83802,1.88,1.88
2013.09.18 23:06:14.205,0.83787,0.83802,1.88,1.88
2013.09.18 23:06:14.447,0.83785,0.838,1.50,1.13
2013.09.18 23:06:14.984,0.83784,0.838,1.50,1.88
2013.09.18 23:06:18.247,0.83785,0.838,1.50,2.63
2013.09.18 23:06:19.255,0.83785,0.838,1.50,1.88
2013.09.18 23:06:19.496,0.83786,0.838,1.13,1.13
2013.09.18 23:06:19.735,0.83785,0.838,1.50,2.63
2013.09.18 23:06:20.036,0.83785,0.83799,1.50,1.13
2013.09.18 23:06:22.959,0.83785,0.83799,1.50,1.13
2013.09.18 23:06:23.208,0.83785,0.838,1.50,4.13
2013.09.18 23:06:23.529,0.83785,0.83799,1.50,1.13
2013.09.18 23:06:38.084,0.83785,0.83799,1.50,1.13
2013.09.18 23:06:41.017,0.83785,0.838,1.50,4.88
2013.09.18 23:06:56.905,0.83785,0.838,1.50,1.88
2013.09.18 23:06:57.874,0.83789,0.83805,1.50,2.63
2013.09.18 23:07:00.055,0.83791,0.83802,1.50,1.13
2013.09.18 23:07:00.595,0.83791,0.83802,1.50,1.13
2013.09.18 23:07:01.164,0.83791,0.83802,1.50,1.13
2013.09.18 23:07:01.704,0.83791,0.83801,1.50,1.13
2013.09.18 23:07:02.735,0.83791,0.83802,1.50,1.13
2013.09.18 23:07:03.267,0.83791,0.83802,1.50,1.13
2013.09.18 23:07:03.795,0.83792,0.83802,1.50,1.13
2013.09.18 23:07:04.837,0.83793,0.83802,1.50,1.13
2013.09.18 23:07:18.905,0.83793,0.83802,1.50,1.13
2013.09.18 23:07:20.088,0.83793,0.83802,3.00,1.13
2013.09.18 23:07:20.208,0.83793,0.83805,3.00,1.88
2013.09.18 23:07:20.328,0.83796,0.83807,2.25,1.13
2013.09.18 23:07:20.446,0.83796,0.83807,2.25,1.13
2013.09.18 23:07:20.998,0.83796,0.8381,2.25,1.88
2013.09.18 23:07:24.194,0.83796,0.83811,3.00,1.13
2013.09.18 23:07:37.716,0.83795,0.8381,1.50,1.13
2013.09.18 23:07:37.836,0.83795,0.83812,1.50,4.88
2013.09.18 23:07:38.027,0.83794,0.8381,1.50,1.88
2013.09.18 23:07:38.445,0.83797,0.83811,1.50,1.50
2013.09.18 23:07:43.467,0.83797,0.83812,1.50,3.00
2013.09.18 23:07:45.185,0.83797,0.83812,1.50,2.25
2013.09.18 23:07:51.724,0.83798,0.83816,1.88,3.38
2013.09.18 23:07:52.865,0.83801,0.83816,1.50,1.13
2013.09.18 23:07:52.925,0.83799,0.83813,2.63,1.88
2013.09.18 23:07:54.415,0.83799,0.83813,1.50,1.88
2013.09.18 23:07:55.061,0.83799,0.83813,1.50,1.88
2013.09.18 23:07:55.866,0.83799,0.83813,1.50,1.50
2013.09.18 23:07:55.925,0.83802,0.83813,1.50,1.50
2013.09.18 23:07:56.284,0.83802,0.83813,1.50,1.88
2013.09.18 23:08:10.015,0.83799,0.83813,1.13,2.63
2013.09.18 23:08:10.075,0.83798,0.83812,1.13,1.50
2013.09.18 23:08:10.495,0.83798,0.83812,1.88,1.50
2013.09.18 23:08:10.617,0.83798,0.83813,1.13,1.88
2013.09.18 23:08:11.165,0.83798,0.83813,1.13,1.88
2013.09.18 23:08:13.105,0.83798,0.83813,1.13,1.88
2013.09.18 23:08:13.225,0.83797,0.83812,1.13,2.25
2013.09.18 23:08:13.945,0.83796,0.83811,1.50,1.88
2013.09.18 23:08:14.250,0.83793,0.8381,1.88,2.63
2013.09.18 23:08:14.919,0.83793,0.8381,1.13,2.63
2013.09.18 23:08:17.085,0.83795,0.8381,1.88,2.63
2013.09.18 23:08:17.205,0.83798,0.8381,1.13,2.25
2013.09.18 23:08:17.625,0.83799,0.83813,3.00,1.13
2013.09.18 23:08:18.046,0.838,0.83813,1.13,1.13
2013.09.18 23:08:18.225,0.83801,0.83815,1.13,1.88
2013.09.18 23:08:19.956,0.83802,0.83815,1.50,3.38
2013.09.18 23:08:20.135,0.83799,0.83813,1.50,1.50
2013.09.18 23:08:20.195,0.83798,0.83814,2.63,2.25
2013.09.18 23:08:20.315,0.83798,0.83813,1.13,1.88
2013.09.18 23:08:20.375,0.83798,0.83813,1.13,2.63
2013.09.18 23:08:27.891,0.83796,0.83809,3.00,1.13
2013.09.18 23:08:27.957,0.83796,0.83808,2.25,1.13
2013.09.18 23:08:28.137,0.83794,0.83808,1.88,1.13
2013.09.18 23:08:28.378,0.83797,0.8381,1.13,1.13
2013.09.18 23:08:28.737,0.83798,0.83813,1.88,3.38
2013.09.18 23:08:29.415,0.83799,0.83813,1.50,1.88
2013.09.18 23:08:34.797,0.83798,0.83807,1.88,1.13
2013.09.18 23:08:34.987,0.83794,0.83807,2.25,1.88
2013.09.18 23:08:35.525,0.83792,0.83807,1.13,1.88
2013.09.18 23:08:36.005,0.83794,0.83809,1.50,1.13
2013.09.18 23:08:37.466,0.83795,0.8381,1.13,2.63
2013.09.18 23:08:38.026,0.83796,0.8381,1.13,2.63
2013.09.18 23:08:41.515,0.83793,0.83808,1.50,1.88
2013.09.18 23:08:42.285,0.83794,0.83808,1.13,1.88
2013.09.18 23:08:44.231,0.83794,0.83808,1.13,2.63
2013.09.18 23:08:45.915,0.83794,0.83808,1.13,2.63
2013.09.18 23:08:52.615,0.83795,0.83808,1.13,2.63
2013.09.18 23:08:53.156,0.83796,0.83811,1.13,1.13
2013.09.18 23:08:53.515,0.83797,0.83811,1.13,1.13
2013.09.18 23:08:54.055,0.83797,0.8381,1.50,1.88
2013.09.18 23:08:55.485,0.83795,0.83808,1.50,1.13
2013.09.18 23:08:55.788,0.83794,0.8381,1.13,2.63
2013.09.18 23:08:57.165,0.83794,0.83807,1.13,1.50
2013.09.18 23:08:59.896,0.83793,0.83807,1.13,1.50
2013.09.18 23:09:32.456,0.83792,0.83806,2.25,1.13
2013.09.18 23:09:39.947,0.83796,0.8381,1.13,1.88
2013.09.18 23:09:40.006,0.83797,0.83811,1.13,1.88
2013.09.18 23:09:40.366,0.83798,0.83812,1.13,1.50
2013.09.18 23:09:41.771,0.83798,0.83813,1.13,1.88
2013.09.18 23:09:42.776,0.83798,0.83813,1.13,1.88
2013.09.18 23:09:44.645,0.83798,0.83813,1.13,1.88
2013.09.18 23:09:45.978,0.83798,0.83813,1.88,2.63
2013.09.18 23:09:46.155,0.83799,0.83813,1.50,2.63
2013.09.18 23:10:03.635,0.83799,0.83813,3.38,1.88
2013.09.18 23:10:12.887,0.83804,0.83813,1.50,1.13
2013.09.18 23:10:13.493,0.83804,0.83811,1.50,1.13
2013.09.18 23:10:15.936,0.83804,0.83813,1.50,1.88
2013.09.18 23:10:16.496,0.83804,0.83813,1.50,1.88
2013.09.18 23:10:28.067,0.83804,0.83813,1.50,1.88
2013.09.18 23:10:31.266,0.83804,0.83813,1.50,1.88
2013.09.18 23:10:51.406,0.83803,0.83813,1.50,2.63
2013.09.18 23:10:53.286,0.83803,0.83813,1.50,2.63
2013.09.18 23:10:55.098,0.83803,0.83813,1.50,2.63
2013.09.18 23:10:55.636,0.83802,0.83813,1.50,2.63
2013.09.18 23:10:58.136,0.83801,0.83812,1.50,1.13
2013.09.18 23:10:58.496,0.83801,0.83813,1.50,2.63
2013.09.18 23:11:06.097,0.83803,0.83815,1.50,2.63
2013.09.18 23:11:07.416,0.83803,0.83815,1.50,1.50
2013.09.18 23:11:07.966,0.83803,0.83815,1.50,1.50
2013.09.18 23:11:08.737,0.83803,0.83815,1.50,1.50
2013.09.18 23:11:10.576,0.83801,0.83814,1.50,1.50
2013.09.18 23:11:10.696,0.838,0.83814,1.50,4.50
2013.09.18 23:11:10.876,0.838,0.83813,1.50,1.13
2013.09.18 23:11:11.417,0.83795,0.8381,2.63,2.25
2013.09.18 23:11:11.606,0.83795,0.83809,1.88,2.25
2013.09.18 23:11:12.531,0.83795,0.83809,1.88,3.75
2013.09.18 23:11:13.615,0.83795,0.83809,2.63,3.75
2013.09.18 23:11:14.206,0.83795,0.83809,2.25,3.75
2013.09.18 23:11:14.768,0.83795,0.83809,2.25,3.75
2013.09.18 23:11:16.174,0.83795,0.83809,2.25,3.75
2013.09.18 23:11:18.947,0.83797,0.83811,2.63,3.00
2013.09.18 23:11:19.190,0.83797,0.8381,1.88,1.50
2013.09.18 23:11:43.168,0.83797,0.8381,1.88,3.38
2013.09.18 23:11:43.826,0.838,0.83811,1.88,1.13
2013.09.18 23:11:45.216,0.83801,0.83812,1.50,1.50
2013.09.18 23:11:47.428,0.83801,0.83811,1.50,1.88
2013.09.18 23:11:50.336,0.83801,0.83811,1.50,3.38
2013.09.18 23:11:50.456,0.83801,0.83811,1.50,3.38
2013.09.18 23:11:51.115,0.83801,0.8381,1.50,1.50
2013.09.18 23:11:53.597,0.838,0.83811,1.13,1.50
2013.09.18 23:12:04.356,0.838,0.8381,1.88,1.50
2013.09.18 23:12:05.905,0.838,0.83811,1.13,3.75
2013.09.18 23:12:13.695,0.838,0.8381,1.50,1.50
2013.09.18 23:12:16.365,0.83798,0.83811,1.50,3.75
2013.09.18 23:12:19.469,0.83798,0.8381,1.50,1.50
2013.09.18 23:12:19.766,0.83797,0.83809,1.50,1.50
2013.09.18 23:12:22.076,0.83798,0.83808,1.50,1.50
2013.09.18 23:12:31.955,0.83798,0.83809,1.50,1.50
2013.09.18 23:12:32.496,0.83798,0.8381,2.25,4.13
2013.09.18 23:12:32.796,0.83799,0.83811,1.50,3.00
2013.09.18 23:12:33.335,0.83797,0.83812,3.00,1.50
2013.09.18 23:12:33.871,0.83797,0.83812,3.75,1.50
2013.09.18 23:12:37.862,0.838,0.83811,1.50,1.50
2013.09.18 23:12:38.396,0.838,0.8381,1.50,1.50
2013.09.18 23:12:46.085,0.838,0.8381,1.50,1.50
2013.09.18 23:12:46.735,0.838,0.83812,1.50,1.50
2013.09.18 23:12:57.856,0.838,0.83811,1.50,1.13
2013.09.18 23:12:59.896,0.83801,0.83811,1.50,1.13
2013.09.18 23:13:00.559,0.83802,0.83812,1.50,1.13
2013.09.18 23:13:02.236,0.83802,0.83812,1.50,1.13
2013.09.18 23:13:03.749,0.83802,0.83812,1.50,1.13
2013.09.18 23:13:09.608,0.83802,0.83812,1.50,1.13
2013.09.18 23:13:09.847,0.83803,0.83815,1.50,1.88
2013.09.18 23:13:10.026,0.83806,0.83815,1.50,1.88
2013.09.18 23:13:10.566,0.83807,0.83815,1.50,1.88
2013.09.18 23:13:12.586,0.83807,0.83815,1.50,1.88
2013.09.18 23:13:13.882,0.83807,0.83815,1.50,1.88
2013.09.18 23:13:16.320,0.83805,0.83815,1.50,1.13
2013.09.18 23:13:16.747,0.83805,0.83813,1.50,1.13
2013.09.18 23:13:17.426,0.83805,0.83814,1.50,2.25
2013.09.18 23:13:18.505,0.83806,0.83815,1.50,4.13
2013.09.18 23:13:20.207,0.83806,0.83815,1.50,4.13
2013.09.18 23:13:24.596,0.83806,0.83815,1.50,2.63
2013.09.18 23:13:40.077,0.83805,0.83814,1.50,1.13
2013.09.18 23:13:50.236,0.83802,0.83816,2.25,2.25
2013.09.18 23:13:50.416,0.83807,0.83817,1.50,1.50
2013.09.18 23:13:51.716,0.83807,0.83817,1.50,1.50
2013.09.18 23:13:53.856,0.83807,0.83817,1.50,1.50
2013.09.18 23:13:55.856,0.83807,0.83819,1.50,1.88
2013.09.18 23:13:56.549,0.83807,0.83819,1.50,2.63
2013.09.18 23:14:03.606,0.83807,0.83819,1.50,2.63
2013.09.18 23:14:04.047,0.83807,0.83818,1.50,1.50
2013.09.18 23:14:07.155,0.83808,0.83819,1.50,2.63
2013.09.18 23:14:09.127,0.83808,0.83819,1.50,3.38
2013.09.18 23:14:09.647,0.83808,0.83815,1.50,1.50
2013.09.18 23:14:16.756,0.83807,0.83814,1.50,1.50
2013.09.18 23:14:17.469,0.83808,0.83815,1.50,1.50
2013.09.18 23:14:23.306,0.83809,0.83816,1.50,1.50
2013.09.18 23:14:29.737,0.83809,0.83817,1.50,1.50
2013.09.18 23:14:29.796,0.83809,0.83818,1.50,1.50
2013.09.18 23:14:29.916,0.83808,0.83815,1.50,1.50
2013.09.18 23:14:30.786,0.83808,0.83815,1.50,1.50
2013.09.18 23:14:41.941,0.83809,0.83818,1.50,1.50
2013.09.18 23:14:42.006,0.83809,0.83818,1.50,1.50
2013.09.18 23:14:50.936,0.8381,0.83818,1.50,1.50
2013.09.18 23:15:00.825,0.83813,0.8382,1.50,1.88
2013.09.18 23:15:03.676,0.83812,0.8382,1.50,1.13
2013.09.18 23:15:10.116,0.83812,0.83821,1.50,2.25
2013.09.18 23:15:10.238,0.83812,0.83824,1.50,1.88
2013.09.18 23:15:12.897,0.83813,0.83826,1.50,1.50
2013.09.18 23:15:13.726,0.83813,0.83826,1.50,1.50
2013.09.18 23:15:14.986,0.83813,0.83826,1.50,1.50
2013.09.18 23:15:15.571,0.83812,0.83824,1.50,1.13
2013.09.18 23:15:15.697,0.83811,0.83821,3.00,1.13
2013.09.18 23:15:26.676,0.83813,0.83821,1.50,1.50
2013.09.18 23:15:27.747,0.83813,0.83821,1.50,1.50
2013.09.18 23:15:35.928,0.83813,0.83822,1.50,2.63
2013.09.18 23:15:36.851,0.83813,0.83821,1.50,1.13
2013.09.18 23:15:38.976,0.83813,0.83821,1.50,1.50
2013.09.18 23:15:43.299,0.83813,0.83821,1.50,1.13
2013.09.18 23:15:57.487,0.83812,0.83822,2.25,2.25
2013.09.18 23:15:58.026,0.83813,0.83821,1.50,1.13
2013.09.18 23:15:58.786,0.83813,0.83821,1.50,1.13
2013.09.18 23:16:21.529,0.83813,0.83821,1.50,1.13
2013.09.18 23:16:22.066,0.83812,0.83821,1.50,1.50
2013.09.18 23:16:22.838,0.83812,0.83821,1.50,1.50
2013.09.18 23:16:25.506,0.83814,0.83821,1.50,1.50
2013.09.18 23:16:26.266,0.83814,0.83821,1.50,1.50
2013.09.18 23:16:27.327,0.83814,0.83821,1.50,1.50
2013.09.18 23:16:27.866,0.83811,0.83821,1.50,1.13
2013.09.18 23:16:28.406,0.83811,0.83821,1.50,1.13
2013.09.18 23:16:29.379,0.83811,0.83821,1.50,1.50
2013.09.18 23:16:34.945,0.83811,0.83821,1.50,1.50
2013.09.18 23:16:35.626,0.83811,0.83821,1.50,1.50
2013.09.18 23:16:36.704,0.83811,0.83821,1.50,1.50
2013.09.18 23:16:52.227,0.83812,0.83821,1.50,1.13
2013.09.18 23:17:16.136,0.83812,0.83821,1.50,1.50
2013.09.18 23:17:19.664,0.83812,0.83821,1.50,1.50
2013.09.18 23:17:29.401,0.8381,0.83821,1.50,1.50
2013.09.18 23:18:17.807,0.83813,0.83821,1.50,1.50
2013.09.18 23:18:47.441,0.83811,0.8382,1.50,1.50
2013.09.18 23:18:52.947,0.83812,0.8382,1.50,1.50
2013.09.18 23:18:53.006,0.83812,0.83821,1.50,1.50
2013.09.18 23:19:08.027,0.83812,0.83821,1.50,1.50
2013.09.18 23:19:08.147,0.8381,0.83819,1.50,1.50
2013.09.18 23:19:08.206,0.8381,0.83817,1.50,1.50
2013.09.18 23:19:08.746,0.8381,0.83817,1.50,1.50
2013.09.18 23:19:10.366,0.8381,0.83816,1.50,2.25
2013.09.18 23:19:10.427,0.83807,0.83816,1.50,1.50
2013.09.18 23:19:10.847,0.8381,0.83816,1.50,1.88
2013.09.18 23:19:11.027,0.8381,0.83817,1.50,1.88
2013.09.18 23:19:11.643,0.83807,0.83817,1.88,1.50
2013.09.18 23:19:15.546,0.83807,0.83816,2.25,1.50
2013.09.18 23:19:16.110,0.83807,0.83815,2.25,2.25
2013.09.18 23:19:34.616,0.83807,0.83815,2.63,1.50
2013.09.18 23:19:34.737,0.83807,0.83818,1.88,1.50
2013.09.18 23:19:34.976,0.83807,0.83818,1.88,1.50
2013.09.18 23:19:49.466,0.83812,0.83822,1.88,2.25
2013.09.18 23:19:50.281,0.83812,0.83823,1.88,2.25
2013.09.18 23:19:50.796,0.83812,0.83823,1.88,3.00
2013.09.18 23:19:52.007,0.83812,0.83823,1.88,3.75
2013.09.18 23:20:01.487,0.83812,0.83823,1.88,2.25
2013.09.18 23:20:04.397,0.83812,0.83823,1.13,2.25
2013.09.18 23:20:06.977,0.83812,0.83822,1.13,1.50
2013.09.18 23:20:07.036,0.83811,0.83822,1.13,1.50
2013.09.18 23:20:19.399,0.83812,0.83822,1.88,2.25
2013.09.18 23:20:19.577,0.83812,0.83824,1.88,2.63
2013.09.18 23:20:20.211,0.83813,0.83824,1.50,1.88
2013.09.18 23:20:21.887,0.83813,0.83823,1.50,1.50
2013.09.18 23:20:22.866,0.83813,0.83824,1.50,1.88
2013.09.18 23:20:25.536,0.83813,0.83824,1.50,1.88
2013.09.18 23:21:11.267,0.83813,0.83824,1.50,1.88
2013.09.18 23:21:13.026,0.83813,0.83824,1.50,1.88
2013.09.18 23:21:22.386,0.83812,0.83824,1.13,1.13
2013.09.18 23:21:24.027,0.83813,0.83825,1.50,1.13
2013.09.18 23:21:33.298,0.83812,0.83824,1.88,1.13
2013.09.18 23:21:33.418,0.83812,0.83824,1.88,1.13
2013.09.18 23:21:34.146,0.83812,0.83824,1.88,1.88
2013.09.18 23:21:37.067,0.83812,0.83822,1.13,1.50
2013.09.18 23:21:38.158,0.83812,0.83822,1.13,1.50
2013.09.18 23:21:38.692,0.83812,0.83822,1.13,1.50
2013.09.18 23:21:41.797,0.83812,0.83823,1.88,1.50
2013.09.18 23:22:00.107,0.83812,0.83824,1.88,3.00
2013.09.18 23:22:00.636,0.83812,0.83823,1.88,1.50
2013.09.18 23:22:01.207,0.83812,0.83824,1.88,2.25
2013.09.18 23:22:01.749,0.83812,0.83823,2.63,1.50
2013.09.18 23:22:20.984,0.83812,0.83823,1.88,1.50
2013.09.18 23:22:33.864,0.83812,0.83822,1.13,1.13
2013.09.18 23:22:56.773,0.83812,0.83822,1.88,1.13
2013.09.18 23:23:01.275,0.83812,0.83822,1.13,1.13
2013.09.18 23:23:18.337,0.83812,0.83822,1.13,1.13
2013.09.18 23:23:31.427,0.83812,0.83824,1.13,1.50
2013.09.18 23:23:34.751,0.83812,0.83822,1.13,1.13
2013.09.18 23:23:34.998,0.83812,0.8382,1.13,1.88
2013.09.18 23:23:35.059,0.83811,0.83821,1.13,1.88
2013.09.18 23:23:37.057,0.83812,0.83821,1.13,2.63
2013.09.18 23:23:37.587,0.83812,0.83821,1.13,1.50
2013.09.18 23:23:44.599,0.83811,0.83821,1.50,1.88
2013.09.18 23:23:44.656,0.83811,0.83821,1.50,2.25
2013.09.18 23:23:45.217,0.8381,0.8382,1.50,2.25
2013.09.18 23:23:47.507,0.8381,0.83819,1.50,1.50
2013.09.18 23:23:59.253,0.8381,0.83819,1.50,1.13
2013.09.18 23:24:04.659,0.8381,0.83819,1.50,1.13
2013.09.18 23:24:05.260,0.8381,0.8382,1.50,3.00
2013.09.18 23:24:09.518,0.8381,0.8382,1.50,3.00
2013.09.18 23:24:09.638,0.8381,0.8382,1.50,3.00
2013.09.18 23:24:20.011,0.8381,0.83818,1.50,1.13
2013.09.18 23:24:25.837,0.83807,0.83818,2.25,1.50
2013.09.18 23:24:25.958,0.83806,0.83816,1.50,1.13
2013.09.18 23:24:29.127,0.83806,0.83816,1.50,1.88
2013.09.18 23:24:30.735,0.83806,0.83816,2.25,1.13
2013.09.18 23:24:33.792,0.83806,0.83816,2.25,1.50
2013.09.18 23:24:33.857,0.83806,0.83816,1.50,1.50
2013.09.18 23:24:34.038,0.83805,0.83814,1.50,1.13
2013.09.18 23:24:35.522,0.83805,0.83813,1.50,1.13
2013.09.18 23:24:35.710,0.83804,0.8381,1.50,1.13
2013.09.18 23:24:35.898,0.83798,0.8381,1.13,1.50
2013.09.18 23:24:35.958,0.83798,0.8381,1.88,2.63
2013.09.18 23:24:36.318,0.83798,0.83809,1.13,1.13
2013.09.18 23:24:36.557,0.83798,0.83809,1.13,1.13
2013.09.18 23:24:40.573,0.838,0.8381,2.25,2.63
2013.09.18 23:24:40.700,0.83801,0.83811,1.50,1.13
2013.09.18 23:24:48.898,0.83801,0.83811,2.25,1.88
2013.09.18 23:24:49.017,0.83799,0.83811,3.38,1.88
2013.09.18 23:24:50.671,0.838,0.83811,1.50,1.88
2013.09.18 23:24:50.978,0.83803,0.83814,2.25,1.88
2013.09.18 23:24:51.650,0.83803,0.83813,2.25,1.13
2013.09.18 23:24:52.077,0.83803,0.83811,1.50,1.13
2013.09.18 23:24:52.198,0.83801,0.83811,1.13,1.88
2013.09.18 23:24:52.737,0.83801,0.83811,1.50,1.13
2013.09.18 23:24:52.978,0.83799,0.8381,3.00,1.88
2013.09.18 23:24:53.157,0.83801,0.83811,1.50,1.13
2013.09.18 23:24:53.817,0.83801,0.8381,1.50,1.13
2013.09.18 23:24:54.117,0.83799,0.8381,3.00,1.13
2013.09.18 23:24:54.177,0.83801,0.83811,1.50,1.13
2013.09.18 23:24:54.597,0.83799,0.83811,2.63,1.13
2013.09.18 23:24:54.658,0.83799,0.83811,2.63,1.13
2013.09.18 23:24:55.197,0.83801,0.8381,1.50,1.13
2013.09.18 23:24:55.737,0.83801,0.83811,1.50,1.13
2013.09.18 23:24:56.097,0.83799,0.83811,2.63,1.13
2013.09.18 23:24:56.157,0.83801,0.83811,1.50,1.13
2013.09.18 23:24:56.517,0.83799,0.8381,2.25,1.13
2013.09.18 23:24:56.637,0.83799,0.83811,2.63,1.13
2013.09.18 23:24:56.987,0.83799,0.8381,2.25,1.13
2013.09.18 23:24:57.657,0.83801,0.83811,1.50,1.13
2013.09.18 23:24:57.956,0.83799,0.8381,3.00,1.88
2013.09.18 23:24:58.137,0.83799,0.83811,2.63,1.13
2013.09.18 23:24:58.437,0.83799,0.83809,3.00,1.13
2013.09.18 23:24:58.677,0.83801,0.83811,1.50,1.13
2013.09.18 23:24:58.977,0.83799,0.83809,3.00,1.13
2013.09.18 23:24:59.157,0.83799,0.83811,2.63,1.13
2013.09.18 23:24:59.459,0.83799,0.83809,3.00,1.13
2013.09.18 23:24:59.637,0.83799,0.83811,2.63,1.13
2013.09.18 23:24:59.937,0.83799,0.83809,3.00,1.13
2013.09.18 23:25:00.189,0.83801,0.83811,1.50,1.13
2013.09.18 23:25:00.487,0.83799,0.83809,3.00,1.13
2013.09.18 23:25:00.667,0.83799,0.83811,2.63,1.13
2013.09.18 23:25:00.967,0.83799,0.83809,3.00,1.13
2013.09.18 23:25:01.147,0.83799,0.83811,2.63,1.13
2013.09.18 23:25:01.447,0.83799,0.83809,3.00,1.13
2013.09.18 23:25:01.708,0.83801,0.83811,1.50,1.13
2013.09.18 23:25:01.947,0.83799,0.8381,3.00,1.88
2013.09.18 23:25:02.207,0.83801,0.83811,1.50,1.13
2013.09.18 23:25:04.650,0.83801,0.83811,1.50,1.88
2013.09.18 23:25:20.141,0.838,0.83811,2.25,1.88
2013.09.18 23:25:20.697,0.838,0.83811,2.25,2.25
2013.09.18 23:25:25.817,0.83801,0.83811,1.50,1.50
2013.09.18 23:25:28.627,0.83801,0.83811,1.50,1.50
2013.09.18 23:25:39.627,0.838,0.83809,2.25,1.50
2013.09.18 23:25:40.128,0.83798,0.83808,1.50,1.88
2013.09.18 23:25:42.053,0.83798,0.83808,1.50,1.88
2013.09.18 23:25:44.217,0.83798,0.83807,1.50,1.50
2013.09.18 23:25:44.277,0.83798,0.83807,1.50,1.50
2013.09.18 23:25:46.877,0.83798,0.83806,1.50,1.50
2013.09.18 23:26:01.610,0.83798,0.83806,1.50,1.50
2013.09.18 23:26:25.437,0.83798,0.83807,1.50,1.50
2013.09.18 23:26:27.977,0.83797,0.83806,1.88,1.13
2013.09.18 23:26:30.014,0.83797,0.83806,1.88,1.13
2013.09.18 23:26:32.668,0.83798,0.83808,1.50,2.63
2013.09.18 23:26:32.788,0.83798,0.83808,1.50,1.88
2013.09.18 23:26:32.968,0.83801,0.8381,1.50,2.63
2013.09.18 23:26:33.328,0.83801,0.83809,1.50,1.50
2013.09.18 23:26:33.687,0.83798,0.83808,1.50,1.50
2013.09.18 23:26:34.207,0.83797,0.83809,1.88,1.88
2013.09.18 23:26:35.569,0.83798,0.83809,1.50,1.88
2013.09.18 23:26:40.168,0.83798,0.83809,1.50,1.88
2013.09.18 23:26:42.037,0.83798,0.83809,1.50,1.88
2013.09.18 23:27:09.698,0.83797,0.83806,1.88,1.13
2013.09.18 23:27:11.620,0.83797,0.83806,1.88,1.88
2013.09.18 23:27:21.087,0.83797,0.83804,1.50,1.13
2013.09.18 23:27:21.207,0.83795,0.83804,2.25,1.13
2013.09.18 23:27:22.556,0.83796,0.83804,1.13,1.13
2013.09.18 23:27:23.098,0.83795,0.83803,1.50,1.13
2013.09.18 23:27:24.258,0.83795,0.83803,1.50,1.13
2013.09.18 23:27:24.857,0.83796,0.83805,1.13,2.25
2013.09.18 23:27:25.397,0.83795,0.83803,1.50,1.13
2013.09.18 23:27:26.617,0.83796,0.83805,1.13,2.25
2013.09.18 23:27:27.158,0.83795,0.83803,1.50,1.13
2013.09.18 23:27:28.498,0.83796,0.83805,1.88,1.50
2013.09.18 23:27:29.031,0.83795,0.83803,1.50,1.13
2013.09.18 23:27:30.239,0.83797,0.83805,1.88,2.25
2013.09.18 23:27:30.493,0.83795,0.83803,1.50,1.88
2013.09.18 23:27:31.037,0.83795,0.83802,1.50,1.50
2013.09.18 23:27:31.689,0.83795,0.83802,1.50,1.50
2013.09.18 23:27:31.987,0.83797,0.83802,1.50,1.50
2013.09.18 23:27:32.228,0.83795,0.83802,1.88,1.50
2013.09.18 23:27:33.727,0.83797,0.83802,1.50,1.50
2013.09.18 23:27:33.967,0.83795,0.83802,1.88,1.50
2013.09.18 23:27:35.407,0.83796,0.83802,1.50,1.50
2013.09.18 23:27:35.947,0.83795,0.83802,1.50,1.50
2013.09.18 23:27:37.191,0.83795,0.83802,1.88,1.50
2013.09.18 23:27:37.437,0.83795,0.83802,1.50,1.50
2013.09.18 23:27:38.897,0.83797,0.83802,1.50,1.50
2013.09.18 23:27:39.198,0.83795,0.83802,1.50,1.50
2013.09.18 23:27:40.637,0.83796,0.83802,1.50,1.50
2013.09.18 23:27:41.160,0.83795,0.83802,1.50,1.50
2013.09.18 23:27:42.357,0.83795,0.83802,1.88,1.50
2013.09.18 23:27:42.657,0.83795,0.83802,1.88,1.50
2013.09.18 23:27:44.107,0.83796,0.83802,1.50,1.50
2013.09.18 23:27:44.647,0.83795,0.83802,1.50,1.50
2013.09.18 23:27:49.977,0.83795,0.83802,1.50,1.50
2013.09.18 23:27:51.277,0.83792,0.83801,1.32,1.50
2013.09.18 23:27:51.782,0.8379,0.83801,2.07,1.50
2013.09.18 23:27:51.907,0.8379,0.83801,1.97,1.50
2013.09.18 23:27:52.087,0.8379,0.838,1.13,1.13
2013.09.18 23:27:52.207,0.83788,0.838,2.25,1.13
2013.09.18 23:27:52.329,0.83788,0.838,2.25,1.50
2013.09.18 23:27:52.387,0.83788,0.838,2.25,1.50
2013.09.18 23:27:52.549,0.83788,0.83801,2.25,2.25
2013.09.18 23:27:52.668,0.83788,0.838,2.25,1.13
2013.09.18 23:27:53.027,0.83788,0.83801,2.25,1.88
2013.09.18 23:27:53.569,0.83788,0.83801,3.00,1.88
2013.09.18 23:27:54.230,0.83788,0.838,2.63,1.13
2013.09.18 23:27:54.289,0.83788,0.838,2.63,1.50
2013.09.18 23:27:54.609,0.83789,0.838,1.13,1.13
2013.09.18 23:27:54.828,0.83789,0.838,1.13,1.50
2013.09.18 23:27:55.079,0.8379,0.83799,1.13,1.13
2013.09.18 23:27:55.678,0.83788,0.83799,2.25,1.13
2013.09.18 23:27:55.979,0.83788,0.838,3.00,1.13
2013.09.18 23:27:56.158,0.83788,0.83799,3.00,1.13
2013.09.18 23:27:56.397,0.83788,0.838,3.00,1.88
2013.09.18 23:27:56.639,0.83788,0.83799,3.00,1.13
2013.09.18 23:27:56.817,0.83788,0.838,3.00,1.88
2013.09.18 23:27:57.578,0.8379,0.83801,1.13,1.50
2013.09.18 23:27:58.367,0.83789,0.83801,1.13,1.88
2013.09.18 23:27:59.137,0.8379,0.83802,1.13,2.25
2013.09.18 23:27:59.917,0.83789,0.83801,1.13,1.13
2013.09.18 23:28:03.087,0.8379,0.83802,1.13,4.50
2013.09.18 23:28:03.387,0.83789,0.83801,1.88,1.13
2013.09.18 23:28:03.628,0.8379,0.83802,1.13,4.13
2013.09.18 23:28:03.807,0.83789,0.83801,1.88,1.13
2013.09.18 23:28:04.168,0.8379,0.83802,1.13,3.75
2013.09.18 23:28:04.853,0.83789,0.83801,1.88,1.13
2013.09.18 23:28:05.161,0.8379,0.83802,1.13,3.75
2013.09.18 23:28:05.347,0.83789,0.83801,1.88,1.13
2013.09.18 23:28:05.587,0.8379,0.83802,1.13,4.13
2013.09.18 23:28:05.887,0.83789,0.83801,1.88,1.13
2013.09.18 23:28:07.207,0.8379,0.83802,1.13,3.75
2013.09.18 23:28:07.687,0.83788,0.83801,1.50,1.88
2013.09.18 23:28:07.927,0.83787,0.83798,1.13,1.50
2013.09.18 23:28:09.398,0.83787,0.83798,1.13,2.25
2013.09.18 23:28:09.938,0.83785,0.83798,2.25,2.25
2013.09.18 23:28:11.322,0.83787,0.83798,1.13,2.25
2013.09.18 23:28:27.648,0.83787,0.83798,1.13,2.25
2013.09.18 23:28:32.457,0.83787,0.83798,1.88,1.50
2013.09.18 23:28:32.819,0.83789,0.83799,1.13,1.50
2013.09.18 23:28:32.939,0.83787,0.83801,2.25,2.63
2013.09.18 23:28:34.897,0.83789,0.83799,1.50,1.13
2013.09.18 23:28:35.442,0.83789,0.838,1.13,1.50
2013.09.18 23:28:57.858,0.83785,0.83799,3.38,1.50
2013.09.18 23:29:02.129,0.83785,0.83798,1.88,1.50
2013.09.18 23:29:02.370,0.83785,0.83798,1.13,1.50
2013.09.18 23:29:02.429,0.83783,0.83796,1.13,1.50
2013.09.18 23:29:02.489,0.83783,0.83796,1.13,2.63
2013.09.18 23:29:02.669,0.83783,0.83794,1.13,1.50
2013.09.18 23:29:03.218,0.83781,0.83794,1.88,1.13
2013.09.18 23:29:03.988,0.8378,0.83794,3.19,1.88
2013.09.18 23:29:05.888,0.83781,0.83793,1.22,1.13
2013.09.18 23:29:07.972,0.83782,0.83793,2.25,1.13
2013.09.18 23:29:09.748,0.83783,0.83793,1.13,1.13
2013.09.18 23:29:10.290,0.83783,0.83794,1.88,1.13
2013.09.18 23:29:11.059,0.83784,0.83793,1.50,1.13
2013.09.18 23:29:18.202,0.83783,0.83793,2.63,1.13
2013.09.18 23:29:25.609,0.83785,0.83797,1.88,1.88
2013.09.18 23:29:26.135,0.83786,0.83798,1.13,4.13
2013.09.18 23:29:26.649,0.83787,0.83798,1.88,1.13
2013.09.18 23:29:27.198,0.83787,0.83798,1.13,1.13
2013.09.18 23:29:28.837,0.83787,0.83798,2.63,1.88
2013.09.18 23:29:29.397,0.83787,0.83798,1.88,1.88
2013.09.18 23:29:29.947,0.83787,0.83796,1.88,1.13
2013.09.18 23:30:13.818,0.83788,0.83798,1.50,1.50
2013.09.18 23:30:16.579,0.83787,0.83799,3.38,1.88
2013.09.18 23:30:24.598,0.83788,0.83799,1.13,1.50
2013.09.18 23:30:24.720,0.83789,0.83801,1.13,1.13
2013.09.18 23:30:25.280,0.83789,0.83802,1.88,1.88
2013.09.18 23:30:25.699,0.83789,0.83801,1.13,1.13
2013.09.18 23:30:26.247,0.83787,0.83797,1.88,1.50
2013.09.18 23:30:32.325,0.83788,0.83799,1.50,1.13
2013.09.18 23:30:32.878,0.8379,0.83799,1.50,1.13
2013.09.18 23:30:34.938,0.83789,0.83799,1.50,1.13
2013.09.18 23:30:37.571,0.83789,0.83799,2.25,1.13
2013.09.18 23:30:38.108,0.8379,0.83799,1.50,1.13
2013.09.18 23:30:38.648,0.8379,0.83799,1.88,1.13
2013.09.18 23:30:39.138,0.8379,0.83801,1.13,1.13
2013.09.18 23:30:39.378,0.8379,0.83799,1.88,1.13
2013.09.18 23:30:39.677,0.8379,0.83801,1.88,1.13
2013.09.18 23:30:39.917,0.8379,0.83799,1.50,1.13
2013.09.18 23:30:40.220,0.8379,0.83801,1.50,1.13
2013.09.18 23:30:40.337,0.8379,0.83801,1.50,1.88
2013.09.18 23:30:40.577,0.8379,0.83799,1.50,1.13
2013.09.18 23:30:40.638,0.8379,0.83801,1.50,1.13
2013.09.18 23:30:40.879,0.8379,0.83801,2.25,1.13
2013.09.18 23:30:40.939,0.83792,0.83801,2.25,1.13
2013.09.18 23:30:41.297,0.83792,0.83803,3.00,1.13
2013.09.18 23:30:41.838,0.83794,0.83806,1.50,1.50
2013.09.18 23:30:42.809,0.83794,0.83806,1.50,1.88
2013.09.18 23:30:43.238,0.83793,0.83802,2.25,1.50
2013.09.18 23:30:43.298,0.83793,0.83802,1.50,1.50
2013.09.18 23:30:43.837,0.83792,0.83801,1.13,1.50
2013.09.18 23:30:44.439,0.83792,0.83801,1.50,1.88
2013.09.18 23:30:46.777,0.83792,0.83801,1.88,1.50
2013.09.18 23:30:47.437,0.83792,0.83801,1.50,1.88
2013.09.18 23:31:03.208,0.83792,0.83801,2.63,1.50
2013.09.18 23:31:03.728,0.83792,0.83801,2.25,1.50
2013.09.18 23:31:04.388,0.83792,0.83801,1.50,1.88
2013.09.18 23:31:04.929,0.83792,0.83801,2.25,1.88
2013.09.18 23:31:05.468,0.83792,0.83801,1.50,1.88
2013.09.18 23:31:06.993,0.83792,0.83801,1.50,1.88
2013.09.18 23:31:07.538,0.83792,0.83801,1.50,1.88
2013.09.18 23:31:08.197,0.83792,0.83801,1.88,1.50
2013.09.18 23:31:08.737,0.83792,0.83801,1.88,1.50
2013.09.18 23:31:09.530,0.83792,0.83801,2.25,1.88
2013.09.18 23:31:10.042,0.83792,0.83801,1.50,1.88
2013.09.18 23:31:10.587,0.83792,0.83801,2.25,1.50
2013.09.18 23:31:11.137,0.83792,0.83801,1.88,1.50
2013.09.18 23:31:12.037,0.83792,0.83801,2.25,1.88
2013.09.18 23:31:12.759,0.83792,0.83801,2.25,1.50
2013.09.18 23:31:13.538,0.83792,0.83801,2.25,1.88
2013.09.18 23:31:14.317,0.83792,0.83801,1.88,1.50
2013.09.18 23:31:15.757,0.83792,0.83801,1.88,1.50
2013.09.18 23:31:16.537,0.83792,0.83801,1.50,1.88
2013.09.18 23:31:17.438,0.83792,0.83801,1.50,1.88
2013.09.18 23:31:17.978,0.83792,0.83801,1.50,1.88
2013.09.18 23:31:18.517,0.83792,0.83801,1.50,1.88
2013.09.18 23:31:19.057,0.83792,0.83801,2.63,1.50
2013.09.18 23:31:20.407,0.83792,0.83801,2.25,1.88
2013.09.18 23:31:21.248,0.83792,0.83801,2.25,1.50
2013.09.18 23:31:21.817,0.83792,0.83801,1.50,1.88
2013.09.18 23:31:22.368,0.83792,0.83801,1.50,1.88
2013.09.18 23:31:23.031,0.83792,0.83801,2.25,1.88
2013.09.18 23:31:23.637,0.83792,0.83801,1.50,1.50
2013.09.18 23:31:24.657,0.83792,0.83801,2.63,1.50
2013.09.18 23:31:25.197,0.83792,0.83801,1.88,1.50
2013.09.18 23:31:25.738,0.83792,0.83801,2.25,1.50
2013.09.18 23:31:26.287,0.83792,0.83801,1.50,1.50
2013.09.18 23:31:26.648,0.83791,0.83801,1.50,1.13
2013.09.18 23:31:26.827,0.8379,0.83801,1.50,1.13
2013.09.18 23:31:27.128,0.83791,0.83801,1.50,1.13
2013.09.18 23:31:27.368,0.83791,0.83801,1.50,1.13
2013.09.18 23:31:27.667,0.83791,0.83801,1.50,1.13
2013.09.18 23:31:27.788,0.83791,0.83801,1.50,1.13
2013.09.18 23:31:28.208,0.83791,0.83801,1.50,1.13
2013.09.18 23:31:28.388,0.83791,0.83801,1.50,1.13
2013.09.18 23:31:28.637,0.83791,0.83801,1.50,1.13
2013.09.18 23:31:28.938,0.83791,0.83801,1.50,1.13
2013.09.18 23:31:29.118,0.83791,0.83801,1.50,1.13
2013.09.18 23:31:29.358,0.83791,0.83801,1.50,1.13
2013.09.18 23:31:29.608,0.83791,0.83801,1.50,1.13
2013.09.18 23:31:29.848,0.83791,0.83801,1.50,1.88
2013.09.18 23:31:30.087,0.83791,0.83801,1.50,1.13
2013.09.18 23:31:30.327,0.83791,0.83801,1.50,1.13
2013.09.18 23:31:30.627,0.83791,0.83801,1.50,1.13
2013.09.18 23:31:30.868,0.83791,0.83799,1.50,1.13
2013.09.18 23:31:31.168,0.83791,0.83801,1.50,1.13
2013.09.18 23:31:31.408,0.83791,0.83799,1.50,1.13
2013.09.18 23:31:31.598,0.8379,0.83801,1.50,1.13
2013.09.18 23:31:31.842,0.83791,0.83801,1.50,1.13
2013.09.18 23:31:32.148,0.83791,0.83801,1.50,1.13
2013.09.18 23:31:32.388,0.83791,0.83799,1.50,1.13
2013.09.18 23:31:32.687,0.83791,0.83801,1.50,1.13
2013.09.18 23:31:32.807,0.83791,0.83801,1.50,1.13
2013.09.18 23:31:33.169,0.83791,0.83801,1.50,1.13
2013.09.18 23:31:33.408,0.8379,0.83799,2.25,1.13
2013.09.18 23:31:33.707,0.83791,0.83801,1.50,1.13
2013.09.18 23:31:33.828,0.83791,0.83801,1.50,1.13
2013.09.18 23:31:34.129,0.83791,0.83801,1.50,1.13
2013.09.18 23:31:34.369,0.83791,0.83799,1.50,1.13
2013.09.18 23:31:34.728,0.83791,0.83801,1.50,1.13
2013.09.18 23:31:34.787,0.83791,0.83801,1.50,1.13
2013.09.18 23:31:35.158,0.83791,0.83801,1.50,1.13
2013.09.18 23:31:35.338,0.83791,0.83799,1.50,1.13
2013.09.18 23:31:35.583,0.83791,0.83801,1.50,1.13
2013.09.18 23:31:35.888,0.83791,0.83799,1.50,1.13
2013.09.18 23:31:36.127,0.83791,0.83801,1.50,1.13
2013.09.18 23:31:36.368,0.83791,0.83799,1.50,1.13
2013.09.18 23:31:36.667,0.83791,0.83801,1.50,1.13
2013.09.18 23:31:36.908,0.83791,0.83799,1.50,1.13
2013.09.18 23:31:37.148,0.83791,0.83801,1.50,1.13
2013.09.18 23:31:37.907,0.83791,0.83799,1.50,1.13
2013.09.18 23:31:38.207,0.83791,0.83801,1.50,1.13
2013.09.18 23:31:38.328,0.83791,0.83801,1.50,1.13
2013.09.18 23:31:38.694,0.83791,0.83801,1.50,1.13
2013.09.18 23:31:38.877,0.83791,0.83799,1.50,1.13
2013.09.18 23:31:39.118,0.83791,0.83801,1.50,1.13
2013.09.18 23:31:39.298,0.83791,0.83799,1.50,1.88
2013.09.18 23:31:39.719,0.83788,0.83799,1.50,1.88
2013.09.18 23:31:49.987,0.83787,0.83795,1.50,1.50
2013.09.18 23:31:51.047,0.83786,0.83795,2.25,1.50
2013.09.18 23:31:51.552,0.83787,0.83795,1.50,1.50
2013.09.18 23:31:53.628,0.83787,0.83795,1.50,1.50
2013.09.18 23:31:54.197,0.83787,0.83795,1.50,1.50
2013.09.18 23:31:54.737,0.83787,0.83795,1.50,1.50
2013.09.18 23:31:55.278,0.83787,0.83795,1.50,1.50
2013.09.18 23:31:58.488,0.83786,0.83795,1.50,1.50
2013.09.18 23:31:59.267,0.83787,0.83795,1.50,1.50
2013.09.18 23:32:00.047,0.83786,0.83795,1.50,1.50
2013.09.18 23:32:00.608,0.83786,0.83795,3.75,1.50
2013.09.18 23:32:02.517,0.83786,0.83795,3.00,1.50
2013.09.18 23:32:03.058,0.83786,0.83795,3.75,1.50
2013.09.18 23:32:03.597,0.83786,0.83795,3.75,1.50
2013.09.18 23:32:04.317,0.83786,0.83795,3.75,1.50
2013.09.18 23:32:06.068,0.83786,0.83795,3.00,1.50
2013.09.18 23:32:06.607,0.83786,0.83795,3.75,1.50
2013.09.18 23:32:07.827,0.83786,0.83795,3.00,1.50
2013.09.18 23:32:08.377,0.83786,0.83795,3.75,1.50
2013.09.18 23:32:10.590,0.83786,0.83795,3.00,1.50
2013.09.18 23:32:11.127,0.83786,0.83795,3.75,1.50
2013.09.18 23:32:13.488,0.83786,0.83795,3.00,1.50
2013.09.18 23:32:14.028,0.83786,0.83795,3.75,1.50
2013.09.18 23:32:15.107,0.83786,0.83795,3.75,1.50
2013.09.18 23:32:15.837,0.83786,0.83795,3.75,1.50
2013.09.18 23:32:16.568,0.83786,0.83795,3.75,1.50
2013.09.18 23:32:17.348,0.83786,0.83795,3.00,1.50
2013.09.18 23:32:17.889,0.83786,0.83795,3.00,1.50
2013.09.18 23:32:18.727,0.83786,0.83795,1.50,1.50
2013.09.18 23:32:19.228,0.83786,0.83795,1.50,1.50
2013.09.18 23:32:19.767,0.83786,0.83795,1.50,1.50
2013.09.18 23:32:20.307,0.83786,0.83795,1.50,1.50
2013.09.18 23:32:22.228,0.83786,0.83795,1.50,1.50
2013.09.18 23:32:22.767,0.83786,0.83795,1.50,1.50
2013.09.18 23:32:23.317,0.83786,0.83795,2.25,1.50
2013.09.18 23:32:23.860,0.83786,0.83795,2.25,1.50
2013.09.18 23:32:24.398,0.83786,0.83795,2.25,1.50
2013.09.18 23:32:25.718,0.83786,0.83795,1.50,1.50
2013.09.18 23:32:26.977,0.83786,0.83795,2.25,1.50
2013.09.18 23:32:27.517,0.83786,0.83795,1.50,1.50
2013.09.18 23:32:29.378,0.83786,0.83795,2.25,1.50
2013.09.18 23:32:29.919,0.83786,0.83795,1.50,1.50
2013.09.18 23:32:30.468,0.83785,0.83795,3.75,1.50
2013.09.18 23:32:31.030,0.83786,0.83795,1.50,1.50
2013.09.18 23:32:32.233,0.83785,0.83795,3.75,1.50
2013.09.18 23:32:32.757,0.83786,0.83795,1.50,1.50
2013.09.18 23:32:33.397,0.83785,0.83795,3.75,1.50
2013.09.18 23:32:33.938,0.83786,0.83796,1.50,1.50
2013.09.18 23:32:34.718,0.83786,0.83795,1.50,1.50
2013.09.18 23:32:34.898,0.83786,0.83799,1.50,1.88
2013.09.18 23:32:35.625,0.83786,0.83799,3.00,1.50
2013.09.18 23:32:37.217,0.83787,0.83799,1.50,1.50
2013.09.18 23:32:37.828,0.83786,0.83799,3.38,1.50
2013.09.18 23:32:37.888,0.83786,0.83798,4.13,1.50
2013.09.18 23:32:38.428,0.83787,0.83799,1.50,1.50
2013.09.18 23:32:39.238,0.83787,0.83799,2.25,1.50
2013.09.18 23:32:39.719,0.83786,0.83797,1.50,2.25
2013.09.18 23:32:41.098,0.83783,0.83795,4.60,1.50
2013.09.18 23:32:41.637,0.83783,0.83795,2.25,1.50
2013.09.18 23:32:42.177,0.83783,0.83795,1.50,1.50
2013.09.18 23:32:43.498,0.83783,0.83795,2.63,1.50
2013.09.18 23:32:44.048,0.83784,0.83795,1.13,1.50
2013.09.18 23:32:44.708,0.83783,0.83795,2.25,1.50
2013.09.18 23:32:45.488,0.83782,0.83794,3.75,1.50
2013.09.18 23:32:46.148,0.83782,0.83794,1.50,1.50
2013.09.18 23:32:47.018,0.83782,0.83794,2.25,1.50
2013.09.18 23:32:47.647,0.83782,0.83794,2.25,1.50
2013.09.18 23:32:48.792,0.83783,0.83795,1.50,1.50
2013.09.18 23:32:49.108,0.83783,0.83796,1.50,1.50
2013.09.18 23:32:51.088,0.83783,0.83796,1.88,2.25
2013.09.18 23:32:52.958,0.83783,0.83797,3.75,3.75
2013.09.18 23:32:58.138,0.83783,0.83796,1.88,1.50
2013.09.18 23:32:58.698,0.83783,0.83796,1.88,1.50
2013.09.18 23:32:59.328,0.83783,0.83796,1.88,1.50
2013.09.18 23:33:13.198,0.83782,0.83796,2.25,1.50
2013.09.18 23:33:13.501,0.83784,0.83796,1.13,2.25
2013.09.18 23:33:14.697,0.83782,0.83796,2.25,2.25
2013.09.18 23:33:20.538,0.83782,0.83796,2.25,1.50
2013.09.18 23:33:22.470,0.83783,0.83796,1.88,1.50
2013.09.18 23:33:26.758,0.83781,0.83794,1.88,1.50
2013.09.18 23:33:26.819,0.83781,0.83792,1.13,1.50
2013.09.18 23:33:27.357,0.83779,0.83792,2.25,2.25
2013.09.18 23:33:27.941,0.83779,0.83792,2.25,2.25
2013.09.18 23:33:28.492,0.83779,0.83792,2.25,3.75
2013.09.18 23:33:30.170,0.83779,0.83792,2.25,3.75
2013.09.18 23:33:32.117,0.83779,0.83792,2.25,3.75
2013.09.18 23:33:33.919,0.83778,0.83792,1.50,3.75
2013.09.18 23:33:34.458,0.83778,0.83792,1.50,3.75
2013.09.18 23:33:36.199,0.83778,0.83791,2.63,1.50
2013.09.18 23:33:36.738,0.83779,0.83791,1.50,1.50
2013.09.18 23:34:00.608,0.83779,0.83791,3.00,1.50
2013.09.18 23:34:01.168,0.83779,0.83791,4.50,1.50
2013.09.18 23:34:01.928,0.8378,0.83791,1.50,1.50
2013.09.18 23:34:06.088,0.8378,0.83791,1.50,1.50
2013.09.18 23:34:32.198,0.83781,0.83791,2.25,1.50
2013.09.18 23:34:32.319,0.83783,0.83792,1.50,3.00
2013.09.18 23:34:32.913,0.83782,0.83792,3.00,1.50
2013.09.18 23:34:33.039,0.83781,0.83792,1.50,2.25
2013.09.18 23:34:33.158,0.83781,0.83792,1.50,2.25
2013.09.18 23:34:37.388,0.8378,0.83792,2.25,3.00
2013.09.18 23:34:53.068,0.8378,0.83791,2.25,1.50
2013.09.18 23:34:54.058,0.83781,0.83792,1.50,3.00
2013.09.18 23:35:03.329,0.83779,0.8379,1.50,1.50
2013.09.18 23:35:03.868,0.83778,0.8379,3.00,1.50
2013.09.18 23:35:04.818,0.83778,0.8379,3.00,1.50
2013.09.18 23:35:07.188,0.83778,0.83788,3.00,1.50
2013.09.18 23:35:07.368,0.83778,0.83788,1.50,1.50
2013.09.18 23:35:08.072,0.83776,0.83788,1.50,1.50
2013.09.18 23:35:09.569,0.83776,0.83788,1.50,1.50
2013.09.18 23:35:09.688,0.83776,0.83787,1.50,1.50
2013.09.18 23:35:10.209,0.83776,0.83787,1.50,1.50
2013.09.18 23:35:11.148,0.83776,0.83787,1.50,1.50
2013.09.18 23:35:13.648,0.83776,0.83787,1.50,1.50
2013.09.18 23:35:14.412,0.83776,0.83787,1.50,1.50
2013.09.18 23:35:24.459,0.83776,0.83789,3.38,1.88
2013.09.18 23:35:27.048,0.83776,0.83788,4.13,1.13
2013.09.18 23:35:28.662,0.83776,0.83788,4.13,2.25
2013.09.18 23:35:31.501,0.83776,0.83787,1.50,1.13
2013.09.18 23:35:32.649,0.83774,0.83787,2.25,1.13
2013.09.18 23:35:33.318,0.83775,0.83787,2.25,1.88
2013.09.18 23:35:33.858,0.83774,0.83785,1.50,1.50
2013.09.18 23:35:34.398,0.83771,0.83785,2.63,2.25
2013.09.18 23:35:34.640,0.83771,0.83785,2.63,2.25
2013.09.18 23:35:35.226,0.83771,0.83785,2.72,2.25
2013.09.18 23:35:35.911,0.83771,0.83785,2.63,2.25
2013.09.18 23:35:36.465,0.83771,0.83785,2.63,2.25
2013.09.18 23:35:37.838,0.83771,0.83785,2.63,2.25
2013.09.18 23:35:38.068,0.83771,0.83785,2.63,2.25
2013.09.18 23:35:39.219,0.83771,0.83785,2.63,2.25
2013.09.18 23:35:40.718,0.83772,0.83785,1.50,1.50
2013.09.18 23:35:41.258,0.8377,0.83782,1.69,1.50
2013.09.18 23:35:41.968,0.83771,0.83782,1.13,1.50
2013.09.18 23:35:42.528,0.8377,0.83782,2.25,1.50
2013.09.18 23:35:43.168,0.8377,0.83782,2.25,1.50
2013.09.18 23:35:47.688,0.83772,0.83784,1.50,1.50
2013.09.18 23:35:48.049,0.83774,0.83786,3.00,3.00
2013.09.18 23:35:48.349,0.83774,0.83786,2.63,1.50
2013.09.18 23:35:51.599,0.83775,0.83787,1.50,1.13
2013.09.18 23:35:52.469,0.83776,0.83787,1.50,1.13
2013.09.18 23:36:42.210,0.83776,0.83788,1.50,2.25
2013.09.18 23:36:42.760,0.83776,0.83788,1.50,1.50
2013.09.18 23:36:42.880,0.83776,0.83788,1.50,1.50
2013.09.18 23:36:43.872,0.83776,0.83788,1.50,2.25
2013.09.18 23:36:45.399,0.83776,0.83788,1.50,2.63
2013.09.18 23:36:48.710,0.83777,0.8379,1.50,3.38
2013.09.18 23:36:50.358,0.83777,0.83789,1.50,1.50
2013.09.18 23:36:51.350,0.83778,0.83789,1.50,1.50
2013.09.18 23:36:51.472,0.83777,0.83789,1.50,1.50
2013.09.18 23:36:51.660,0.83776,0.83788,1.13,1.50
2013.09.18 23:36:53.574,0.83776,0.83789,1.13,2.25
2013.09.18 23:36:58.708,0.83776,0.83788,1.50,1.50
2013.09.18 23:37:00.488,0.83776,0.83788,1.50,1.50
2013.09.18 23:37:19.939,0.83776,0.83789,1.50,1.50
2013.09.18 23:37:20.179,0.83776,0.83789,1.50,1.50
2013.09.18 23:37:20.298,0.83776,0.8379,2.25,1.50
2013.09.18 23:37:20.852,0.83776,0.83791,1.88,3.00
2013.09.18 23:37:22.098,0.83779,0.8379,1.13,1.50
2013.09.18 23:37:24.138,0.83779,0.8379,1.13,2.25
2013.09.18 23:37:25.491,0.83779,0.8379,1.88,2.25
2013.09.18 23:37:25.729,0.83779,0.83791,1.13,1.13
2013.09.18 23:37:25.909,0.83777,0.83791,1.88,1.13
2013.09.18 23:37:26.148,0.83779,0.83791,1.13,1.13
2013.09.18 23:37:26.328,0.83777,0.83791,1.88,1.13
2013.09.18 23:37:26.869,0.83779,0.83789,1.88,1.50
2013.09.18 23:37:27.408,0.83779,0.8379,1.13,1.50
2013.09.18 23:37:28.151,0.83779,0.8379,1.13,1.50
2013.09.18 23:37:31.454,0.83779,0.83789,1.13,1.50
2013.09.18 23:37:32.189,0.83779,0.83789,1.13,1.50
2013.09.18 23:37:35.780,0.83779,0.8379,1.13,1.50
2013.09.18 23:37:36.328,0.83779,0.83789,1.13,1.50
2013.09.18 23:37:36.988,0.83779,0.8379,1.13,1.50
2013.09.18 23:37:37.508,0.83779,0.8379,1.13,1.50
2013.09.18 23:37:38.109,0.83777,0.83789,1.88,1.13
2013.09.18 23:37:39.008,0.83779,0.83789,1.50,1.88
2013.09.18 23:37:39.593,0.83779,0.8379,1.13,1.88
2013.09.18 23:37:55.100,0.83779,0.8379,2.25,1.50
2013.09.18 23:37:55.460,0.83782,0.83793,1.13,1.13
2013.09.18 23:37:56.419,0.83782,0.83793,1.13,1.13
2013.09.18 23:37:57.811,0.83782,0.83794,1.13,1.13
2013.09.18 23:37:58.494,0.83782,0.83794,1.88,2.63
2013.09.18 23:37:58.870,0.83782,0.83794,1.13,1.50
2013.09.18 23:38:00.190,0.83784,0.83795,1.13,1.50
2013.09.18 23:38:00.624,0.83782,0.83794,1.13,2.63
2013.09.18 23:38:05.217,0.83782,0.83794,1.88,1.88
2013.09.18 23:38:06.330,0.83782,0.83793,1.50,1.88
2013.09.18 23:38:07.660,0.83782,0.83794,1.13,2.25
2013.09.18 23:38:08.328,0.83782,0.83793,1.50,1.88
2013.09.18 23:38:08.389,0.83782,0.83793,1.50,1.88
2013.09.18 23:38:08.929,0.83784,0.83795,1.13,1.50
2013.09.18 23:38:10.961,0.83783,0.83794,1.50,1.88
2013.09.18 23:38:11.270,0.83784,0.83795,1.13,1.50
2013.09.18 23:38:11.389,0.83784,0.83796,1.13,1.50
2013.09.18 23:38:11.571,0.83784,0.83798,1.88,2.25
2013.09.18 23:38:11.929,0.83784,0.83798,2.25,3.00
2013.09.18 23:38:12.109,0.83784,0.83798,1.13,2.25
2013.09.18 23:38:12.348,0.83784,0.83798,1.50,2.25
2013.09.18 23:38:12.589,0.83784,0.83798,1.88,3.00
2013.09.18 23:38:12.829,0.83788,0.83798,1.13,2.25
2013.09.18 23:38:13.009,0.83786,0.83798,1.13,3.00
2013.09.18 23:38:13.129,0.83786,0.83798,1.13,3.00
2013.09.18 23:38:13.429,0.83786,0.83798,1.13,3.00
2013.09.18 23:38:14.398,0.83787,0.83798,1.13,1.88
2013.09.18 23:38:15.210,0.83787,0.83798,1.13,1.13
2013.09.18 23:38:15.629,0.83787,0.83798,1.13,1.13
2013.09.18 23:38:15.808,0.83787,0.83798,1.13,1.13
2013.09.18 23:38:16.358,0.83787,0.83798,1.13,1.88
2013.09.18 23:38:16.899,0.83787,0.83798,1.13,1.88
2013.09.18 23:38:17.428,0.83787,0.83798,1.13,1.13
2013.09.18 23:38:17.969,0.83787,0.83798,1.13,1.88
2013.09.18 23:38:18.772,0.83787,0.83798,1.13,1.13
2013.09.18 23:38:19.141,0.83789,0.83799,1.13,1.50
2013.09.18 23:38:20.329,0.83788,0.83799,1.13,2.25
2013.09.18 23:38:28.708,0.83789,0.838,1.13,1.50
2013.09.18 23:38:29.898,0.83789,0.838,1.13,1.50
2013.09.18 23:38:31.429,0.83789,0.838,1.13,1.50
2013.09.18 23:38:39.778,0.83789,0.838,1.13,1.88
2013.09.18 23:38:44.948,0.83789,0.838,1.13,1.50
2013.09.18 23:38:45.128,0.83789,0.83801,1.13,1.50
2013.09.18 23:38:47.308,0.83789,0.83801,1.13,2.25
2013.09.18 23:38:47.729,0.83789,0.83801,1.13,2.63
2013.09.18 23:38:48.029,0.83792,0.83803,1.13,2.25
2013.09.18 23:38:48.569,0.83792,0.83803,1.13,2.25
2013.09.18 23:38:48.808,0.83792,0.83804,1.13,1.50
2013.09.18 23:38:48.929,0.83792,0.83804,1.13,2.25
2013.09.18 23:38:49.470,0.83792,0.83804,1.13,1.50
2013.09.18 23:38:50.121,0.83792,0.83804,1.13,1.13
2013.09.18 23:38:52.959,0.83792,0.83804,1.88,1.50
2013.09.18 23:38:53.896,0.83793,0.83804,1.50,3.00
2013.09.18 23:38:54.999,0.83792,0.83804,1.88,3.00
2013.09.18 23:38:55.299,0.83789,0.83802,1.88,3.00
2013.09.18 23:38:55.418,0.83789,0.83801,1.88,3.00
2013.09.18 23:38:55.658,0.83789,0.83801,1.88,2.25
2013.09.18 23:38:55.838,0.83789,0.83801,1.88,2.25
2013.09.18 23:38:56.089,0.83789,0.83801,1.88,2.63
2013.09.18 23:38:56.388,0.83789,0.83801,1.88,2.25
2013.09.18 23:38:56.629,0.83789,0.83801,1.88,2.25
2013.09.18 23:38:56.818,0.83789,0.83801,1.88,2.25
2013.09.18 23:38:57.179,0.83789,0.83801,1.88,3.00
2013.09.18 23:38:57.368,0.83789,0.83801,1.88,3.00
2013.09.18 23:38:57.609,0.83789,0.83801,1.88,3.00
2013.09.18 23:38:57.788,0.83789,0.83801,1.88,2.63
2013.09.18 23:38:58.159,0.83789,0.83801,1.88,3.00
2013.09.18 23:38:58.339,0.83789,0.83801,1.88,3.00
2013.09.18 23:38:58.579,0.83789,0.83801,1.88,3.00
2013.09.18 23:38:58.939,0.83789,0.838,1.88,1.50
2013.09.18 23:38:59.119,0.8379,0.838,1.13,1.50
2013.09.18 23:38:59.358,0.83789,0.838,1.88,1.50
2013.09.18 23:38:59.599,0.8379,0.838,1.13,1.50
2013.09.18 23:39:00.319,0.83789,0.838,1.88,1.50
2013.09.18 23:39:01.108,0.8379,0.838,1.13,1.50
2013.09.18 23:39:01.408,0.83789,0.838,1.88,1.50
2013.09.18 23:39:01.590,0.8379,0.838,1.13,1.50
2013.09.18 23:39:01.828,0.83789,0.838,1.88,1.50
2013.09.18 23:39:02.189,0.8379,0.838,1.13,1.50
2013.09.18 23:39:02.368,0.83789,0.838,1.88,1.50
2013.09.18 23:39:02.609,0.8379,0.838,1.13,1.50
2013.09.18 23:39:02.849,0.83789,0.838,1.88,1.50
2013.09.18 23:39:03.149,0.8379,0.838,1.13,1.50
2013.09.18 23:39:03.389,0.83789,0.838,1.88,1.50
2013.09.18 23:39:03.570,0.8379,0.838,1.13,1.50
2013.09.18 23:39:03.809,0.83789,0.838,1.88,1.50
2013.09.18 23:39:04.170,0.8379,0.838,1.13,1.50
2013.09.18 23:39:04.349,0.83789,0.838,1.88,1.50
2013.09.18 23:39:04.589,0.8379,0.838,1.13,1.50
2013.09.18 23:39:04.889,0.83789,0.838,1.88,1.50
2013.09.18 23:39:05.129,0.8379,0.838,1.13,1.50
2013.09.18 23:39:05.368,0.83789,0.838,1.88,1.50
2013.09.18 23:39:05.549,0.8379,0.838,1.13,1.50
2013.09.18 23:39:05.910,0.83789,0.838,1.88,1.50
2013.09.18 23:39:06.089,0.8379,0.838,1.13,1.50
2013.09.18 23:39:06.328,0.83789,0.838,1.88,1.50
2013.09.18 23:39:07.119,0.8379,0.838,1.13,1.50
2013.09.18 23:39:07.839,0.83789,0.838,1.88,1.50
2013.09.18 23:39:08.619,0.8379,0.838,1.13,1.50
2013.09.18 23:39:09.419,0.83789,0.838,1.88,1.50
2013.09.18 23:39:10.139,0.8379,0.838,1.13,1.50
2013.09.18 23:39:10.910,0.83789,0.838,1.88,1.50
2013.09.18 23:39:11.109,0.8379,0.838,1.13,1.50
2013.09.18 23:39:11.733,0.83789,0.83801,1.88,2.63
2013.09.18 23:39:11.803,0.8379,0.838,1.13,1.50
2013.09.18 23:39:11.879,0.83789,0.838,1.88,1.50
2013.09.18 23:39:12.119,0.8379,0.83801,1.13,3.75
2013.09.18 23:39:12.359,0.8379,0.838,1.50,1.50
2013.09.18 23:39:12.659,0.8379,0.83801,1.88,2.25
2013.09.18 23:39:12.898,0.8379,0.838,1.50,1.50
2013.09.18 23:39:13.083,0.8379,0.838,1.88,1.50
2013.09.18 23:39:13.329,0.8379,0.838,1.50,1.50
2013.09.18 23:39:13.628,0.8379,0.83801,1.88,2.25
2013.09.18 23:39:13.879,0.8379,0.83801,1.50,2.25
2013.09.18 23:39:14.669,0.8379,0.838,1.88,1.50
2013.09.18 23:39:15.399,0.8379,0.83801,1.50,2.25
2013.09.18 23:39:16.129,0.8379,0.838,1.88,1.50
2013.09.18 23:39:16.679,0.8379,0.838,1.88,1.50
2013.09.18 23:39:16.800,0.8379,0.838,1.69,1.50
2013.09.18 23:39:17.159,0.8379,0.838,2.07,1.50
2013.09.18 23:39:17.340,0.8379,0.838,1.69,1.50
2013.09.18 23:39:17.579,0.8379,0.838,2.07,1.50
2013.09.18 23:39:17.940,0.8379,0.838,1.69,1.50
2013.09.18 23:39:18.540,0.8379,0.838,2.07,1.50
2013.09.18 23:39:19.088,0.8379,0.838,1.69,1.50
2013.09.18 23:39:19.628,0.8379,0.83801,2.07,2.25
2013.09.18 23:39:20.348,0.8379,0.838,1.69,1.50
2013.09.18 23:39:20.651,0.83791,0.83801,1.50,2.63
2013.09.18 23:39:21.138,0.83791,0.83803,1.88,2.63
2013.09.18 23:39:21.949,0.83791,0.83803,1.88,1.13
2013.09.18 23:39:23.667,0.83792,0.83803,1.50,1.88
2013.09.18 23:39:24.930,0.83791,0.83801,1.50,1.88
2013.09.18 23:39:25.648,0.83789,0.83801,2.63,1.88
2013.09.18 23:39:26.129,0.83789,0.83801,2.63,2.63
2013.09.18 23:39:26.309,0.8379,0.83801,1.13,3.00
2013.09.18 23:39:26.669,0.83789,0.83801,1.88,2.63
2013.09.18 23:39:26.856,0.8379,0.83801,1.13,3.00
2013.09.18 23:39:27.099,0.8379,0.83801,1.50,1.88
2013.09.18 23:39:27.279,0.8379,0.83801,1.13,2.25
2013.09.18 23:39:27.638,0.83789,0.83801,1.88,1.88
2013.09.18 23:39:28.508,0.83789,0.83801,2.63,2.63
2013.09.18 23:39:29.338,0.8379,0.83801,1.13,2.25
2013.09.18 23:39:29.405,0.83791,0.83801,1.13,2.25
2013.09.18 23:39:29.472,0.83791,0.83801,1.88,2.25
2013.09.18 23:39:29.778,0.83791,0.83801,1.50,1.88
2013.09.18 23:39:30.079,0.83791,0.83801,1.88,1.50
2013.09.18 23:39:31.146,0.83792,0.83802,1.50,1.50
2013.09.18 23:39:31.938,0.83791,0.83801,1.88,1.50
2013.09.18 23:39:32.419,0.83789,0.83801,2.63,1.88
2013.09.18 23:39:35.299,0.83791,0.83801,1.50,1.13
2013.09.18 23:39:44.389,0.83792,0.83802,1.13,2.25
2013.09.18 23:39:45.259,0.83792,0.83802,1.88,1.50
2013.09.18 23:39:45.810,0.83792,0.83802,1.88,1.50
2013.09.18 23:39:47.788,0.83792,0.838,1.13,1.50
2013.09.18 23:39:47.969,0.83787,0.83799,3.38,1.88
2013.09.18 23:39:48.509,0.83787,0.83799,1.13,2.82
2013.09.18 23:39:49.029,0.83787,0.83797,1.13,1.50
2013.09.18 23:39:49.589,0.83787,0.83797,1.13,1.69
2013.09.18 23:39:50.199,0.83786,0.83797,1.13,2.44
2013.09.18 23:39:50.559,0.83783,0.83794,1.15,1.50
2013.09.18 23:39:50.619,0.83783,0.83794,1.15,1.50
2013.09.18 23:39:50.919,0.83784,0.83795,1.13,1.88
2013.09.18 23:39:51.469,0.83784,0.83796,1.13,4.13
2013.09.18 23:39:52.309,0.83784,0.83795,1.13,1.88
2013.09.18 23:39:54.449,0.83784,0.83795,1.13,3.00
2013.09.18 23:40:07.947,0.83784,0.83796,1.88,2.44
2013.09.18 23:40:19.192,0.83786,0.83796,1.13,2.44
2013.09.18 23:40:20.039,0.83785,0.83796,1.13,1.69
2013.09.18 23:40:20.159,0.83787,0.83797,1.13,1.50
2013.09.18 23:40:20.520,0.83787,0.83798,1.13,1.50
2013.09.18 23:40:20.580,0.83787,0.83798,1.88,1.50
2013.09.18 23:40:21.119,0.83787,0.83797,1.13,1.50
2013.09.18 23:40:21.669,0.83787,0.83797,1.13,1.50
2013.09.18 23:40:23.069,0.83787,0.83799,1.88,3.19
2013.09.18 23:40:26.079,0.83787,0.83799,1.88,2.25
2013.09.18 23:40:32.583,0.83787,0.83799,3.75,1.88
2013.09.18 23:40:32.650,0.83789,0.838,1.32,1.50
2013.09.18 23:40:32.952,0.83796,0.83804,1.50,1.50
2013.09.18 23:40:33.020,0.83795,0.83804,2.25,1.50
2013.09.18 23:40:33.141,0.83796,0.83804,1.50,1.50
2013.09.18 23:40:33.380,0.83798,0.83808,1.13,1.50
2013.09.18 23:40:33.440,0.83795,0.83808,1.88,1.50
2013.09.18 23:40:36.079,0.83795,0.83807,1.88,1.88
2013.09.18 23:40:36.319,0.83795,0.83806,1.88,1.50
2013.09.18 23:40:36.991,0.83795,0.83807,1.88,2.25
2013.09.18 23:40:38.190,0.83796,0.83806,1.88,2.25
2013.09.18 23:40:39.138,0.83796,0.83806,1.13,2.25
2013.09.18 23:40:39.211,0.83796,0.83807,1.13,2.25
2013.09.18 23:40:39.759,0.83796,0.83807,1.13,1.50
2013.09.18 23:40:40.361,0.83796,0.83806,1.13,1.50
2013.09.18 23:40:41.300,0.83796,0.83806,2.25,1.50
2013.09.18 23:40:41.483,0.83797,0.83811,2.44,1.50
2013.09.18 23:40:41.669,0.83799,0.8381,3.38,1.50
2013.09.18 23:40:41.909,0.83802,0.83813,1.13,2.25
2013.09.18 23:40:43.459,0.83802,0.83815,1.32,2.25
2013.09.18 23:40:43.579,0.83803,0.83815,1.32,2.25
2013.09.18 23:40:45.648,0.83803,0.83815,1.13,3.00
2013.09.18 23:40:46.731,0.83803,0.83813,1.13,1.13
2013.09.18 23:40:47.389,0.83802,0.83812,1.88,2.25
2013.09.18 23:40:52.947,0.83803,0.83814,1.88,2.25
2013.09.18 23:40:53.015,0.83806,0.83815,1.13,1.13
2013.09.18 23:40:55.499,0.83804,0.83816,1.13,1.88
2013.09.18 23:40:56.039,0.83804,0.83816,1.13,2.63
2013.09.18 23:40:58.632,0.83804,0.83818,3.57,2.25
2013.09.18 23:41:00.651,0.83805,0.83818,1.69,1.13
2013.09.18 23:41:01.619,0.83806,0.83818,2.82,1.88
2013.09.18 23:41:01.739,0.83806,0.83818,2.82,1.13
2013.09.18 23:41:02.303,0.83809,0.83821,1.50,4.13
2013.09.18 23:41:03.689,0.83809,0.83821,1.88,1.13
2013.09.18 23:41:04.451,0.83809,0.83821,1.50,1.13
2013.09.18 23:41:04.573,0.83811,0.83822,3.57,1.88
2013.09.18 23:41:04.642,0.83811,0.83822,3.57,1.88
2013.09.18 23:41:04.949,0.83814,0.83821,1.50,1.13
2013.09.18 23:41:05.190,0.83813,0.83821,1.50,1.13
2013.09.18 23:41:05.370,0.8381,0.8382,2.25,1.13
2013.09.18 23:41:05.999,0.83811,0.83822,1.13,1.13
2013.09.18 23:41:06.072,0.83813,0.83823,1.13,2.25
2013.09.18 23:41:06.140,0.83812,0.83823,1.13,2.25
2013.09.18 23:41:06.380,0.83813,0.83823,1.13,1.50
2013.09.18 23:41:06.860,0.83815,0.83822,1.13,1.13
2013.09.18 23:41:07.399,0.83815,0.83823,2.07,1.50
2013.09.18 23:41:07.700,0.83818,0.83823,1.13,1.13
2013.09.18 23:41:07.819,0.83818,0.83829,1.13,1.13
2013.09.18 23:41:07.941,0.83818,0.8383,1.32,2.63
2013.09.18 23:41:08.479,0.83818,0.8383,2.82,1.88
2013.09.18 23:41:09.259,0.83821,0.83831,1.50,1.13
2013.09.18 23:41:09.798,0.83821,0.83831,1.50,1.13
2013.09.18 23:41:10.361,0.83821,0.83831,1.50,1.13
2013.09.18 23:41:10.841,0.83822,0.83833,1.50,1.88
2013.09.18 23:41:11.379,0.83822,0.83832,1.50,2.25
2013.09.18 23:41:11.499,0.83822,0.83832,1.50,1.50
2013.09.18 23:41:12.340,0.8382,0.83831,1.71,1.50
2013.09.18 23:41:13.921,0.83823,0.83832,1.02,2.63
2013.09.18 23:41:14.109,0.83823,0.83835,1.50,1.50
2013.09.18 23:41:14.170,0.83825,0.83834,1.69,1.13
2013.09.18 23:41:14.530,0.83824,0.83832,1.69,1.50
2013.09.18 23:41:14.650,0.83825,0.83832,1.69,1.50
2013.09.18 23:41:14.890,0.83822,0.83833,2.25,1.13
2013.09.18 23:41:15.189,0.83825,0.83836,1.50,2.63
2013.09.18 23:41:15.250,0.83825,0.83836,1.50,4.13
2013.09.18 23:41:15.373,0.83825,0.83834,1.50,1.13
2013.09.18 23:41:15.500,0.83825,0.83835,1.50,1.50
2013.09.18 23:41:15.559,0.83825,0.83833,1.50,1.13
2013.09.18 23:41:16.252,0.83824,0.83834,1.50,1.50
2013.09.18 23:41:16.570,0.83826,0.83837,1.69,1.50
2013.09.18 23:41:17.109,0.83825,0.83836,1.69,1.50
2013.09.18 23:41:17.649,0.83826,0.83837,1.69,1.50
2013.09.18 23:41:17.769,0.83827,0.83837,1.69,1.50
2013.09.18 23:41:18.379,0.83824,0.83837,3.00,1.88
2013.09.18 23:41:19.061,0.83824,0.83837,1.50,1.88
2013.09.18 23:41:19.123,0.83822,0.83836,2.44,1.13
2013.09.18 23:41:19.189,0.83822,0.83833,1.69,3.75
2013.09.18 23:41:19.309,0.83822,0.83833,1.69,3.75
2013.09.18 23:41:19.849,0.83818,0.83831,1.71,1.50
2013.09.18 23:41:20.399,0.83818,0.83831,1.71,1.50
2013.09.18 23:41:20.700,0.83817,0.8383,1.50,1.50
2013.09.18 23:41:21.059,0.83812,0.83827,1.13,3.00
2013.09.18 23:41:21.300,0.8381,0.83823,1.69,2.25
2013.09.18 23:41:21.540,0.83809,0.83821,1.69,1.88
2013.09.18 23:41:21.600,0.83809,0.83821,1.69,2.63
2013.09.18 23:41:22.071,0.83812,0.83821,1.50,1.13
2013.09.18 23:41:22.439,0.83813,0.83825,1.69,1.50
2013.09.18 23:41:22.499,0.83813,0.83826,1.69,1.50
2013.09.18 23:41:23.040,0.83815,0.83826,1.13,2.25
2013.09.18 23:41:23.280,0.83812,0.83823,2.07,1.50
2013.09.18 23:41:23.819,0.83812,0.83823,1.69,1.50
2013.09.18 23:41:24.180,0.83817,0.83828,1.50,2.25
2013.09.18 23:41:24.539,0.83817,0.83828,1.50,1.50
2013.09.18 23:41:24.899,0.83817,0.83826,1.13,1.50
2013.09.18 23:41:25.440,0.83817,0.83827,1.13,1.50
2013.09.18 23:41:25.969,0.83817,0.83827,2.25,1.50
2013.09.18 23:41:28.651,0.83817,0.83827,2.25,1.50
2013.09.18 23:41:28.891,0.83812,0.83825,1.15,1.50
2013.09.18 23:41:29.011,0.8381,0.83823,3.21,1.50
2013.09.18 23:41:29.551,0.8381,0.83822,2.46,1.50
2013.09.18 23:41:31.139,0.83813,0.83823,2.25,1.50
2013.09.18 23:41:31.380,0.83816,0.83826,1.50,1.50
2013.09.18 23:41:31.679,0.83816,0.83829,3.00,1.50
2013.09.18 23:41:32.579,0.83816,0.8383,3.00,3.75
2013.09.18 23:41:34.159,0.83816,0.83829,2.25,1.50
2013.09.18 23:41:35.546,0.83818,0.83829,1.50,1.50
2013.09.18 23:41:40.269,0.83818,0.83828,1.50,1.50
2013.09.18 23:41:40.809,0.83815,0.83827,2.25,1.50
2013.09.18 23:41:41.289,0.83815,0.83825,1.50,1.50
2013.09.18 23:41:42.177,0.83814,0.83825,1.52,2.25
2013.09.18 23:41:42.719,0.83812,0.83824,1.34,1.50
2013.09.18 23:41:43.261,0.83812,0.83823,1.34,2.25
2013.09.18 23:41:43.802,0.83812,0.83823,1.34,1.50
2013.09.18 23:41:44.139,0.83813,0.83825,1.52,1.50
2013.09.18 23:41:44.619,0.83812,0.83825,1.71,2.25
2013.09.18 23:41:45.164,0.83812,0.83823,1.71,2.25
2013.09.18 23:41:45.469,0.83812,0.83825,1.71,2.25
2013.09.18 23:41:45.970,0.83813,0.83824,1.52,1.50
2013.09.18 23:41:46.809,0.83812,0.83824,1.71,1.50
2013.09.18 23:41:47.409,0.83811,0.83824,3.21,1.50
2013.09.18 23:41:48.429,0.83812,0.83824,1.69,2.25
2013.09.18 23:41:48.939,0.83812,0.83823,1.69,2.25
2013.09.18 23:41:50.469,0.83812,0.83823,1.69,3.00
2013.09.18 23:41:51.250,0.83811,0.83823,2.44,3.00
2013.09.18 23:41:51.800,0.83811,0.83823,2.44,2.25
2013.09.18 23:41:52.485,0.83812,0.83822,1.69,1.50
2013.09.18 23:41:58.223,0.8381,0.83822,1.50,1.88
2013.09.18 23:41:58.290,0.8381,0.83821,1.50,1.50
2013.09.18 23:41:58.349,0.83809,0.8382,1.13,1.50
2013.09.18 23:41:58.889,0.83809,0.83819,1.13,1.50
2013.09.18 23:41:59.419,0.83809,0.8382,1.13,2.25
2013.09.18 23:42:00.600,0.83809,0.8382,1.13,2.25
2013.09.18 23:42:01.109,0.83809,0.83819,1.13,1.50
2013.09.18 23:42:03.269,0.83808,0.83819,2.44,1.50
2013.09.18 23:42:05.550,0.83807,0.83818,1.13,1.50
2013.09.18 23:42:05.670,0.83805,0.83816,2.25,2.25
2013.09.18 23:42:05.970,0.83807,0.83818,1.13,2.25
2013.09.18 23:42:06.579,0.83807,0.83818,1.50,1.50
2013.09.18 23:42:07.166,0.83806,0.83818,1.50,1.50
2013.09.18 23:42:07.669,0.83806,0.83818,2.25,1.50
2013.09.18 23:42:11.199,0.83807,0.83818,2.25,1.50
2013.09.18 23:42:11.872,0.83807,0.8382,2.25,1.50
2013.09.18 23:42:12.490,0.83806,0.8382,3.75,2.25
2013.09.18 23:42:12.791,0.83808,0.83821,2.25,2.44
2013.09.18 23:42:12.910,0.83809,0.83821,1.50,1.88
2013.09.18 23:42:13.151,0.83809,0.83822,1.50,3.38
2013.09.18 23:42:13.511,0.83808,0.83821,3.94,1.88
2013.09.18 23:42:13.812,0.83811,0.83824,1.50,1.88
2013.09.18 23:42:13.994,0.83811,0.83824,1.50,1.50
2013.09.18 23:42:14.599,0.83813,0.83825,1.50,1.88
2013.09.18 23:42:15.019,0.83813,0.83827,1.50,3.19
2013.09.18 23:42:15.559,0.83813,0.83826,1.50,1.32
2013.09.18 23:42:16.159,0.83812,0.83825,1.50,1.13
2013.09.18 23:42:16.669,0.83811,0.83825,3.38,1.88
2013.09.18 23:42:18.360,0.83812,0.83824,1.50,1.13
2013.09.18 23:42:18.422,0.83812,0.83824,1.50,1.13
2013.09.18 23:42:19.038,0.83809,0.83822,1.15,2.25
2013.09.18 23:42:20.130,0.83809,0.83821,1.50,1.50
2013.09.18 23:42:20.869,0.8381,0.83821,1.50,1.50
2013.09.18 23:42:21.978,0.83809,0.83821,2.25,1.50
2013.09.18 23:42:22.519,0.83809,0.83821,1.50,2.25
2013.09.18 23:42:23.961,0.83809,0.8382,1.13,1.50
2013.09.18 23:42:25.045,0.83809,0.8382,1.88,1.50
2013.09.18 23:42:29.011,0.83808,0.83819,1.50,1.50
2013.09.18 23:42:29.610,0.83808,0.83819,2.25,1.50
2013.09.18 23:42:29.911,0.83805,0.83819,3.21,3.00
2013.09.18 23:42:31.779,0.83805,0.83817,1.71,1.50
2013.09.18 23:42:33.650,0.83804,0.83817,4.71,1.50
2013.09.18 23:42:34.315,0.83804,0.83817,3.94,3.00
2013.09.18 23:42:37.239,0.83804,0.83816,1.88,2.44
2013.09.18 23:42:37.769,0.83804,0.83816,1.88,2.44
2013.09.18 23:42:38.692,0.83804,0.83815,1.88,1.50
2013.09.18 23:42:39.239,0.83804,0.83815,1.50,1.50
2013.09.18 23:42:40.171,0.83804,0.83815,1.50,1.50
2013.09.18 23:42:44.796,0.83803,0.83814,3.00,1.50
2013.09.18 23:42:49.696,0.83803,0.83813,2.25,1.50
2013.09.18 23:42:51.600,0.83803,0.83813,2.25,1.50
2013.09.18 23:42:53.004,0.83803,0.83813,2.25,1.50
2013.09.18 23:42:53.081,0.83802,0.83813,1.88,2.63
2013.09.18 23:42:53.619,0.83802,0.83813,2.63,2.63
2013.09.18 23:42:54.650,0.83803,0.83813,1.88,1.13
2013.09.18 23:42:54.710,0.83804,0.83815,1.13,1.50
2013.09.18 23:42:55.249,0.83803,0.83816,3.75,3.00
2013.09.18 23:42:55.859,0.83804,0.83816,1.13,3.00
2013.09.18 23:42:57.133,0.83806,0.83817,2.25,1.50
2013.09.18 23:42:57.200,0.83806,0.83819,2.25,2.82
2013.09.18 23:42:57.738,0.83806,0.83819,3.00,1.69
2013.09.18 23:42:59.129,0.83806,0.83819,3.00,1.50
2013.09.18 23:43:01.139,0.83806,0.83819,3.75,1.50
2013.09.18 23:43:21.049,0.83806,0.83819,3.75,1.50
2013.09.18 23:43:21.588,0.83808,0.8382,3.00,1.50
2013.09.18 23:43:23.700,0.83809,0.83823,1.50,3.75
2013.09.18 23:43:24.299,0.8381,0.83823,2.25,3.00
2013.09.18 23:43:25.875,0.8381,0.83822,3.00,1.50
2013.09.18 23:43:50.964,0.83811,0.83823,1.50,1.50
2013.09.18 23:43:51.038,0.83812,0.83825,1.50,2.25
2013.09.18 23:43:53.049,0.83812,0.83824,2.25,1.88
2013.09.18 23:43:57.690,0.83813,0.83825,1.50,2.63
2013.09.18 23:43:58.350,0.83812,0.83825,3.19,1.50
2013.09.18 23:43:58.957,0.83812,0.83825,2.44,1.50
2013.09.18 23:43:59.865,0.83812,0.83825,2.44,2.63
2013.09.18 23:44:00.449,0.83812,0.83825,2.44,1.88
2013.09.18 23:44:00.691,0.83813,0.83827,3.00,2.25
2013.09.18 23:44:01.229,0.83814,0.83827,1.50,1.50
2013.09.18 23:44:02.129,0.83814,0.83827,1.50,3.00
2013.09.18 23:44:03.340,0.83814,0.83826,2.25,1.13
2013.09.18 23:44:03.900,0.83813,0.83825,1.50,3.00
2013.09.18 23:44:06.134,0.83813,0.83824,1.50,1.13
2013.09.18 23:44:06.910,0.83813,0.83824,1.50,1.13
2013.09.18 23:44:21.619,0.83811,0.83822,2.44,1.50
2013.09.18 23:44:22.739,0.83811,0.83822,2.44,1.50
2013.09.18 23:44:23.431,0.8381,0.83822,2.27,3.00
2013.09.18 23:44:23.961,0.8381,0.83821,1.52,2.25
2013.09.18 23:44:25.055,0.8381,0.8382,1.52,1.50
2013.09.18 23:44:26.929,0.8381,0.8382,1.52,1.50
2013.09.18 23:44:33.240,0.83809,0.8382,1.52,1.50
2013.09.18 23:44:36.549,0.83809,0.8382,2.27,1.50
2013.09.18 23:44:45.469,0.83809,0.8382,1.52,1.50
2013.09.18 23:44:58.430,0.83808,0.83818,2.27,1.50
2013.09.18 23:44:59.151,0.83808,0.83821,2.27,2.63
2013.09.18 23:44:59.210,0.83808,0.83821,1.52,2.63
2013.09.18 23:44:59.330,0.8381,0.83821,1.71,2.25
2013.09.18 23:44:59.870,0.8381,0.83822,2.09,1.50
2013.09.18 23:45:00.414,0.8381,0.83823,1.69,1.13
2013.09.18 23:45:02.543,0.8381,0.83823,2.44,1.50
2013.09.18 23:45:03.369,0.83812,0.83823,1.50,1.50
2013.09.18 23:45:09.212,0.83812,0.83823,1.50,1.50
2013.09.18 23:45:09.452,0.83812,0.83825,1.50,2.63
2013.09.18 23:45:15.263,0.83813,0.83825,1.50,1.13
2013.09.18 23:45:15.391,0.83813,0.83826,3.60,1.50
2013.09.18 23:45:16.170,0.83816,0.83829,2.44,3.75
2013.09.18 23:45:16.230,0.83817,0.83829,1.32,1.50
2013.09.18 23:45:16.360,0.83817,0.83832,2.07,2.25
2013.09.18 23:45:22.520,0.83819,0.83831,1.69,1.50
2013.09.18 23:45:23.724,0.83819,0.83831,1.69,1.50
2013.09.18 23:45:24.269,0.8382,0.83832,1.69,2.25
2013.09.18 23:45:27.870,0.8382,0.83831,2.44,1.50
2013.09.18 23:45:28.709,0.8382,0.83832,2.44,2.25
2013.09.18 23:45:29.249,0.83822,0.83831,1.50,1.50
2013.09.18 23:45:31.762,0.83822,0.83831,1.50,1.50
2013.09.18 23:45:32.299,0.8382,0.83831,1.52,4.50
2013.09.18 23:45:32.630,0.8382,0.83829,1.52,1.50
2013.09.18 23:45:33.180,0.8382,0.8383,1.50,1.50
2013.09.18 23:45:33.690,0.8382,0.83829,1.50,1.50
2013.09.18 23:45:34.880,0.8382,0.8383,2.25,1.50
2013.09.18 23:45:35.181,0.83819,0.8383,2.63,1.50
2013.09.18 23:45:35.776,0.8382,0.83834,1.88,1.50
2013.09.18 23:45:36.365,0.8382,0.83833,2.63,2.25
2013.09.18 23:45:36.681,0.8382,0.83833,2.25,2.25
2013.09.18 23:45:39.030,0.83821,0.83832,1.50,2.25
2013.09.18 23:45:39.570,0.83821,0.83831,1.50,1.50
2013.09.18 23:45:40.102,0.83819,0.83831,1.15,2.25
2013.09.18 23:45:40.340,0.83817,0.8383,1.34,1.50
2013.09.18 23:45:40.460,0.83817,0.83828,1.32,1.50
2013.09.18 23:45:41.251,0.83816,0.83829,2.44,1.88
2013.09.18 23:45:41.550,0.83817,0.83828,1.32,1.13
2013.09.18 23:45:42.090,0.83817,0.83828,1.32,1.88
2013.09.18 23:45:44.230,0.83816,0.83829,1.69,3.00
2013.09.18 23:45:44.650,0.83818,0.83828,1.13,2.25
2013.09.18 23:45:46.209,0.83818,0.83827,1.13,1.50
2013.09.18 23:45:48.699,0.83818,0.83828,1.50,1.50
2013.09.18 23:45:48.820,0.83817,0.8383,2.85,1.50
2013.09.18 23:45:49.747,0.83818,0.83828,1.50,1.50
2013.09.18 23:45:50.270,0.83818,0.83829,1.50,2.25
2013.09.18 23:45:50.809,0.83819,0.8383,1.50,3.00
2013.09.18 23:45:51.230,0.83819,0.83833,2.25,2.63
2013.09.18 23:45:51.530,0.83819,0.83831,1.88,1.50
2013.09.18 23:45:54.181,0.83819,0.83831,2.63,1.50
2013.09.18 23:45:54.600,0.8382,0.83833,1.50,1.50
2013.09.18 23:46:01.235,0.83822,0.83832,1.50,1.50
2013.09.18 23:46:01.782,0.83821,0.83831,2.25,1.50
2013.09.18 23:46:01.963,0.83822,0.83831,1.50,1.50
2013.09.18 23:46:02.520,0.83822,0.83832,1.50,2.25
2013.09.18 23:46:03.061,0.83822,0.83832,1.50,2.25
2013.09.18 23:46:03.421,0.83821,0.83831,1.50,1.88
2013.09.18 23:46:03.480,0.83818,0.83831,3.98,2.63
2013.09.18 23:46:03.780,0.83818,0.83829,1.50,1.50
2013.09.18 23:46:04.404,0.83818,0.83828,1.50,3.00
2013.09.18 23:46:04.781,0.8382,0.8383,1.50,1.50
2013.09.18 23:46:04.841,0.8382,0.8383,1.50,1.50
2013.09.18 23:46:05.380,0.83822,0.83831,1.69,2.25
2013.09.18 23:46:06.169,0.83821,0.83831,2.44,1.50
2013.09.18 23:46:07.140,0.83822,0.8383,1.69,1.50
2013.09.18 23:46:08.002,0.83821,0.8383,1.50,1.50
2013.09.18 23:46:08.180,0.83816,0.83828,3.19,1.50
2013.09.18 23:46:08.240,0.83815,0.83828,1.50,1.50
2013.09.18 23:46:08.302,0.83814,0.83827,1.13,1.50
2013.09.18 23:46:08.840,0.83813,0.83824,1.13,1.50
2013.09.18 23:46:09.421,0.83811,0.83824,2.07,1.50
2013.09.18 23:46:11.160,0.83811,0.83825,2.07,1.50
2013.09.18 23:46:11.669,0.83811,0.83824,2.07,1.50
2013.09.18 23:46:14.340,0.83813,0.83823,1.50,1.50
2013.09.18 23:46:14.880,0.83814,0.83825,1.50,1.50
2013.09.18 23:46:15.780,0.83814,0.83826,1.50,2.25
2013.09.18 23:46:16.636,0.83814,0.83827,1.69,1.50
2013.09.18 23:46:16.962,0.83814,0.83824,1.69,2.25
2013.09.18 23:46:17.510,0.83815,0.83823,1.50,1.50
2013.09.18 23:46:19.340,0.83815,0.83825,1.50,1.50
2013.09.18 23:46:19.642,0.83816,0.83825,1.50,1.50
2013.09.18 23:46:21.770,0.83815,0.83825,1.50,1.50
2013.09.18 23:46:22.860,0.83813,0.83825,1.52,1.50
2013.09.18 23:46:23.410,0.83811,0.83823,1.52,1.50
2013.09.18 23:46:23.960,0.83811,0.83823,1.52,1.50
2013.09.18 23:46:24.201,0.83811,0.83823,1.52,1.50
2013.09.18 23:46:24.502,0.83811,0.83823,1.50,1.50
2013.09.18 23:46:24.620,0.83811,0.83822,1.50,1.50
2013.09.18 23:46:25.819,0.8381,0.83822,1.88,1.50
2013.09.18 23:46:26.359,0.83809,0.83821,1.50,1.50
2013.09.18 23:46:27.549,0.83809,0.83822,1.52,2.25
2013.09.18 23:46:28.072,0.83809,0.83821,1.52,1.50
2013.09.18 23:46:29.722,0.83808,0.83821,1.71,1.50
2013.09.18 23:46:30.471,0.83809,0.83821,2.09,1.50
2013.09.18 23:46:31.021,0.83809,0.83821,2.09,1.50
2013.09.18 23:46:32.042,0.83809,0.83821,1.34,1.50
2013.09.18 23:46:32.171,0.83808,0.83821,1.71,1.50
2013.09.18 23:46:32.710,0.83807,0.8382,1.52,2.25
2013.09.18 23:46:33.250,0.83806,0.83819,1.13,2.25
2013.09.18 23:46:33.610,0.83806,0.83819,1.13,2.25
2013.09.18 23:46:33.931,0.83806,0.83819,1.13,2.25
2013.09.18 23:46:34.470,0.83805,0.83817,1.13,1.50
2013.09.18 23:46:36.183,0.83806,0.83817,1.13,1.50
2013.09.18 23:46:36.312,0.83807,0.83819,1.50,1.13
2013.09.18 23:46:36.671,0.83809,0.83822,1.13,2.44
2013.09.18 23:46:37.512,0.83807,0.83821,3.00,1.50
2013.09.18 23:46:38.451,0.83809,0.83821,1.50,1.50
2013.09.18 23:46:38.990,0.83809,0.83819,1.50,1.50
2013.09.18 23:46:40.471,0.83805,0.83817,1.88,2.25
2013.09.18 23:46:40.531,0.83805,0.83816,1.88,1.50
2013.09.18 23:46:41.052,0.83805,0.83816,1.52,5.25
2013.09.18 23:46:41.126,0.83805,0.83813,1.15,1.50
2013.09.18 23:46:41.250,0.83805,0.83815,1.15,2.25
2013.09.18 23:46:41.791,0.83802,0.83812,1.90,1.50
2013.09.18 23:46:43.762,0.83802,0.83812,1.13,1.50
2013.09.18 23:46:45.551,0.83804,0.83812,1.13,1.50
2013.09.18 23:46:45.732,0.83806,0.83814,1.13,1.50
2013.09.18 23:46:46.900,0.83804,0.83814,1.13,1.50
2013.09.18 23:46:47.561,0.83804,0.83815,1.13,2.25
2013.09.18 23:46:49.402,0.83803,0.83814,1.13,1.50
2013.09.18 23:46:49.880,0.83802,0.83812,1.88,1.50
2013.09.18 23:46:50.780,0.83802,0.83813,1.88,1.50
2013.09.18 23:46:51.473,0.83802,0.83813,1.13,1.50
2013.09.18 23:46:52.227,0.83802,0.83813,1.88,1.50
2013.09.18 23:46:52.781,0.83804,0.83814,1.13,1.50
2013.09.18 23:46:53.142,0.83803,0.83813,1.50,1.50
2013.09.18 23:46:53.692,0.83803,0.83813,1.50,1.50
2013.09.18 23:46:56.103,0.83803,0.83813,1.69,1.50
2013.09.18 23:46:56.861,0.83803,0.83813,1.69,1.50
2013.09.18 23:46:58.411,0.83803,0.83813,1.50,1.50
2013.09.18 23:46:58.922,0.83802,0.83813,1.13,1.50
2013.09.18 23:46:59.401,0.83802,0.83812,1.13,2.25
2013.09.18 23:47:01.180,0.83802,0.83813,1.13,1.88
2013.09.18 23:47:01.720,0.83801,0.83811,1.50,1.88
2013.09.18 23:47:02.260,0.83801,0.8381,1.50,1.50
2013.09.18 23:47:02.800,0.83801,0.83811,2.25,1.88
2013.09.18 23:47:03.391,0.83801,0.83811,2.25,1.88
2013.09.18 23:47:04.029,0.83801,0.83813,2.63,1.88
2013.09.18 23:47:04.570,0.83801,0.83813,2.63,1.88
2013.09.18 23:47:05.110,0.83804,0.83815,1.13,1.13
2013.09.18 23:47:05.170,0.83803,0.83815,1.13,1.13
2013.09.18 23:47:05.349,0.83803,0.83816,4.13,3.94
2013.09.18 23:47:05.410,0.83803,0.83816,4.13,3.19
2013.09.18 23:47:05.471,0.83804,0.83814,1.69,1.13
2013.09.18 23:47:05.590,0.83807,0.83814,1.13,1.50
2013.09.18 23:47:05.830,0.83805,0.83817,1.69,1.13
2013.09.18 23:47:05.890,0.83805,0.83817,1.88,1.13
2013.09.18 23:47:06.430,0.83805,0.83816,1.88,1.88
2013.09.18 23:47:06.970,0.83805,0.83816,1.69,1.13
2013.09.18 23:47:07.349,0.83807,0.83818,1.13,1.50
2013.09.18 23:47:09.180,0.83807,0.83819,1.92,4.13
2013.09.18 23:47:10.550,0.83807,0.83817,2.67,1.50
2013.09.18 23:47:12.001,0.83807,0.83818,2.29,1.88
2013.09.18 23:47:14.380,0.83807,0.83818,1.69,1.88
2013.09.18 23:47:14.739,0.83807,0.83818,1.69,1.88
2013.09.18 23:47:17.443,0.83808,0.83818,1.50,1.13
2013.09.18 23:47:20.052,0.83808,0.83818,1.50,1.88
2013.09.18 23:47:20.410,0.83806,0.83818,1.32,1.50
2013.09.18 23:47:20.949,0.83806,0.83819,4.92,1.50
2013.09.18 23:47:21.490,0.83806,0.8382,4.92,2.25
2013.09.18 23:47:22.040,0.83806,0.8382,2.82,2.25
2013.09.18 23:47:22.553,0.83807,0.83817,1.69,1.13
2013.09.18 23:47:22.612,0.83809,0.8382,1.13,3.38
2013.09.18 23:47:23.152,0.83809,0.8382,1.50,1.13
2013.09.18 23:47:23.810,0.83809,0.8382,1.50,1.13
2013.09.18 23:47:23.871,0.83809,0.83821,1.50,1.50
2013.09.18 23:47:24.050,0.83811,0.83822,1.13,1.69
2013.09.18 23:47:24.592,0.83809,0.83822,1.88,2.07
2013.09.18 23:47:26.530,0.83812,0.83822,1.50,1.13
2013.09.18 23:47:26.649,0.83811,0.83822,1.50,1.13
2013.09.18 23:47:28.402,0.83812,0.83822,1.50,1.13
2013.09.18 23:47:32.980,0.83812,0.83823,2.25,1.50
2013.09.18 23:47:36.613,0.83811,0.83823,2.67,1.50
2013.09.18 23:47:38.120,0.83812,0.83824,1.69,2.63
2013.09.18 23:47:38.180,0.83812,0.83824,1.32,1.50
2013.09.18 23:47:38.361,0.83815,0.83826,1.69,2.63
2013.09.18 23:47:38.900,0.83815,0.83826,1.69,1.88
2013.09.18 23:47:39.380,0.83816,0.83826,1.69,1.50
2013.09.18 23:47:39.562,0.83816,0.83826,1.69,1.50
2013.09.18 23:47:39.921,0.83816,0.83826,1.69,3.38
2013.09.18 23:47:40.220,0.83814,0.83825,2.67,1.13
2013.09.18 23:47:40.759,0.83814,0.83826,3.19,1.13
2013.09.18 23:47:41.651,0.83814,0.83826,5.44,1.13
2013.09.18 23:47:42.021,0.83821,0.83831,1.13,1.13
2013.09.18 23:47:44.330,0.83819,0.83831,3.19,1.13
2013.09.18 23:47:48.248,0.8382,0.83831,1.69,1.13
2013.09.18 23:47:49.151,0.83821,0.83831,1.50,1.13
2013.09.18 23:47:49.511,0.83817,0.83826,2.54,1.13
2013.09.18 23:47:52.830,0.83817,0.83826,2.44,1.13
2013.09.18 23:47:53.190,0.83818,0.8383,1.69,1.13
2013.09.18 23:47:55.432,0.83819,0.8383,2.25,1.13
2013.09.18 23:47:56.126,0.83819,0.8383,2.25,1.88
2013.09.18 23:47:56.670,0.83819,0.83829,1.50,1.13
2013.09.18 23:47:57.220,0.83818,0.83829,1.69,1.13
2013.09.18 23:47:59.161,0.83818,0.83829,1.69,1.13
2013.09.18 23:47:59.590,0.83817,0.83829,1.69,1.50
2013.09.18 23:48:00.521,0.83817,0.83826,1.69,2.25
2013.09.18 23:48:01.650,0.83813,0.83825,2.07,2.25
2013.09.18 23:48:01.711,0.83813,0.83825,2.44,2.25
2013.09.18 23:48:02.256,0.83813,0.83825,1.69,3.00
2013.09.18 23:48:02.793,0.83813,0.83825,1.69,3.00
2013.09.18 23:48:06.011,0.83814,0.83825,2.25,2.63
2013.09.18 23:48:06.131,0.83814,0.83825,2.25,2.25
2013.09.18 23:48:06.251,0.83814,0.83825,2.25,3.75
2013.09.18 23:48:06.311,0.83814,0.83825,1.50,3.19
2013.09.18 23:48:06.670,0.83812,0.83821,1.69,2.25
2013.09.18 23:48:09.176,0.8381,0.8382,2.44,1.50
2013.09.18 23:48:09.621,0.8381,0.83821,2.44,2.25
2013.09.18 23:48:13.364,0.83809,0.83821,1.50,2.63
2013.09.18 23:48:13.491,0.83807,0.8382,2.25,3.19
2013.09.18 23:48:13.790,0.83807,0.8382,2.25,2.82
2013.09.18 23:48:14.460,0.83807,0.8382,2.25,3.19
2013.09.18 23:48:20.160,0.83809,0.8382,1.50,4.32
2013.09.18 23:48:20.221,0.83809,0.83818,1.50,1.88
2013.09.18 23:48:21.411,0.83804,0.83816,2.44,1.88
2013.09.18 23:48:21.901,0.83804,0.83816,1.69,1.88
2013.09.18 23:48:22.260,0.83807,0.83816,2.25,3.00
2013.09.18 23:48:22.621,0.83812,0.83823,2.44,1.50
2013.09.18 23:48:22.682,0.83812,0.83823,2.82,1.50
2013.09.18 23:48:23.209,0.83815,0.83826,1.50,1.13
2013.09.18 23:48:23.720,0.83815,0.83826,1.50,1.13
2013.09.18 23:48:24.080,0.83815,0.83826,1.50,1.13
2013.09.18 23:48:24.141,0.83815,0.83826,1.50,1.13
2013.09.18 23:48:24.200,0.83815,0.83825,1.50,1.50
2013.09.18 23:48:25.802,0.83813,0.83824,1.50,2.25
2013.09.18 23:48:25.980,0.83811,0.83819,1.50,1.13
2013.09.18 23:48:26.534,0.83808,0.83819,1.50,1.50
2013.09.18 23:48:27.751,0.83808,0.83819,1.50,2.44
2013.09.18 23:48:27.811,0.83808,0.83819,1.50,2.44
2013.09.18 23:48:27.931,0.83809,0.8382,1.88,2.82
2013.09.18 23:48:28.110,0.8381,0.8382,1.50,1.88
2013.09.18 23:48:28.231,0.83814,0.8382,2.25,1.50
2013.09.18 23:48:28.290,0.83814,0.83826,2.25,1.50
2013.09.18 23:48:28.351,0.83814,0.83828,3.00,1.50
2013.09.18 23:48:28.590,0.83816,0.83828,2.44,1.50
2013.09.18 23:48:28.650,0.83816,0.8383,2.44,1.50
2013.09.18 23:48:32.251,0.83818,0.83829,1.69,1.50
2013.09.18 23:48:32.552,0.83816,0.83826,2.25,1.88
2013.09.18 23:48:34.562,0.83816,0.83826,1.50,1.88
2013.09.18 23:48:35.791,0.83816,0.83826,1.50,1.88
2013.09.18 23:48:37.011,0.83816,0.83826,1.50,1.50
2013.09.18 23:48:37.942,0.83817,0.83826,1.50,1.50
2013.09.18 23:48:39.223,0.83816,0.83826,1.69,1.50
2013.09.18 23:48:39.730,0.83816,0.83826,1.69,1.50
2013.09.18 23:48:39.910,0.83816,0.83826,1.69,1.50
2013.09.18 23:48:40.212,0.83818,0.83829,1.50,1.50
2013.09.18 23:48:40.570,0.83818,0.83832,2.25,3.94
2013.09.18 23:48:41.320,0.83818,0.83832,2.25,4.32
2013.09.18 23:48:41.680,0.83818,0.83831,2.25,3.19
2013.09.18 23:48:42.162,0.83818,0.83831,3.00,3.57
2013.09.18 23:48:42.741,0.83818,0.83831,3.00,3.57
2013.09.18 23:48:42.990,0.83818,0.83831,3.00,3.57
2013.09.18 23:48:43.542,0.83818,0.83831,3.00,3.57
2013.09.18 23:48:44.661,0.83818,0.8383,4.50,1.13
2013.09.18 23:48:46.302,0.83819,0.8383,1.50,1.13
2013.09.18 23:48:47.302,0.8382,0.83831,1.50,2.63
2013.09.18 23:48:47.660,0.8382,0.83832,1.50,3.00
2013.09.18 23:48:48.162,0.8382,0.83831,2.25,1.50
2013.09.18 23:48:48.460,0.8382,0.83831,2.25,1.50
2013.09.18 23:48:49.001,0.8382,0.83831,1.50,2.63
2013.09.18 23:48:49.796,0.8382,0.83832,1.50,4.13
2013.09.18 23:48:49.868,0.83816,0.8383,3.19,4.13
2013.09.18 23:48:49.934,0.83816,0.8383,2.44,4.13
2013.09.18 23:48:50.240,0.83816,0.83827,1.69,2.63
2013.09.18 23:48:53.202,0.83814,0.83826,1.69,1.88
2013.09.18 23:48:53.990,0.83813,0.83826,1.69,3.38
2013.09.18 23:48:54.510,0.83814,0.83826,1.69,2.63
2013.09.18 23:48:55.203,0.83814,0.83826,1.69,3.38
2013.09.18 23:48:56.280,0.83814,0.83826,1.69,2.63
2013.09.18 23:48:56.796,0.83814,0.83825,1.69,1.50
2013.09.18 23:48:57.732,0.83815,0.83825,2.44,1.13
2013.09.18 23:48:57.979,0.83815,0.83828,1.69,2.63
2013.09.18 23:48:58.280,0.83818,0.83829,1.50,1.50
2013.09.18 23:48:58.640,0.83818,0.83832,2.25,2.82
2013.09.18 23:48:59.183,0.83818,0.83831,2.25,1.32
2013.09.18 23:49:00.892,0.83819,0.8383,1.50,1.13
2013.09.18 23:49:01.070,0.83817,0.83829,1.50,3.19
2013.09.18 23:49:01.670,0.83816,0.83829,1.50,3.94
2013.09.18 23:49:02.308,0.83814,0.83828,1.69,2.25
2013.09.18 23:49:02.620,0.83813,0.83826,1.69,3.00
2013.09.18 23:49:03.660,0.83813,0.83827,2.44,3.00
2013.09.18 23:49:03.901,0.83812,0.83826,3.00,1.69
2013.09.18 23:49:04.559,0.83812,0.83825,2.25,2.82
2013.09.18 23:49:04.860,0.8381,0.83823,1.50,1.69
2013.09.18 23:49:08.440,0.8381,0.8382,1.50,1.50
2013.09.18 23:49:09.200,0.8381,0.83822,1.50,1.50
2013.09.18 23:49:09.753,0.8381,0.83821,1.50,3.00
2013.09.18 23:49:10.300,0.8381,0.83821,1.50,2.25
2013.09.18 23:49:11.332,0.8381,0.83821,1.50,3.75
2013.09.18 23:49:12.005,0.8381,0.8382,1.50,2.25
2013.09.18 23:49:12.631,0.8381,0.83818,1.50,1.50
2013.09.18 23:49:12.810,0.83806,0.83816,2.44,1.50
2013.09.18 23:49:13.351,0.83806,0.83817,1.69,1.50
2013.09.18 23:49:13.592,0.83803,0.83815,1.69,3.00
2013.09.18 23:49:14.121,0.83803,0.83814,1.69,1.50
2013.09.18 23:49:14.650,0.83803,0.83815,1.69,3.00
2013.09.18 23:49:16.910,0.83803,0.83815,1.69,3.00
2013.09.18 23:49:17.450,0.83801,0.83814,1.69,1.50
2013.09.18 23:49:20.980,0.83801,0.83813,2.44,1.50
2013.09.18 23:49:24.410,0.83801,0.83812,1.50,2.25
2013.09.18 23:49:24.652,0.83799,0.83811,1.50,2.44
2013.09.18 23:49:24.712,0.83799,0.8381,1.50,1.69
2013.09.18 23:49:25.250,0.83796,0.8381,1.88,2.44
2013.09.18 23:49:25.783,0.83796,0.83809,1.88,1.69
2013.09.18 23:49:26.330,0.83795,0.83809,2.07,2.25
2013.09.18 23:49:26.869,0.83795,0.83809,2.82,1.50
2013.09.18 23:49:27.290,0.838,0.83811,1.50,1.88
2013.09.18 23:49:27.650,0.838,0.83812,1.50,2.25
2013.09.18 23:49:28.180,0.838,0.83812,1.50,2.25
2013.09.18 23:49:29.549,0.838,0.83811,2.25,1.50
2013.09.18 23:49:29.622,0.83802,0.83815,1.50,2.07
2013.09.18 23:49:30.151,0.83802,0.83814,1.50,1.50
2013.09.18 23:49:30.700,0.83802,0.83813,1.50,1.50
2013.09.18 23:49:30.820,0.838,0.83813,1.69,1.69
2013.09.18 23:49:31.060,0.838,0.83811,1.69,1.13
2013.09.18 23:49:33.590,0.838,0.83812,1.69,1.13
2013.09.18 23:49:33.710,0.83803,0.83814,1.50,3.19
2013.09.18 23:49:33.830,0.83805,0.83816,2.25,2.25
2013.09.18 23:49:33.951,0.83803,0.83815,1.50,1.13
2013.09.18 23:49:35.460,0.83803,0.83813,1.50,1.13
2013.09.18 23:49:36.001,0.83803,0.83812,1.50,1.13
2013.09.18 23:49:36.681,0.83804,0.83813,1.69,1.13
2013.09.18 23:49:37.110,0.83804,0.83815,1.69,1.13
2013.09.18 23:49:37.170,0.83804,0.83813,1.69,1.13
2013.09.18 23:49:39.008,0.83804,0.83813,1.69,1.13
2013.09.18 23:49:39.311,0.83801,0.83811,1.69,1.88
2013.09.18 23:49:39.370,0.83801,0.83811,1.50,1.88
2013.09.18 23:49:39.610,0.83801,0.83811,1.69,2.25
2013.09.18 23:49:41.401,0.83801,0.83813,1.69,1.13
2013.09.18 23:49:41.640,0.83803,0.83816,1.69,3.38
2013.09.18 23:49:43.742,0.83805,0.83815,1.69,1.13
2013.09.18 23:49:44.072,0.83805,0.83816,1.69,1.88
2013.09.18 23:49:47.211,0.83805,0.83816,2.44,1.88
2013.09.18 23:49:52.947,0.83806,0.83816,1.69,1.50
2013.09.18 23:49:53.431,0.83807,0.83816,1.50,1.88
2013.09.18 23:49:53.950,0.83807,0.83816,1.50,1.88
2013.09.18 23:49:56.411,0.83809,0.83816,1.13,1.50
2013.09.18 23:49:56.471,0.83809,0.83816,1.13,1.50
2013.09.18 23:49:56.532,0.83809,0.83819,1.13,1.50
2013.09.18 23:49:56.891,0.83808,0.8382,1.88,1.88
2013.09.18 23:49:57.012,0.83809,0.83821,1.13,1.32
2013.09.18 23:49:57.629,0.8381,0.8382,1.50,1.50
2013.09.18 23:49:57.697,0.83811,0.83819,1.50,1.50
2013.09.18 23:50:00.150,0.83809,0.8382,2.25,2.25
2013.09.18 23:50:02.361,0.83809,0.83819,2.25,1.13
2013.09.18 23:50:03.032,0.83809,0.83819,1.50,1.13
2013.09.18 23:50:03.571,0.83807,0.83818,2.44,1.13
2013.09.18 23:50:03.631,0.83807,0.83816,2.44,1.13
2013.09.18 23:50:04.170,0.83804,0.83816,1.50,1.88
2013.09.18 23:50:04.681,0.83804,0.83816,1.50,1.88
2013.09.18 23:50:05.100,0.83802,0.83815,1.50,1.32
2013.09.18 23:50:05.161,0.83802,0.83815,1.50,1.32
2013.09.18 23:50:05.702,0.83802,0.83815,2.25,1.32
2013.09.18 23:50:05.941,0.83802,0.83816,3.00,2.82
2013.09.18 23:50:06.913,0.83803,0.83816,1.50,2.82
2013.09.18 23:50:07.670,0.83804,0.83816,1.50,1.88
2013.09.18 23:50:07.731,0.83804,0.83816,1.50,1.50
2013.09.18 23:50:07.850,0.83806,0.83816,1.50,2.63
2013.09.18 23:50:08.391,0.83806,0.83815,1.50,1.13
2013.09.18 23:50:08.882,0.83806,0.83815,1.50,1.13
2013.09.18 23:50:09.003,0.83806,0.83815,1.50,1.13
2013.09.18 23:50:09.300,0.83809,0.83821,1.13,3.57
2013.09.18 23:50:10.351,0.83807,0.8382,1.50,1.32
2013.09.18 23:50:11.317,0.83808,0.83821,1.69,2.63
2013.09.18 23:50:11.583,0.83809,0.83822,1.69,3.75
2013.09.18 23:50:11.653,0.83809,0.83821,1.69,1.13
2013.09.18 23:50:11.960,0.83809,0.83821,1.69,1.13
2013.09.18 23:50:12.081,0.83812,0.83822,1.13,1.50
2013.09.18 23:50:12.260,0.83814,0.83824,1.50,1.50
2013.09.18 23:50:12.620,0.83816,0.83829,1.13,2.07
2013.09.18 23:50:12.682,0.83817,0.83829,1.13,1.32
2013.09.18 23:50:12.741,0.83817,0.8383,2.07,1.88
2013.09.18 23:50:13.643,0.83817,0.83828,1.69,1.50
2013.09.18 23:50:14.192,0.83817,0.83826,1.69,1.13
2013.09.18 23:50:14.490,0.83816,0.83826,1.69,1.13
2013.09.18 23:50:14.613,0.83816,0.83826,2.44,1.13
2013.09.18 23:50:15.220,0.83816,0.83826,1.69,1.88
2013.09.18 23:50:16.430,0.83815,0.83826,1.69,1.88
2013.09.18 23:50:20.060,0.83815,0.83826,1.69,1.88
2013.09.18 23:50:20.241,0.83813,0.83822,1.50,1.88
2013.09.18 23:50:20.781,0.83811,0.83822,1.50,1.13
2013.09.18 23:50:20.841,0.83809,0.83822,1.69,1.13
2013.09.18 23:50:20.962,0.83809,0.83821,2.44,1.13
2013.09.18 23:50:21.141,0.8381,0.83822,1.32,3.38
2013.09.18 23:50:21.383,0.83812,0.83823,1.13,1.50
2013.09.18 23:50:22.930,0.83812,0.83823,1.50,1.13
2013.09.18 23:50:24.210,0.83811,0.83821,1.50,1.13
2013.09.18 23:50:25.262,0.83811,0.83821,1.50,1.13
2013.09.18 23:50:25.381,0.83812,0.83825,2.82,2.63
2013.09.18 23:50:25.441,0.83814,0.83826,1.13,2.63
2013.09.18 23:50:25.981,0.83816,0.83825,1.50,1.13
2013.09.18 23:50:26.520,0.83816,0.83826,1.50,1.50
2013.09.18 23:50:27.131,0.83815,0.83826,1.69,1.50
2013.09.18 23:50:28.630,0.83815,0.83826,1.69,1.50
2013.09.18 23:50:39.821,0.83816,0.83824,1.50,1.13
2013.09.18 23:50:40.180,0.83816,0.83826,1.50,1.13
2013.09.18 23:50:40.735,0.83816,0.83826,1.50,1.13
2013.09.18 23:50:40.920,0.83816,0.83825,1.50,1.13
2013.09.18 23:50:43.837,0.83814,0.83825,2.25,1.13
2013.09.18 23:50:44.340,0.83814,0.83824,1.50,1.13
2013.09.18 23:50:45.120,0.83814,0.83824,1.50,1.13
2013.09.18 23:50:46.000,0.83813,0.83823,1.50,1.13
2013.09.18 23:50:46.121,0.83813,0.83823,1.50,1.13
2013.09.18 23:50:46.182,0.83813,0.83826,2.25,2.44
2013.09.18 23:50:46.242,0.83814,0.83826,1.69,2.63
2013.09.18 23:50:46.302,0.83814,0.83826,2.07,1.88
2013.09.18 23:50:46.422,0.83814,0.83826,1.69,1.13
2013.09.18 23:50:46.726,0.83814,0.83825,2.44,1.13
2013.09.18 23:50:51.981,0.83814,0.83825,2.25,1.88
2013.09.18 23:50:55.271,0.83816,0.83826,1.50,1.88
2013.09.18 23:50:55.390,0.83816,0.83826,1.50,1.88
2013.09.18 23:50:55.930,0.83815,0.83826,1.50,1.88
2013.09.18 23:51:00.158,0.83815,0.83826,1.50,1.88
2013.09.18 23:51:01.131,0.83815,0.83826,1.50,1.88
2013.09.18 23:51:04.130,0.83815,0.83826,1.50,1.88
2013.09.18 23:51:06.382,0.83815,0.83825,1.50,1.50
2013.09.18 23:51:09.223,0.83817,0.83826,1.50,1.13
2013.09.18 23:51:10.660,0.83815,0.83826,2.25,1.50
2013.09.18 23:51:10.961,0.83819,0.83827,1.13,2.25
2013.09.18 23:51:11.021,0.83819,0.83829,1.13,1.50
2013.09.18 23:51:11.081,0.83819,0.83831,1.13,2.82
2013.09.18 23:51:11.621,0.83819,0.8383,1.13,1.69
2013.09.18 23:51:11.741,0.83819,0.83828,1.13,1.50
2013.09.18 23:51:12.353,0.83817,0.83827,1.88,1.50
2013.09.18 23:51:12.829,0.83815,0.83826,1.50,1.13
2013.09.18 23:51:12.950,0.83813,0.83826,3.19,1.88
2013.09.18 23:51:14.075,0.83817,0.83826,1.50,1.13
2013.09.18 23:51:14.204,0.8382,0.8383,1.32,1.88
2013.09.18 23:51:14.392,0.8382,0.83834,2.07,2.82
2013.09.18 23:51:14.930,0.8382,0.83833,2.82,1.69
2013.09.18 23:51:15.111,0.83822,0.83834,1.13,2.82
2013.09.18 23:51:15.354,0.8382,0.83832,2.07,1.88
2013.09.18 23:51:15.870,0.8382,0.83831,2.07,1.50
2013.09.18 23:51:17.540,0.8382,0.83832,1.32,1.88
2013.09.18 23:51:18.044,0.8382,0.83831,1.32,1.50
2013.09.18 23:51:19.031,0.83824,0.83833,1.88,1.50
2013.09.18 23:51:19.092,0.83827,0.83833,1.69,1.50
2013.09.18 23:51:19.340,0.83826,0.83837,1.88,1.50
2013.09.18 23:51:19.640,0.83826,0.83836,1.50,1.13
2013.09.18 23:51:21.290,0.83826,0.83836,1.50,2.25
2013.09.18 23:51:21.868,0.83824,0.83836,2.07,1.50
2013.09.18 23:51:23.931,0.83827,0.83836,1.13,1.50
2013.09.18 23:51:24.053,0.83828,0.8384,1.13,2.82
2013.09.18 23:51:24.600,0.83829,0.83841,2.44,1.50
2013.09.18 23:51:24.660,0.83829,0.83841,2.44,1.50
2013.09.18 23:51:29.800,0.83829,0.83841,3.42,1.88
2013.09.18 23:51:30.808,0.83829,0.8384,3.42,1.13
2013.09.18 23:51:31.170,0.83827,0.83839,1.69,1.13
2013.09.18 23:51:31.530,0.83825,0.83837,2.44,1.88
2013.09.18 23:51:31.591,0.83825,0.83837,2.44,1.88
2013.09.18 23:51:32.011,0.83823,0.83834,1.13,1.50
2013.09.18 23:51:32.372,0.83823,0.83832,1.13,2.25
2013.09.18 23:51:32.731,0.83822,0.83832,1.13,2.25
2013.09.18 23:51:38.711,0.83821,0.83831,1.13,1.50
2013.09.18 23:51:41.251,0.83821,0.83834,2.07,1.50
2013.09.18 23:51:41.781,0.83822,0.83832,1.13,1.50
2013.09.18 23:51:42.320,0.83821,0.83832,1.13,1.50
2013.09.18 23:51:42.861,0.83821,0.83832,1.13,1.50
2013.09.18 23:51:46.000,0.83822,0.83833,1.50,3.38
2013.09.18 23:51:50.130,0.83822,0.83833,1.50,2.63
2013.09.18 23:51:50.753,0.83822,0.83833,1.88,1.50
2013.09.18 23:51:51.060,0.83825,0.83834,1.13,1.69
2013.09.18 23:51:51.961,0.83825,0.83834,1.13,3.00
2013.09.18 23:51:52.141,0.83823,0.83833,1.13,1.50
2013.09.18 23:51:52.380,0.83822,0.83832,1.88,3.00
2013.09.18 23:51:52.741,0.83824,0.83832,1.13,3.00
2013.09.18 23:51:54.550,0.83824,0.83833,1.13,1.50
2013.09.18 23:51:57.170,0.83824,0.83833,1.13,2.25
2013.09.18 23:52:01.480,0.83823,0.83833,1.50,2.07
2013.09.18 23:52:02.760,0.83823,0.83833,1.50,2.82
2013.09.18 23:52:07.540,0.83823,0.83833,1.50,1.69
2013.09.18 23:52:14.640,0.83823,0.83833,1.50,1.13
2013.09.18 23:52:15.001,0.8382,0.83832,2.07,1.13
2013.09.18 23:52:15.420,0.83819,0.83832,2.44,1.13
2013.09.18 23:52:16.811,0.8382,0.83832,2.07,1.88
2013.09.18 23:52:17.411,0.83822,0.83834,2.63,1.88
2013.09.18 23:52:17.770,0.83823,0.83836,1.50,3.19
2013.09.18 23:52:19.351,0.83825,0.83836,1.50,2.63
2013.09.18 23:52:20.271,0.83825,0.83836,1.50,2.63
2013.09.18 23:52:20.580,0.83825,0.83836,1.50,3.00
2013.09.18 23:52:21.215,0.83825,0.83835,1.50,2.07
2013.09.18 23:52:27.161,0.83825,0.83835,1.50,1.32
2013.09.18 23:52:27.681,0.83826,0.83835,1.50,1.32
2013.09.18 23:52:33.021,0.83825,0.83834,1.50,1.13
2013.09.18 23:52:41.692,0.83825,0.83835,1.13,2.44
2013.09.18 23:52:42.312,0.83825,0.83835,1.13,2.44
2013.09.18 23:52:42.880,0.83825,0.83835,1.50,2.82
2013.09.18 23:52:44.242,0.83825,0.83834,1.50,1.50
2013.09.18 23:52:46.830,0.83825,0.83834,1.50,1.50
2013.09.18 23:52:46.891,0.83823,0.83834,1.88,1.50
2013.09.18 23:52:51.481,0.83823,0.83834,1.88,1.50
2013.09.18 23:52:54.461,0.83823,0.83833,1.88,1.50
2013.09.18 23:52:54.821,0.83823,0.83834,1.88,1.50
2013.09.18 23:52:57.391,0.83823,0.83834,1.88,1.50
2013.09.18 23:52:58.163,0.83823,0.83834,1.88,1.50
2013.09.18 23:53:01.370,0.83823,0.83834,1.88,1.69
2013.09.18 23:53:01.430,0.83825,0.83834,1.13,1.69
2013.09.18 23:53:02.965,0.83825,0.83835,1.13,1.69
2013.09.18 23:53:05.323,0.83825,0.83835,1.13,1.69
2013.09.18 23:53:05.802,0.83825,0.83836,1.13,3.19
2013.09.18 23:53:05.921,0.83824,0.83836,1.88,3.57
2013.09.18 23:53:07.241,0.83825,0.83836,1.13,3.19
2013.09.18 23:53:07.795,0.83827,0.83836,1.13,3.19
2013.09.18 23:53:07.983,0.83825,0.83837,1.13,1.88
2013.09.18 23:53:08.520,0.83826,0.83837,1.13,2.25
2013.09.18 23:53:09.306,0.83826,0.83837,1.13,2.25
2013.09.18 23:53:09.723,0.83825,0.83836,1.50,1.88
2013.09.18 23:53:10.305,0.83824,0.83836,2.07,1.88
2013.09.18 23:53:11.321,0.83824,0.83836,2.07,2.25
2013.09.18 23:53:12.520,0.83826,0.83836,1.50,2.25
2013.09.18 23:53:12.940,0.83826,0.83836,1.13,1.13
2013.09.18 23:53:15.370,0.83827,0.83837,1.50,2.25
2013.09.18 23:53:16.980,0.83826,0.83837,1.88,1.50
2013.09.18 23:53:56.412,0.83829,0.83838,1.50,1.13
2013.09.18 23:53:56.951,0.83826,0.83838,1.32,1.13
2013.09.18 23:53:57.791,0.83827,0.83838,1.50,1.13
2013.09.18 23:54:00.760,0.83828,0.83838,1.50,1.13
2013.09.18 23:54:13.196,0.83827,0.83839,1.13,2.63
2013.09.18 23:54:17.061,0.83827,0.83838,1.13,1.50
2013.09.18 23:54:17.303,0.83827,0.83838,1.69,1.13
2013.09.18 23:54:17.753,0.83827,0.8384,1.69,1.88
2013.09.18 23:54:18.290,0.83829,0.83841,1.69,2.25
2013.09.18 23:54:18.803,0.8383,0.83841,1.32,2.25
2013.09.18 23:54:18.992,0.83828,0.8384,2.07,2.25
2013.09.18 23:54:20.351,0.83828,0.83838,1.69,1.13
2013.09.18 23:54:21.292,0.83828,0.83838,1.69,1.13
2013.09.18 23:54:21.820,0.8383,0.83839,1.50,1.50
2013.09.18 23:54:30.311,0.8383,0.8384,1.50,1.50
2013.09.18 23:54:37.051,0.8383,0.8384,1.50,2.07
2013.09.18 23:54:43.063,0.83828,0.8384,1.32,1.88
2013.09.18 23:54:43.601,0.83828,0.8384,2.07,1.88
2013.09.18 23:54:44.142,0.83828,0.8384,2.07,1.88
2013.09.18 23:54:46.620,0.83828,0.8384,2.07,1.88
2013.09.18 23:54:51.690,0.83827,0.83837,1.69,1.13
2013.09.18 23:54:53.132,0.83827,0.83837,3.19,1.13
2013.09.18 23:54:53.372,0.83827,0.8384,3.19,1.50
2013.09.18 23:54:53.493,0.83827,0.8384,2.82,2.25
2013.09.18 23:54:53.614,0.83827,0.8384,1.50,3.19
2013.09.18 23:54:53.742,0.83827,0.8384,1.13,4.69
2013.09.18 23:54:54.262,0.83827,0.8384,1.50,3.94
2013.09.18 23:54:54.441,0.83827,0.8384,1.13,4.69
2013.09.18 23:54:58.635,0.83827,0.83839,1.13,1.69
2013.09.18 23:54:59.180,0.83826,0.83839,3.38,1.69
2013.09.18 23:54:59.721,0.83827,0.83838,1.50,1.13
2013.09.18 23:55:04.381,0.83826,0.83838,3.00,1.13
2013.09.18 23:55:05.182,0.83826,0.83837,2.25,1.13
2013.09.18 23:55:05.365,0.83828,0.8384,1.88,3.19
2013.09.18 23:55:05.673,0.83827,0.8384,3.00,1.32
2013.09.18 23:55:05.851,0.83828,0.83839,1.50,1.13
2013.09.18 23:55:06.331,0.83824,0.83838,3.94,1.88
2013.09.18 23:55:08.052,0.83825,0.83837,1.88,1.88
2013.09.18 23:55:08.412,0.83825,0.83837,1.88,3.00
2013.09.18 23:55:08.723,0.83822,0.83834,1.13,1.69
2013.09.18 23:55:10.421,0.83825,0.83834,1.13,1.50
2013.09.18 23:55:11.410,0.83822,0.83835,2.82,2.63
2013.09.18 23:55:12.564,0.83823,0.83835,1.88,1.88
2013.09.18 23:55:13.136,0.83824,0.83835,2.44,1.88
2013.09.18 23:55:13.423,0.83828,0.83838,1.50,1.50
2013.09.18 23:55:13.961,0.83828,0.83838,1.50,1.13
2013.09.18 23:55:14.813,0.83828,0.83841,4.32,2.63
2013.09.18 23:55:15.352,0.8383,0.83841,1.13,2.63
2013.09.18 23:55:15.473,0.8383,0.83841,1.13,1.50
2013.09.18 23:55:15.602,0.83831,0.83842,1.13,3.38
2013.09.18 23:55:16.141,0.8383,0.83841,1.50,1.13
2013.09.18 23:55:16.261,0.8383,0.8384,1.50,1.13
2013.09.18 23:55:16.381,0.83831,0.8384,1.50,3.75
2013.09.18 23:55:16.743,0.8383,0.83839,1.50,3.38
2013.09.18 23:55:16.864,0.83824,0.83834,1.13,1.50
2013.09.18 23:55:17.054,0.83822,0.83831,1.50,2.25
2013.09.18 23:55:17.125,0.83821,0.83831,2.03,3.00
2013.09.18 23:55:17.311,0.83818,0.83831,1.13,3.75
2013.09.18 23:55:19.812,0.83819,0.83831,1.50,3.75
2013.09.18 23:55:19.931,0.83819,0.83831,1.50,3.75
2013.09.18 23:55:20.231,0.83823,0.83834,1.50,1.13
2013.09.18 23:55:20.711,0.83823,0.83834,1.50,1.13
2013.09.18 23:55:21.251,0.83823,0.83833,1.50,1.13
2013.09.18 23:55:22.203,0.83825,0.83834,1.50,2.63
2013.09.18 23:55:22.752,0.83825,0.83833,1.50,1.13
2013.09.18 23:55:24.411,0.83824,0.83834,2.25,2.63
2013.09.18 23:55:24.651,0.83827,0.83838,1.69,1.50
2013.09.18 23:55:24.711,0.83827,0.83839,1.69,1.50
2013.09.18 23:55:24.893,0.83827,0.83841,1.69,3.19
2013.09.18 23:55:25.011,0.83826,0.8384,2.44,1.32
2013.09.18 23:55:25.782,0.83827,0.8384,2.07,1.32
2013.09.18 23:55:26.201,0.83827,0.8384,1.69,1.32
2013.09.18 23:55:26.741,0.83829,0.8384,1.50,1.32
2013.09.18 23:55:28.194,0.8383,0.8384,1.50,1.32
2013.09.18 23:55:29.122,0.8383,0.83841,1.50,2.82
2013.09.18 23:55:31.971,0.83831,0.8384,1.50,2.07
2013.09.18 23:55:32.479,0.83831,0.8384,1.50,1.69
2013.09.18 23:55:32.781,0.8383,0.8384,1.50,1.32
2013.09.18 23:55:32.960,0.83831,0.8384,1.50,1.32
2013.09.18 23:55:34.337,0.83831,0.83841,1.50,3.57
2013.09.18 23:55:34.881,0.83832,0.83841,1.50,2.82
2013.09.18 23:55:36.241,0.83831,0.83842,1.50,4.50
2013.09.18 23:55:36.973,0.83832,0.83842,1.50,3.00
2013.09.18 23:55:37.626,0.83832,0.83842,1.50,2.25
2013.09.18 23:55:39.559,0.83833,0.83842,1.50,2.25
2013.09.18 23:55:41.175,0.83834,0.83842,1.50,2.25
2013.09.18 23:55:41.721,0.83834,0.83841,1.50,1.50
2013.09.18 23:55:42.081,0.83829,0.8384,1.50,1.32
2013.09.18 23:55:42.324,0.83827,0.83839,1.50,1.50
2013.09.18 23:55:42.392,0.83826,0.83836,1.50,1.13
2013.09.18 23:55:42.631,0.83822,0.83835,1.69,1.88
2013.09.18 23:55:43.171,0.83822,0.83835,2.44,1.88
2013.09.18 23:55:43.474,0.83826,0.83835,1.50,1.50
2013.09.18 23:55:43.952,0.83821,0.83835,1.69,3.38
2013.09.18 23:55:44.491,0.83821,0.83835,3.57,2.63
2013.09.18 23:55:44.551,0.83822,0.83835,1.69,1.88
2013.09.18 23:55:44.730,0.83822,0.83835,1.69,1.50
2013.09.18 23:55:45.283,0.83822,0.83835,2.07,1.88
2013.09.18 23:55:46.491,0.83823,0.83836,2.63,2.07
2013.09.18 23:55:47.110,0.83823,0.83836,2.25,1.69
2013.09.18 23:55:47.230,0.83826,0.83836,1.50,1.69
2013.09.18 23:55:47.772,0.83824,0.83835,1.50,1.13
2013.09.18 23:55:47.832,0.83823,0.83835,1.13,1.13
2013.09.18 23:55:48.131,0.83823,0.83835,1.50,1.50
2013.09.18 23:55:48.992,0.83823,0.83835,1.50,1.50
2013.09.18 23:55:49.788,0.83825,0.83836,1.50,1.88
2013.09.18 23:55:49.972,0.83825,0.83837,1.88,3.75
2013.09.18 23:55:50.511,0.83825,0.83837,1.88,1.13
