2013.09.04 22:00:00.125,0.84502,0.8452,0.78,1.50
2013.09.04 22:00:00.686,0.84505,0.84519,0.75,0.75
2013.09.04 22:00:00.994,0.84507,0.84519,0.38,0.75
2013.09.04 22:00:01.495,0.84506,0.84519,0.75,1.50
2013.09.04 22:00:02.424,0.84509,0.84519,0.75,1.50
2013.09.04 22:00:03.255,0.84504,0.84519,0.78,1.50
2013.09.04 22:00:03.503,0.84509,0.84518,0.75,0.75
2013.09.04 22:00:04.054,0.84509,0.84519,0.75,0.75
2013.09.04 22:00:04.864,0.84509,0.84518,0.75,0.75
2013.09.04 22:00:05.654,0.84509,0.84519,0.75,1.50
2013.09.04 22:00:05.895,0.84511,0.84519,0.75,0.75
2013.09.04 22:00:06.825,0.84513,0.84519,0.75,2.25
2013.09.04 22:00:06.885,0.84508,0.84518,0.75,0.75
2013.09.04 22:00:07.424,0.84508,0.84519,0.75,2.25
2013.09.04 22:00:08.134,0.84509,0.84516,0.75,0.75
2013.09.04 22:00:08.255,0.84505,0.84516,0.75,0.75
2013.09.04 22:00:08.314,0.84505,0.84518,0.75,0.75
2013.09.04 22:00:08.875,0.84505,0.84519,0.75,2.25
2013.09.04 22:00:11.964,0.84505,0.84517,0.75,0.75
2013.09.04 22:00:13.653,0.84505,0.84519,0.78,1.50
2013.09.04 22:00:15.704,0.84503,0.84516,0.75,0.75
2013.09.04 22:00:15.824,0.84503,0.84519,0.78,2.25
2013.09.04 22:00:16.373,0.84503,0.84518,1.53,0.75
2013.09.04 22:00:18.163,0.84503,0.84518,1.53,0.75
2013.09.04 22:00:23.163,0.84505,0.84519,1.53,0.75
2013.09.04 22:00:23.762,0.84506,0.8452,1.53,1.50
2013.09.04 22:00:24.589,0.84507,0.8452,0.75,1.50
2013.09.04 22:00:25.953,0.84507,0.8452,0.78,0.75
2013.09.04 22:00:28.103,0.84508,0.8452,0.78,0.75
2013.09.04 22:00:28.651,0.84508,0.8452,0.78,0.75
2013.09.04 22:00:29.992,0.84508,0.8452,0.78,0.75
2013.09.04 22:00:34.614,0.84509,0.8452,0.78,0.75
2013.09.04 22:00:35.094,0.84511,0.8452,0.78,0.75
2013.09.04 22:00:35.214,0.84513,0.84522,1.50,0.75
2013.09.04 22:00:35.753,0.84513,0.84524,1.14,0.75
2013.09.04 22:00:36.293,0.84513,0.84523,1.11,0.75
2013.09.04 22:00:36.413,0.84511,0.84523,0.38,0.75
2013.09.04 22:00:36.944,0.84513,0.84523,0.38,0.75
2013.09.04 22:00:45.819,0.84513,0.84522,1.13,0.75
2013.09.04 22:00:46.083,0.84513,0.84524,1.13,0.75
2013.09.04 22:00:46.733,0.84513,0.84522,1.13,0.75
2013.09.04 22:00:46.914,0.84513,0.84524,1.13,0.75
2013.09.04 22:00:47.154,0.84513,0.84522,1.13,0.75
2013.09.04 22:00:48.144,0.84513,0.84524,1.13,0.75
2013.09.04 22:00:48.264,0.84513,0.84522,1.13,0.75
2013.09.04 22:00:48.504,0.84513,0.84524,1.13,0.75
2013.09.04 22:00:48.624,0.84513,0.84522,1.13,0.75
2013.09.04 22:00:49.053,0.84513,0.84524,1.13,0.75
2013.09.04 22:00:49.233,0.84513,0.84522,1.13,0.75
2013.09.04 22:00:49.474,0.84513,0.84524,1.13,0.75
2013.09.04 22:00:49.594,0.84513,0.84522,1.13,0.75
2013.09.04 22:00:49.713,0.84513,0.84524,1.13,0.75
2013.09.04 22:00:49.834,0.84513,0.84522,1.13,0.75
2013.09.04 22:00:50.013,0.84513,0.84524,1.13,0.75
2013.09.04 22:00:50.253,0.84513,0.84522,1.13,0.75
2013.09.04 22:00:50.494,0.84513,0.84524,1.13,0.75
2013.09.04 22:00:51.034,0.84513,0.8453,0.75,1.13
2013.09.04 22:00:51.814,0.84515,0.8453,0.75,0.75
2013.09.04 22:00:56.435,0.84514,0.8453,0.75,0.75
2013.09.04 22:01:11.443,0.84514,0.84529,0.75,0.75
2013.09.04 22:01:12.083,0.84514,0.84528,0.75,0.75
2013.09.04 22:01:12.683,0.84514,0.84529,0.75,1.50
2013.09.04 22:01:13.223,0.84514,0.8453,0.75,0.75
2013.09.04 22:01:14.964,0.84514,0.84528,0.75,0.75
2013.09.04 22:01:15.806,0.84514,0.84529,0.75,0.75
2013.09.04 22:01:16.184,0.84514,0.84531,0.78,0.75
2013.09.04 22:01:16.743,0.84514,0.84531,0.78,0.75
2013.09.04 22:01:24.537,0.84513,0.84524,0.41,0.75
2013.09.04 22:01:24.784,0.84512,0.84524,1.53,0.75
2013.09.04 22:01:24.964,0.84514,0.84527,0.78,0.75
2013.09.04 22:01:25.205,0.84519,0.8453,0.75,0.75
2013.09.04 22:01:25.747,0.84519,0.84531,0.75,0.75
2013.09.04 22:01:25.816,0.84517,0.84531,0.75,0.75
2013.09.04 22:01:29.318,0.84519,0.84531,0.75,0.75
2013.09.04 22:01:30.473,0.84519,0.8453,0.75,0.75
2013.09.04 22:01:34.484,0.84519,0.84531,0.75,0.75
2013.09.04 22:01:35.000,0.84519,0.8453,0.75,0.75
2013.09.04 22:01:40.295,0.84519,0.84531,0.75,0.75
2013.09.04 22:01:41.914,0.84519,0.8453,0.75,0.75
2013.09.04 22:01:42.453,0.84519,0.84531,0.75,0.75
2013.09.04 22:01:43.664,0.84519,0.8453,0.75,0.75
2013.09.04 22:01:44.203,0.84519,0.84531,0.75,0.75
2013.09.04 22:01:45.607,0.84519,0.8453,0.75,0.75
2013.09.04 22:01:46.174,0.84519,0.84531,0.75,0.75
2013.09.04 22:01:46.714,0.84519,0.8453,0.75,0.75
2013.09.04 22:01:48.044,0.84519,0.84527,0.75,0.75
2013.09.04 22:01:48.643,0.84519,0.84528,0.75,0.75
2013.09.04 22:01:51.413,0.84519,0.84529,0.75,0.75
2013.09.04 22:01:51.533,0.84519,0.84532,0.75,0.75
2013.09.04 22:01:54.393,0.84519,0.8453,0.75,0.75
2013.09.04 22:01:55.021,0.84519,0.84529,0.75,0.75
2013.09.04 22:02:00.786,0.8452,0.84529,0.75,0.75
2013.09.04 22:02:03.645,0.8452,0.8453,0.75,0.75
2013.09.04 22:02:11.254,0.84523,0.8453,0.75,0.75
2013.09.04 22:02:11.804,0.84524,0.84531,0.75,0.75
2013.09.04 22:02:14.714,0.84519,0.8453,0.75,0.75
2013.09.04 22:02:17.743,0.84519,0.84531,0.75,2.25
2013.09.04 22:02:18.701,0.84519,0.8453,0.75,0.75
2013.09.04 22:02:19.364,0.84519,0.84531,0.75,2.25
2013.09.04 22:02:23.374,0.84524,0.84531,0.75,0.75
2013.09.04 22:02:23.615,0.84527,0.84533,0.75,0.75
2013.09.04 22:02:24.244,0.84527,0.84534,0.75,0.75
2013.09.04 22:02:26.364,0.84527,0.84533,0.75,0.75
2013.09.04 22:02:26.584,0.84527,0.84535,0.75,0.75
2013.09.04 22:02:27.113,0.84527,0.84536,0.75,0.75
2013.09.04 22:02:28.653,0.84527,0.84535,0.75,0.75
2013.09.04 22:02:29.363,0.84527,0.84536,0.75,0.75
2013.09.04 22:02:33.024,0.84527,0.84535,0.75,0.75
2013.09.04 22:02:33.634,0.84527,0.84536,0.75,0.75
2013.09.04 22:02:34.114,0.84522,0.84534,0.75,0.75
2013.09.04 22:02:34.648,0.84523,0.84532,0.75,0.75
2013.09.04 22:02:34.716,0.84523,0.84534,0.75,1.50
2013.09.04 22:02:35.254,0.84523,0.84533,0.75,0.75
2013.09.04 22:02:35.814,0.84522,0.84534,0.75,0.75
2013.09.04 22:02:42.574,0.84522,0.84533,0.75,0.75
2013.09.04 22:02:48.054,0.84522,0.84534,0.75,3.00
2013.09.04 22:02:52.066,0.84522,0.84533,0.75,0.75
2013.09.04 22:02:54.074,0.84522,0.84534,0.75,1.50
2013.09.04 22:02:54.694,0.84522,0.84533,0.75,0.75
2013.09.04 22:03:10.524,0.84522,0.84534,0.75,1.50
2013.09.04 22:03:20.254,0.84521,0.84534,0.75,0.75
2013.09.04 22:03:20.495,0.84525,0.84534,0.75,0.75
2013.09.04 22:03:21.844,0.84525,0.84533,0.75,0.75
2013.09.04 22:03:26.857,0.84525,0.84534,0.75,0.75
2013.09.04 22:03:27.974,0.84525,0.84533,0.75,0.75
2013.09.04 22:03:30.016,0.84525,0.84534,0.75,0.75
2013.09.04 22:03:30.784,0.84525,0.84533,0.75,0.75
2013.09.04 22:03:31.914,0.84525,0.84534,0.75,1.50
2013.09.04 22:03:34.404,0.84525,0.84533,0.75,0.75
2013.09.04 22:03:42.284,0.84525,0.84534,0.75,0.75
2013.09.04 22:03:48.154,0.84525,0.84536,0.75,0.75
2013.09.04 22:03:48.694,0.84525,0.84535,0.75,0.75
2013.09.04 22:03:49.364,0.84525,0.84536,0.75,0.75
2013.09.04 22:03:50.055,0.84524,0.84536,0.75,0.75
2013.09.04 22:04:03.364,0.84525,0.84536,0.75,0.75
2013.09.04 22:04:10.374,0.84521,0.84537,1.13,1.50
2013.09.04 22:04:20.066,0.84522,0.84539,1.13,1.50
2013.09.04 22:04:21.300,0.84522,0.84539,1.13,2.25
2013.09.04 22:04:21.845,0.84521,0.84539,1.13,1.50
2013.09.04 22:04:42.024,0.84521,0.84539,1.13,2.25
2013.09.04 22:04:42.552,0.84521,0.84539,1.16,1.50
2013.09.04 22:04:45.314,0.84521,0.84539,1.16,2.25
2013.09.04 22:04:45.877,0.84521,0.84539,1.16,1.50
2013.09.04 22:05:10.604,0.84522,0.84539,1.13,1.50
2013.09.04 22:05:13.748,0.84521,0.84538,1.13,1.50
2013.09.04 22:05:14.114,0.84521,0.84536,1.13,1.50
2013.09.04 22:05:16.965,0.84517,0.84537,1.88,2.25
2013.09.04 22:05:17.773,0.84517,0.84536,1.13,1.50
2013.09.04 22:05:38.151,0.84518,0.84535,1.13,1.50
2013.09.04 22:05:58.181,0.84518,0.84536,1.13,1.50
2013.09.04 22:06:13.762,0.84517,0.84536,1.88,1.50
2013.09.04 22:06:25.132,0.84516,0.84536,1.91,2.25
2013.09.04 22:06:27.442,0.84516,0.84535,1.16,1.50
2013.09.04 22:06:33.162,0.84517,0.84536,1.53,1.50
2013.09.04 22:06:33.463,0.84523,0.84539,1.53,1.13
2013.09.04 22:06:33.823,0.84523,0.84539,2.28,1.88
2013.09.04 22:06:48.683,0.84519,0.84539,4.91,1.88
2013.09.04 22:06:48.982,0.84521,0.84539,1.53,2.63
2013.09.04 22:06:49.702,0.84521,0.84538,1.53,1.50
2013.09.04 22:06:52.272,0.84521,0.84538,2.28,1.50
2013.09.04 22:07:17.592,0.84519,0.84538,3.78,1.50
2013.09.04 22:07:17.712,0.8452,0.84539,1.53,2.63
2013.09.04 22:07:18.051,0.8452,0.84539,1.53,2.63
2013.09.04 22:07:18.111,0.84519,0.84538,3.78,1.50
2013.09.04 22:07:19.154,0.84519,0.84538,3.78,1.50
2013.09.04 22:07:19.392,0.84519,0.84538,3.03,1.50
2013.09.04 22:07:19.751,0.84522,0.84539,2.28,3.38
2013.09.04 22:07:25.955,0.8452,0.84539,1.53,3.38
2013.09.04 22:07:49.392,0.84519,0.84538,1.53,1.50
2013.09.04 22:08:02.462,0.84519,0.84538,1.53,1.50
2013.09.04 22:08:15.782,0.84519,0.84538,3.78,1.50
2013.09.04 22:08:15.902,0.8452,0.84539,1.53,2.63
2013.09.04 22:08:29.112,0.84521,0.84538,2.28,1.50
2013.09.04 22:08:33.918,0.84523,0.84537,1.53,1.50
2013.09.04 22:08:43.821,0.84521,0.84538,2.28,1.50
2013.09.04 22:08:49.352,0.8452,0.84538,2.28,1.50
2013.09.04 22:08:53.382,0.8452,0.84538,2.28,1.50
2013.09.04 22:09:00.083,0.84519,0.84537,3.03,1.50
2013.09.04 22:09:35.452,0.8452,0.84537,1.53,2.25
2013.09.04 22:09:53.515,0.84519,0.84537,3.78,2.25
2013.09.04 22:10:00.321,0.8452,0.84537,2.25,1.50
2013.09.04 22:10:05.491,0.8452,0.84537,1.50,1.50
2013.09.04 22:10:05.672,0.84521,0.84539,3.00,2.63
2013.09.04 22:10:07.641,0.84521,0.84539,1.50,2.63
2013.09.04 22:10:07.762,0.84521,0.84538,1.50,1.50
2013.09.04 22:10:08.362,0.84522,0.84539,3.38,2.63
2013.09.04 22:10:12.195,0.84522,0.84539,3.00,2.63
2013.09.04 22:10:14.952,0.84522,0.84539,3.75,2.63
2013.09.04 22:10:15.571,0.84524,0.8454,1.91,2.63
2013.09.04 22:10:16.251,0.84525,0.8454,1.16,1.88
2013.09.04 22:10:26.683,0.84525,0.84539,1.16,1.50
2013.09.04 22:10:27.233,0.84521,0.84537,1.53,1.50
2013.09.04 22:10:40.982,0.84522,0.84538,1.53,1.50
2013.09.04 22:10:41.172,0.84522,0.84538,1.53,2.25
2013.09.04 22:10:46.182,0.84522,0.84537,1.53,1.50
2013.09.04 22:10:46.722,0.8452,0.84536,1.53,1.50
2013.09.04 22:10:47.261,0.84519,0.84535,1.91,2.25
2013.09.04 22:11:00.601,0.84519,0.84535,1.53,1.50
2013.09.04 22:11:01.143,0.84518,0.84533,1.53,1.50
2013.09.04 22:11:20.659,0.84518,0.8453,1.53,1.50
2013.09.04 22:11:35.406,0.84518,0.8453,2.28,1.50
2013.09.04 22:11:35.978,0.84518,0.84533,2.28,1.50
2013.09.04 22:12:00.601,0.84517,0.84533,1.53,1.50
2013.09.04 22:12:03.692,0.84518,0.84535,2.28,3.75
2013.09.04 22:12:25.313,0.84517,0.84533,2.28,2.25
2013.09.04 22:12:46.595,0.84518,0.84533,1.53,2.25
2013.09.04 22:13:19.952,0.84518,0.84532,2.28,1.50
2013.09.04 22:13:20.673,0.84518,0.84533,1.53,2.25
2013.09.04 22:13:35.562,0.84518,0.84532,1.53,2.25
2013.09.04 22:13:35.682,0.84518,0.84533,1.53,1.50
2013.09.04 22:13:46.602,0.84517,0.84534,1.91,2.25
2013.09.04 22:14:35.641,0.84518,0.84535,2.25,2.25
2013.09.04 22:15:32.612,0.84518,0.84535,2.25,3.00
2013.09.04 22:15:35.692,0.84516,0.84534,1.16,1.88
2013.09.04 22:15:54.503,0.84518,0.84534,1.53,1.50
2013.09.04 22:16:09.473,0.84521,0.84534,1.50,1.50
2013.09.04 22:16:09.653,0.84522,0.84535,1.13,2.25
2013.09.04 22:16:09.712,0.84522,0.84535,1.13,2.25
2013.09.04 22:16:09.893,0.84519,0.84535,3.00,1.50
2013.09.04 22:16:10.433,0.84518,0.84533,2.28,1.50
2013.09.04 22:16:13.992,0.84518,0.84534,2.28,1.50
2013.09.04 22:16:14.621,0.84519,0.84534,1.16,1.50
2013.09.04 22:16:17.712,0.84519,0.84534,1.16,1.50
2013.09.04 22:16:30.782,0.84519,0.84534,1.16,1.50
2013.09.04 22:16:45.186,0.84519,0.84534,1.16,1.50
2013.09.04 22:16:45.693,0.84519,0.84534,1.16,1.50
2013.09.04 22:17:42.416,0.84518,0.84531,1.53,1.50
2013.09.04 22:18:21.152,0.84518,0.84531,1.53,1.50
2013.09.04 22:18:41.457,0.84518,0.84535,2.28,3.75
2013.09.04 22:19:27.256,0.84518,0.84535,2.28,3.75
2013.09.04 22:19:29.538,0.84518,0.84535,2.28,3.75
2013.09.04 22:19:37.364,0.84518,0.84534,3.03,1.50
2013.09.04 22:19:38.023,0.84518,0.84533,3.03,1.50
2013.09.04 22:19:47.255,0.84518,0.84533,3.03,1.50
2013.09.04 22:19:47.374,0.84518,0.84533,3.03,1.50
2013.09.04 22:19:47.933,0.84518,0.84532,1.53,1.50
2013.09.04 22:19:50.555,0.84519,0.84535,1.16,3.75
2013.09.04 22:19:50.627,0.84518,0.84535,1.53,3.75
2013.09.04 22:19:51.267,0.84518,0.84531,1.53,1.50
2013.09.04 22:20:12.103,0.84518,0.8453,2.28,1.50
2013.09.04 22:20:20.973,0.84518,0.84531,2.28,1.50
2013.09.04 22:20:22.043,0.84518,0.8453,2.28,1.50
2013.09.04 22:20:22.583,0.84518,0.8453,2.28,1.50
2013.09.04 22:20:23.243,0.84518,0.8453,2.28,1.50
2013.09.04 22:20:36.013,0.84518,0.84533,2.28,1.50
2013.09.04 22:20:37.763,0.84518,0.8453,2.28,1.50
2013.09.04 22:20:38.852,0.84518,0.84531,2.28,1.50
2013.09.04 22:20:46.162,0.84518,0.8453,2.28,1.50
2013.09.04 22:20:46.223,0.84518,0.8453,2.28,1.50
2013.09.04 22:20:51.982,0.84518,0.84534,1.53,1.50
2013.09.04 22:21:00.792,0.84518,0.84534,1.53,1.50
2013.09.04 22:21:02.192,0.84518,0.84534,1.53,1.50
2013.09.04 22:21:03.953,0.84518,0.84534,1.53,1.50
2013.09.04 22:21:05.473,0.84518,0.84534,1.53,1.50
2013.09.04 22:21:06.904,0.84518,0.84534,1.53,1.50
2013.09.04 22:21:22.183,0.84519,0.84535,1.16,3.00
2013.09.04 22:21:22.423,0.84518,0.84535,2.66,3.00
2013.09.04 22:21:36.093,0.84518,0.84532,2.28,1.50
2013.09.04 22:21:36.216,0.84518,0.84532,2.28,1.50
2013.09.04 22:21:53.014,0.84518,0.84532,1.53,1.50
2013.09.04 22:22:36.202,0.84519,0.84534,2.25,1.50
2013.09.04 22:22:36.733,0.84519,0.84533,1.50,1.50
2013.09.04 22:22:38.753,0.84519,0.84534,1.50,2.25
2013.09.04 22:22:39.292,0.84519,0.84533,1.50,1.50
2013.09.04 22:22:40.372,0.84519,0.84534,1.50,2.25
2013.09.04 22:22:42.435,0.84519,0.84533,2.25,1.50
2013.09.04 22:22:46.132,0.84519,0.84534,1.50,2.25
2013.09.04 22:22:46.793,0.84519,0.84533,1.50,1.50
2013.09.04 22:22:50.633,0.84519,0.84534,2.25,1.50
2013.09.04 22:22:53.229,0.84519,0.84535,1.50,1.50
2013.09.04 22:22:57.712,0.84519,0.84533,1.53,1.50
2013.09.04 22:23:57.702,0.84519,0.84535,1.50,1.50
2013.09.04 22:24:28.630,0.84518,0.84537,2.25,1.50
2013.09.04 22:24:29.352,0.84518,0.84537,3.00,1.50
2013.09.04 22:24:32.422,0.84517,0.84537,2.63,1.50
2013.09.04 22:24:33.762,0.84518,0.84537,1.50,1.50
2013.09.04 22:24:34.483,0.84519,0.84537,1.53,2.25
2013.09.04 22:25:09.122,0.84518,0.84532,1.53,1.50
2013.09.04 22:25:57.651,0.8452,0.84532,2.28,1.50
2013.09.04 22:26:22.653,0.84519,0.84533,2.66,1.50
2013.09.04 22:26:35.114,0.84519,0.84534,1.16,2.25
2013.09.04 22:26:35.680,0.84519,0.84534,1.91,1.50
2013.09.04 22:26:36.223,0.84519,0.84533,1.16,1.50
2013.09.04 22:26:36.689,0.84519,0.84534,1.91,1.50
2013.09.04 22:26:40.991,0.84519,0.84534,1.91,1.50
2013.09.04 22:26:42.036,0.84519,0.84533,1.16,1.50
2013.09.04 22:26:58.623,0.84519,0.84534,1.91,1.50
2013.09.04 22:26:59.012,0.84519,0.84534,1.91,1.50
2013.09.04 22:27:01.824,0.84519,0.84533,1.91,1.50
2013.09.04 22:27:01.885,0.84519,0.84533,1.16,1.50
2013.09.04 22:27:02.234,0.84519,0.84533,1.91,1.50
2013.09.04 22:27:08.103,0.84519,0.84533,1.53,2.25
2013.09.04 22:27:08.363,0.84519,0.84533,2.28,1.50
2013.09.04 22:27:08.901,0.84519,0.84533,2.28,1.50
2013.09.04 22:27:09.675,0.84519,0.84531,1.53,1.50
2013.09.04 22:27:24.364,0.84519,0.84532,2.28,1.50
2013.09.04 22:27:24.484,0.84518,0.84532,4.91,1.50
2013.09.04 22:27:54.243,0.84519,0.84532,2.28,1.50
2013.09.04 22:28:24.461,0.84518,0.84533,3.75,1.50
2013.09.04 22:28:40.332,0.84518,0.84533,3.75,1.50
2013.09.04 22:28:40.574,0.84518,0.84532,3.78,1.50
2013.09.04 22:28:41.235,0.84518,0.84531,3.78,1.50
2013.09.04 22:28:42.803,0.84518,0.84532,3.78,1.50
2013.09.04 22:28:43.223,0.84518,0.84532,3.78,1.50
2013.09.04 22:28:44.774,0.84519,0.84531,2.28,1.50
2013.09.04 22:29:01.584,0.84519,0.8453,1.53,1.50
2013.09.04 22:29:02.133,0.84518,0.8453,2.28,1.50
2013.09.04 22:29:02.675,0.84519,0.8453,1.53,1.50
2013.09.04 22:29:03.454,0.84519,0.84529,1.53,1.50
2013.09.04 22:29:05.535,0.84519,0.8453,1.53,1.50
2013.09.04 22:29:05.893,0.84518,0.8453,2.28,1.50
2013.09.04 22:29:07.940,0.84519,0.8453,1.53,1.50
2013.09.04 22:29:08.614,0.84519,0.8453,1.53,1.50
2013.09.04 22:29:20.215,0.84519,0.8453,1.53,1.50
2013.09.04 22:30:00.104,0.84519,0.84529,1.53,1.50
2013.09.04 22:30:59.981,0.84519,0.84534,1.50,1.50
2013.09.04 22:31:30.123,0.8452,0.84535,1.50,3.75
2013.09.04 22:31:41.874,0.8452,0.8453,1.53,1.50
2013.09.04 22:31:50.784,0.8452,0.84531,1.53,1.50
2013.09.04 22:32:32.694,0.8452,0.8453,1.53,1.50
2013.09.04 22:33:16.537,0.84519,0.8453,3.03,1.50
2013.09.04 22:33:32.923,0.84519,0.84532,1.50,1.13
2013.09.04 22:33:34.117,0.84519,0.84532,1.50,1.13
2013.09.04 22:33:50.394,0.8452,0.84532,1.50,1.13
2013.09.04 22:33:55.895,0.8452,0.84532,1.50,1.13
2013.09.04 22:34:06.916,0.8452,0.84532,1.50,1.13
2013.09.04 22:34:15.164,0.8452,0.84532,1.50,1.13
2013.09.04 22:34:57.404,0.84519,0.84532,1.50,1.13
2013.09.04 22:34:59.604,0.84518,0.84532,1.50,1.13
2013.09.04 22:34:59.964,0.84519,0.84531,1.53,1.50
2013.09.04 22:35:05.514,0.84519,0.8453,1.53,1.50
2013.09.04 22:35:07.120,0.84519,0.84533,1.53,1.13
2013.09.04 22:35:11.665,0.84522,0.84534,1.50,1.88
2013.09.04 22:35:11.964,0.84524,0.84538,1.50,1.88
2013.09.04 22:35:12.025,0.84524,0.84538,1.50,2.63
2013.09.04 22:35:12.205,0.84522,0.84535,1.50,1.13
2013.09.04 22:35:16.556,0.84522,0.84535,1.53,1.88
2013.09.04 22:35:17.364,0.84522,0.84534,1.53,1.50
2013.09.04 22:35:20.185,0.84523,0.84537,1.53,1.50
2013.09.04 22:35:20.244,0.84523,0.84537,1.53,1.50
2013.09.04 22:35:20.304,0.84523,0.84537,1.53,1.50
2013.09.04 22:35:20.724,0.84524,0.84533,1.53,1.50
2013.09.04 22:35:20.845,0.84522,0.84534,1.53,1.50
2013.09.04 22:35:20.905,0.84522,0.84534,1.53,1.50
2013.09.04 22:35:21.837,0.84522,0.84533,1.53,1.50
2013.09.04 22:35:23.416,0.84522,0.84533,1.53,1.50
2013.09.04 22:35:23.956,0.84522,0.84533,1.53,1.50
2013.09.04 22:35:30.184,0.84525,0.84538,1.13,2.25
2013.09.04 22:35:30.305,0.84525,0.84538,1.13,1.50
2013.09.04 22:35:30.485,0.84527,0.84541,1.13,2.25
2013.09.04 22:35:30.664,0.84525,0.8454,1.50,2.63
2013.09.04 22:35:30.965,0.84525,0.84537,1.50,1.13
2013.09.04 22:35:31.084,0.84523,0.84536,1.50,1.50
2013.09.04 22:35:31.634,0.84522,0.84534,1.53,1.50
2013.09.04 22:35:32.311,0.84522,0.84533,1.53,1.50
2013.09.04 22:35:39.464,0.84523,0.84537,1.53,1.50
2013.09.04 22:35:39.706,0.84525,0.84538,1.13,1.50
2013.09.04 22:35:39.825,0.84525,0.84538,1.13,1.50
2013.09.04 22:35:42.224,0.84525,0.84538,1.16,1.50
2013.09.04 22:35:43.955,0.84525,0.84538,1.16,1.50
2013.09.04 22:36:00.615,0.84529,0.8454,1.50,1.50
2013.09.04 22:36:00.675,0.84528,0.8454,1.50,1.50
2013.09.04 22:36:00.734,0.84529,0.8454,2.25,1.50
2013.09.04 22:36:00.914,0.84532,0.84542,1.13,1.50
2013.09.04 22:36:01.035,0.84532,0.84544,1.13,2.25
2013.09.04 22:36:01.574,0.84533,0.84547,1.13,1.50
2013.09.04 22:36:02.665,0.84532,0.84546,1.13,1.50
2013.09.04 22:36:03.204,0.84533,0.84545,1.13,1.50
2013.09.04 22:36:03.324,0.84534,0.84548,1.50,1.50
2013.09.04 22:36:05.414,0.84534,0.84548,1.53,1.50
2013.09.04 22:36:07.054,0.84534,0.84548,1.53,1.50
2013.09.04 22:36:08.284,0.84534,0.84548,1.53,1.50
2013.09.04 22:36:08.404,0.84534,0.84548,1.53,1.50
2013.09.04 22:36:09.395,0.84533,0.84547,1.91,1.50
2013.09.04 22:36:11.716,0.84533,0.84547,1.91,1.50
2013.09.04 22:36:21.977,0.84533,0.84545,1.53,1.50
2013.09.04 22:36:26.516,0.8453,0.84544,1.53,1.50
2013.09.04 22:36:40.077,0.8453,0.84544,1.53,1.50
2013.09.04 22:37:03.424,0.84529,0.84543,1.53,1.50
2013.09.04 22:37:18.434,0.84528,0.84542,1.13,2.25
2013.09.04 22:37:25.925,0.84527,0.84541,1.53,1.50
2013.09.04 22:37:26.522,0.84526,0.84541,1.53,2.25
2013.09.04 22:37:27.856,0.84527,0.84541,1.50,1.50
2013.09.04 22:37:29.205,0.84526,0.84541,2.25,1.50
2013.09.04 22:37:29.835,0.84526,0.8454,1.53,1.50
2013.09.04 22:38:54.779,0.84525,0.84541,1.88,1.50
2013.09.04 22:39:00.903,0.84522,0.84545,1.13,3.00
2013.09.04 22:39:07.394,0.84522,0.84545,1.16,3.75
2013.09.04 22:39:28.294,0.84522,0.84545,1.16,3.75
2013.09.04 22:39:44.655,0.84523,0.84544,1.16,2.25
2013.09.04 22:39:45.446,0.84523,0.84543,1.16,1.50
2013.09.04 22:40:04.725,0.84523,0.84543,1.16,1.50
2013.09.04 22:40:05.414,0.84523,0.84543,1.16,1.50
2013.09.04 22:40:14.305,0.84523,0.84544,1.16,2.63
2013.09.04 22:40:20.114,0.84523,0.84544,1.16,2.63
2013.09.04 22:40:25.706,0.84523,0.84543,1.13,1.88
2013.09.04 22:40:25.765,0.84523,0.84541,1.88,1.50
2013.09.04 22:40:26.378,0.84523,0.84539,2.63,1.50
2013.09.04 22:40:46.081,0.84523,0.84539,1.88,2.25
2013.09.04 22:41:19.886,0.84522,0.84538,1.50,1.50
2013.09.04 22:41:40.537,0.84522,0.84537,1.13,1.50
2013.09.04 22:41:42.540,0.84521,0.84537,1.50,1.50
2013.09.04 22:41:42.845,0.8452,0.84535,1.50,2.25
2013.09.04 22:41:44.454,0.8452,0.84535,1.53,2.25
2013.09.04 22:41:50.305,0.8452,0.84534,1.50,1.50
2013.09.04 22:41:50.814,0.8452,0.84534,1.53,1.50
2013.09.04 22:41:52.925,0.8452,0.84534,1.53,2.25
2013.09.04 22:41:53.539,0.84519,0.84534,1.53,2.25
2013.09.04 22:41:54.375,0.84519,0.84534,1.53,2.25
2013.09.04 22:42:01.205,0.84519,0.84534,1.53,1.50
2013.09.04 22:42:01.746,0.84519,0.84534,1.53,2.25
2013.09.04 22:42:02.515,0.84519,0.84534,1.53,1.50
2013.09.04 22:42:03.263,0.84519,0.84534,1.53,2.25
2013.09.04 22:42:17.795,0.84519,0.84534,1.53,2.25
2013.09.04 22:42:18.096,0.84521,0.84536,2.25,1.50
2013.09.04 22:42:18.159,0.84521,0.84536,2.28,1.50
2013.09.04 22:42:18.225,0.84524,0.84537,1.50,1.50
2013.09.04 22:42:19.845,0.84522,0.84536,1.53,1.50
2013.09.04 22:42:27.135,0.84522,0.84536,1.53,1.50
2013.09.04 22:42:27.255,0.84522,0.84536,1.53,1.50
2013.09.04 22:42:27.436,0.8452,0.84535,1.53,1.50
2013.09.04 22:42:28.115,0.84521,0.84536,1.53,2.25
2013.09.04 22:42:30.214,0.84521,0.84536,1.53,2.25
2013.09.04 22:43:26.645,0.8452,0.84534,1.53,2.25
2013.09.04 22:43:27.975,0.8452,0.84534,1.53,2.25
2013.09.04 22:43:36.542,0.8452,0.84534,1.53,2.25
2013.09.04 22:43:37.695,0.8452,0.84534,1.53,2.25
2013.09.04 22:44:02.755,0.8452,0.84534,1.53,1.50
2013.09.04 22:44:03.295,0.8452,0.84534,1.53,1.50
2013.09.04 22:44:12.745,0.84519,0.84538,1.91,2.63
2013.09.04 22:44:14.931,0.84519,0.84537,1.91,1.13
2013.09.04 22:44:29.584,0.84519,0.84538,1.91,1.88
2013.09.04 22:44:30.992,0.84519,0.84538,1.91,4.13
2013.09.04 22:44:39.604,0.84519,0.84538,1.91,2.63
2013.09.04 22:44:40.575,0.84519,0.84538,1.91,2.25
2013.09.04 22:44:42.365,0.8452,0.84537,1.16,1.13
2013.09.04 22:44:42.606,0.84526,0.84537,1.13,1.13
2013.09.04 22:44:43.145,0.84526,0.84537,1.13,1.50
2013.09.04 22:44:45.622,0.84526,0.84537,1.13,1.50
2013.09.04 22:44:47.066,0.84526,0.84537,1.13,1.50
2013.09.04 22:44:52.256,0.84526,0.84537,1.16,1.50
2013.09.04 22:44:52.806,0.84526,0.84537,1.16,1.50
2013.09.04 22:44:53.255,0.84526,0.84537,1.16,1.50
2013.09.04 22:45:40.726,0.84523,0.84535,1.91,1.50
2013.09.04 22:45:40.846,0.84522,0.84535,2.28,1.50
2013.09.04 22:45:41.026,0.8452,0.84534,2.25,1.50
2013.09.04 22:45:41.586,0.84519,0.84534,3.03,3.00
2013.09.04 22:45:42.123,0.84519,0.84534,3.03,3.00
2013.09.04 22:45:42.486,0.84519,0.84534,3.03,3.00
2013.09.04 22:45:42.606,0.84519,0.84533,3.03,1.50
2013.09.04 22:45:43.146,0.8452,0.84533,1.53,1.50
2013.09.04 22:45:44.692,0.8452,0.84533,1.53,1.50
2013.09.04 22:45:49.975,0.8452,0.84533,1.53,1.50
2013.09.04 22:45:51.656,0.84519,0.84533,2.66,2.25
2013.09.04 22:45:53.869,0.84519,0.84533,2.66,2.25
2013.09.04 22:45:54.406,0.8452,0.84533,1.53,1.50
2013.09.04 22:45:54.766,0.84519,0.84533,2.66,2.25
2013.09.04 22:46:16.592,0.8452,0.84534,1.53,2.25
2013.09.04 22:46:17.142,0.8452,0.84534,1.53,2.25
2013.09.04 22:46:58.607,0.8452,0.84533,2.28,1.50
2013.09.04 22:46:58.966,0.8452,0.8453,1.53,1.50
2013.09.04 22:47:07.226,0.8452,0.84533,1.53,1.50
2013.09.04 22:47:11.416,0.8452,0.84533,1.53,1.50
2013.09.04 22:47:11.537,0.8452,0.84533,1.53,1.50
2013.09.04 22:47:14.596,0.8452,0.84534,1.53,2.25
2013.09.04 22:47:16.026,0.8452,0.84533,1.53,1.50
2013.09.04 22:47:19.276,0.8452,0.84532,1.53,1.50
2013.09.04 22:47:19.798,0.8452,0.84533,2.28,1.50
2013.09.04 22:47:24.616,0.8452,0.84533,2.28,1.50
2013.09.04 22:47:25.446,0.8452,0.84533,2.28,1.50
2013.09.04 22:47:47.497,0.8452,0.84533,2.28,1.50
2013.09.04 22:47:49.486,0.8452,0.84533,2.28,1.50
2013.09.04 22:47:57.539,0.8452,0.84533,1.53,1.50
2013.09.04 22:47:58.471,0.8452,0.84533,1.53,1.50
2013.09.04 22:48:11.566,0.8452,0.84533,1.53,1.50
2013.09.04 22:48:12.816,0.8452,0.84533,1.53,1.50
2013.09.04 22:48:21.586,0.8452,0.84533,1.53,1.50
2013.09.04 22:48:22.341,0.8452,0.84533,1.53,1.50
2013.09.04 22:48:35.596,0.8452,0.84533,1.53,1.50
2013.09.04 22:48:36.295,0.8452,0.84533,1.53,1.50
2013.09.04 22:48:36.678,0.8452,0.84533,1.53,1.50
2013.09.04 22:48:47.326,0.8452,0.84534,1.53,1.50
2013.09.04 22:48:57.816,0.84517,0.8453,2.28,1.50
2013.09.04 22:48:58.336,0.84517,0.8453,2.28,1.50
2013.09.04 22:48:58.971,0.84517,0.8453,2.28,1.50
2013.09.04 22:48:59.662,0.84517,0.8453,2.28,1.50
2013.09.04 22:49:00.458,0.84518,0.8453,1.50,1.50
2013.09.04 22:49:00.966,0.84518,0.84531,1.50,1.50
2013.09.04 22:49:02.641,0.84518,0.84531,1.50,1.50
2013.09.04 22:49:08.406,0.84517,0.8453,1.53,1.50
2013.09.04 22:49:08.918,0.84517,0.8453,1.53,1.50
2013.09.04 22:49:12.047,0.84518,0.84528,1.50,1.50
2013.09.04 22:49:12.406,0.84518,0.84527,1.50,1.50
2013.09.04 22:49:12.936,0.84517,0.84526,1.50,1.50
2013.09.04 22:49:16.096,0.84516,0.84525,1.65,1.13
2013.09.04 22:49:16.646,0.84512,0.84525,1.50,1.88
2013.09.04 22:49:19.320,0.84512,0.84524,1.50,1.50
2013.09.04 22:49:21.776,0.84512,0.84524,1.50,1.50
2013.09.04 22:49:28.237,0.84512,0.84524,1.50,1.50
2013.09.04 22:49:37.091,0.84512,0.84524,1.50,1.50
2013.09.04 22:49:37.652,0.84511,0.84524,1.50,1.50
2013.09.04 22:50:17.845,0.8451,0.84525,1.50,2.25
2013.09.04 22:50:18.445,0.84511,0.84525,1.50,1.50
2013.09.04 22:50:25.597,0.8451,0.84525,1.50,2.25
2013.09.04 22:50:26.207,0.84511,0.84525,1.50,1.50
2013.09.04 22:50:37.149,0.84511,0.84526,1.50,1.13
2013.09.04 22:50:44.296,0.8451,0.84525,1.50,1.13
2013.09.04 22:50:47.084,0.84511,0.84526,1.50,1.13
2013.09.04 22:50:47.609,0.84511,0.84525,1.50,1.13
2013.09.04 22:50:48.136,0.8451,0.84526,1.50,1.88
2013.09.04 22:50:50.374,0.84511,0.84525,1.50,1.13
2013.09.04 22:51:11.026,0.8451,0.84525,1.50,1.13
2013.09.04 22:51:44.026,0.84509,0.84525,1.50,1.88
2013.09.04 22:51:48.396,0.84508,0.84523,1.50,1.50
2013.09.04 22:51:48.937,0.84508,0.84523,1.50,1.50
2013.09.04 22:51:51.437,0.84509,0.84522,1.50,1.50
2013.09.04 22:51:51.957,0.84509,0.84522,1.50,1.50
2013.09.04 22:51:54.877,0.84508,0.84522,1.50,1.50
2013.09.04 22:51:56.626,0.84508,0.84522,1.50,1.50
2013.09.04 22:51:58.499,0.84508,0.84521,1.50,1.50
2013.09.04 22:51:58.627,0.84508,0.84521,1.50,1.50
2013.09.04 22:51:58.746,0.84506,0.84521,1.50,2.25
2013.09.04 22:51:59.127,0.84505,0.84518,1.50,1.50
2013.09.04 22:52:00.626,0.84505,0.84518,1.53,1.50
2013.09.04 22:52:01.827,0.84505,0.84518,1.53,1.50
2013.09.04 22:52:02.647,0.84506,0.84518,1.53,1.50
2013.09.04 22:52:03.450,0.84505,0.84518,2.28,1.50
2013.09.04 22:52:04.767,0.84505,0.84518,2.28,1.50
2013.09.04 22:52:05.247,0.84506,0.84519,1.53,1.13
2013.09.04 22:52:05.727,0.84508,0.84519,1.50,1.13
2013.09.04 22:52:06.270,0.84508,0.84521,1.50,1.13
2013.09.04 22:52:06.471,0.84506,0.8452,1.50,1.13
2013.09.04 22:52:06.597,0.84507,0.84519,1.50,1.13
2013.09.04 22:52:08.068,0.84506,0.84521,2.25,1.50
2013.09.04 22:52:08.429,0.84505,0.84519,1.53,1.50
2013.09.04 22:52:09.929,0.84504,0.84519,1.53,2.63
2013.09.04 22:53:04.196,0.84504,0.84518,1.53,1.13
2013.09.04 22:53:04.496,0.84504,0.84518,1.53,1.88
2013.09.04 22:54:04.670,0.84503,0.84517,1.50,1.13
2013.09.04 22:54:18.156,0.84504,0.84517,1.50,1.13
2013.09.04 22:54:18.217,0.84504,0.84516,1.53,1.50
2013.09.04 22:54:48.618,0.84503,0.84516,1.53,1.50
2013.09.04 22:54:48.679,0.84503,0.84516,1.53,1.50
2013.09.04 22:54:48.807,0.84503,0.84514,1.53,1.13
2013.09.04 22:54:52.298,0.84503,0.84513,1.53,1.88
2013.09.04 22:54:55.107,0.84503,0.84513,1.53,1.88
2013.09.04 22:54:55.407,0.84501,0.84512,1.91,1.13
2013.09.04 22:54:57.630,0.84501,0.84512,1.16,1.88
2013.09.04 22:55:09.647,0.845,0.84512,3.41,1.88
2013.09.04 22:55:09.707,0.845,0.84512,3.38,1.88
2013.09.04 22:55:10.067,0.845,0.84512,1.88,1.88
2013.09.04 22:55:10.607,0.845,0.84512,2.66,1.88
2013.09.04 22:55:11.158,0.845,0.84511,1.88,1.88
2013.09.04 22:55:13.604,0.845,0.8451,1.91,1.50
2013.09.04 22:55:14.767,0.845,0.84512,2.66,1.88
2013.09.04 22:55:15.848,0.84501,0.84512,1.16,1.13
2013.09.04 22:55:16.552,0.845,0.84511,1.91,1.50
2013.09.04 22:55:16.677,0.845,0.84511,1.91,1.50
2013.09.04 22:55:16.796,0.845,0.84512,1.91,1.88
2013.09.04 22:55:16.856,0.845,0.84512,1.91,1.88
2013.09.04 22:55:37.887,0.845,0.84512,1.16,1.50
2013.09.04 22:55:40.657,0.845,0.84511,1.16,1.50
2013.09.04 22:55:41.197,0.845,0.8451,1.13,1.50
2013.09.04 22:55:41.824,0.845,0.8451,1.13,2.25
2013.09.04 22:55:42.358,0.845,0.8451,1.13,2.25
2013.09.04 22:55:43.148,0.845,0.8451,1.16,2.25
2013.09.04 22:55:47.497,0.84499,0.8451,1.16,1.50
2013.09.04 22:55:47.617,0.84499,0.8451,1.16,1.50
2013.09.04 22:55:48.067,0.84499,0.8451,1.16,1.50
2013.09.04 22:55:48.487,0.84499,0.8451,1.16,1.50
2013.09.04 22:55:49.326,0.84499,0.8451,1.16,1.50
2013.09.04 22:55:49.876,0.84499,0.8451,1.16,1.50
2013.09.04 22:55:50.197,0.84499,0.8451,1.16,1.50
2013.09.04 22:55:50.317,0.84499,0.8451,1.16,1.50
2013.09.04 22:55:50.797,0.84499,0.8451,1.16,1.50
2013.09.04 22:55:50.976,0.84499,0.8451,1.16,1.50
2013.09.04 22:55:51.696,0.84499,0.84511,1.16,3.75
2013.09.04 22:55:52.226,0.84499,0.8451,1.16,1.50
2013.09.04 22:55:52.739,0.84499,0.84511,1.16,3.75
2013.09.04 22:55:53.526,0.84499,0.8451,1.16,1.50
2013.09.04 22:55:54.037,0.84499,0.84511,1.16,3.75
2013.09.04 22:55:54.597,0.84499,0.8451,1.16,2.25
2013.09.04 22:55:55.417,0.84499,0.84511,1.16,3.75
2013.09.04 22:55:56.257,0.84499,0.8451,1.16,1.50
2013.09.04 22:55:56.797,0.84499,0.84511,1.16,3.75
2013.09.04 22:55:57.336,0.84499,0.8451,1.16,1.50
2013.09.04 22:55:57.916,0.84499,0.84511,1.16,3.75
2013.09.04 22:55:58.457,0.84499,0.8451,1.16,1.50
2013.09.04 22:55:58.696,0.84499,0.8451,1.13,1.50
2013.09.04 22:55:58.937,0.84499,0.8451,1.16,1.50
2013.09.04 22:55:59.237,0.84499,0.8451,1.16,1.50
2013.09.04 22:55:59.776,0.84499,0.84511,1.16,3.75
2013.09.04 22:56:00.317,0.84499,0.84509,1.16,1.50
2013.09.04 22:56:00.886,0.84499,0.84511,1.16,3.75
2013.09.04 22:56:01.428,0.84499,0.84509,1.16,1.50
2013.09.04 22:56:02.297,0.84499,0.84511,1.16,3.75
2013.09.04 22:56:03.037,0.84499,0.84509,1.16,1.50
2013.09.04 22:56:03.566,0.84499,0.84511,1.16,3.38
2013.09.04 22:56:04.297,0.84499,0.84509,1.16,1.50
2013.09.04 22:56:04.838,0.84499,0.84511,1.16,3.38
2013.09.04 22:56:05.198,0.84502,0.84512,1.13,1.88
2013.09.04 22:56:05.737,0.84501,0.84512,1.16,1.13
2013.09.04 22:56:06.277,0.845,0.84512,1.91,1.13
2013.09.04 22:56:07.068,0.845,0.84512,1.91,1.88
2013.09.04 22:56:13.447,0.845,0.8451,1.91,1.50
2013.09.04 22:56:17.663,0.845,0.84512,2.66,1.50
2013.09.04 22:56:18.747,0.845,0.84512,2.66,1.50
2013.09.04 22:56:38.288,0.84501,0.84512,1.91,1.50
2013.09.04 22:56:43.782,0.84501,0.84512,1.91,1.50
2013.09.04 22:56:44.089,0.845,0.84512,1.91,1.50
2013.09.04 22:56:44.788,0.84499,0.84511,1.91,1.50
2013.09.04 22:57:11.337,0.84501,0.84511,1.53,1.50
2013.09.04 22:57:11.518,0.84501,0.84511,1.53,1.50
2013.09.04 22:57:12.036,0.845,0.84512,2.66,1.50
2013.09.04 22:57:13.530,0.845,0.84513,1.91,1.13
2013.09.04 22:57:14.077,0.84503,0.84516,1.53,1.88
2013.09.04 22:57:17.097,0.84503,0.84514,1.53,1.50
2013.09.04 22:57:26.558,0.84503,0.84514,1.53,1.50
2013.09.04 22:57:26.677,0.84503,0.84514,1.53,1.50
2013.09.04 22:57:37.850,0.84502,0.84513,1.91,1.50
2013.09.04 22:58:10.557,0.84501,0.84515,1.16,1.50
2013.09.04 22:58:11.096,0.84502,0.84516,1.16,1.13
2013.09.04 22:58:13.085,0.84502,0.84517,1.53,1.13
2013.09.04 22:58:22.377,0.84502,0.84513,3.03,1.13
2013.09.04 22:58:22.437,0.84502,0.84513,1.91,1.50
2013.09.04 22:58:22.917,0.84499,0.84515,1.91,2.25
2013.09.04 22:58:23.037,0.845,0.84516,1.16,2.63
2013.09.04 22:58:23.340,0.84501,0.84516,1.53,1.13
2013.09.04 22:58:25.017,0.84502,0.84517,2.28,1.13
2013.09.04 22:58:25.379,0.84502,0.84513,1.91,1.50
2013.09.04 22:58:25.438,0.84502,0.84511,1.91,1.50
2013.09.04 22:58:25.797,0.84499,0.84513,1.16,1.13
2013.09.04 22:58:26.696,0.84499,0.84515,1.16,1.13
2013.09.04 22:58:27.476,0.84499,0.84511,1.16,1.13
2013.09.04 22:58:27.536,0.84499,0.84512,1.16,1.13
2013.09.04 22:58:27.656,0.84499,0.84511,1.16,1.13
2013.09.04 22:58:27.787,0.84499,0.84512,1.16,1.13
2013.09.04 22:58:28.087,0.84499,0.84511,1.16,1.13
2013.09.04 22:58:28.626,0.84499,0.84511,1.16,1.13
2013.09.04 22:58:28.947,0.84499,0.84512,1.16,1.13
2013.09.04 22:58:30.427,0.84499,0.84512,1.16,1.13
2013.09.04 22:58:49.807,0.84499,0.84511,1.16,1.13
2013.09.04 22:58:49.867,0.84499,0.84512,1.16,1.13
2013.09.04 22:58:49.987,0.84499,0.84511,1.16,1.13
2013.09.04 22:58:50.107,0.84499,0.84512,1.16,1.13
2013.09.04 22:58:50.346,0.84499,0.84511,1.16,1.13
2013.09.04 22:58:50.526,0.84499,0.84512,1.16,1.13
2013.09.04 22:58:50.646,0.84499,0.84511,1.16,1.13
2013.09.04 22:58:50.766,0.84499,0.84512,1.16,1.13
2013.09.04 22:58:51.006,0.84499,0.84511,1.16,1.13
2013.09.04 22:58:51.186,0.84499,0.84512,1.16,1.13
2013.09.04 22:58:51.306,0.84499,0.84511,1.16,1.13
2013.09.04 22:58:51.426,0.84499,0.84512,1.16,1.13
2013.09.04 22:58:51.546,0.84499,0.84511,1.16,1.13
2013.09.04 22:58:51.726,0.84499,0.84512,1.16,1.13
2013.09.04 22:58:51.967,0.84499,0.84511,1.16,1.13
2013.09.04 22:58:52.086,0.84499,0.84512,1.16,1.13
2013.09.04 22:59:09.447,0.845,0.84513,1.16,1.50
2013.09.04 22:59:09.507,0.84502,0.84515,1.16,1.50
2013.09.04 22:59:10.257,0.84505,0.84515,1.91,1.13
2013.09.04 22:59:10.437,0.845,0.84511,1.16,1.50
2013.09.04 22:59:10.617,0.84499,0.8451,1.91,2.25
2013.09.04 22:59:11.157,0.84499,0.8451,1.91,2.25
2013.09.04 22:59:11.708,0.84499,0.8451,1.91,2.25
2013.09.04 22:59:15.426,0.84499,0.8451,1.91,3.00
2013.09.04 22:59:20.767,0.84499,0.8451,1.91,1.88
2013.09.04 22:59:22.087,0.84503,0.8451,1.53,1.88
