2007.05.24 11:00:01.504,0.67675,0.67685,8.00,8.00
2007.05.24 11:00:02.975,0.67675,0.67685,4.00,8.00
2007.05.24 11:00:04.023,0.67675,0.67685,8.00,8.00
2007.05.24 11:00:04.280,0.67675,0.67685,8.80,8.00
2007.05.24 11:00:04.456,0.67675,0.67685,9.60,8.00
2007.05.24 11:00:05.607,0.67675,0.67685,5.60,8.00
2007.05.24 11:00:05.720,0.67675,0.67685,9.60,8.00
2007.05.24 11:00:05.855,0.67675,0.67685,9.60,4.00
2007.05.24 11:00:05.982,0.6768,0.67685,0.80,4.00
2007.05.24 11:00:06.352,0.67675,0.67685,9.60,4.00
2007.05.24 11:00:06.452,0.6768,0.67685,0.80,8.00
2007.05.24 11:00:06.497,0.6768,0.67685,1.60,8.00
2007.05.24 11:00:07.061,0.6768,0.67685,2.40,8.00
2007.05.24 11:00:07.337,0.6768,0.67685,0.80,8.00
2007.05.24 11:00:07.384,0.6768,0.67685,0.80,4.00
2007.05.24 11:00:07.463,0.67675,0.67685,5.60,4.00
2007.05.24 11:00:07.528,0.6768,0.67685,3.00,4.00
2007.05.24 11:00:07.658,0.6768,0.67685,5.80,4.00
2007.05.24 11:00:07.743,0.6768,0.67685,5.50,4.00
2007.05.24 11:00:07.861,0.6768,0.67685,4.00,4.00
2007.05.24 11:00:07.942,0.67675,0.67685,9.60,4.00
2007.05.24 11:00:08.157,0.6768,0.67685,0.80,4.00
2007.05.24 11:00:08.491,0.67675,0.6768,9.60,7.90
2007.05.24 11:00:08.711,0.67675,0.67685,9.60,4.00
2007.05.24 11:00:09.875,0.67675,0.67685,9.60,8.00
2007.05.24 11:00:10.362,0.67675,0.67685,5.60,8.00
2007.05.24 11:00:16.238,0.67675,0.67685,9.60,8.00
2007.05.24 11:00:16.679,0.6768,0.67685,4.00,8.00
2007.05.24 11:00:16.761,0.6768,0.67685,6.40,8.00
2007.05.24 11:00:17.268,0.6768,0.67685,4.00,8.00
2007.05.24 11:00:17.351,0.6768,0.67685,4.00,4.00
2007.05.24 11:00:17.674,0.67675,0.67685,5.60,4.00
2007.05.24 11:00:17.871,0.67675,0.67685,5.60,8.00
2007.05.24 11:00:18.486,0.67675,0.67685,0.80,8.00
2007.05.24 11:00:18.523,0.6767,0.67685,57.30,8.00
2007.05.24 11:00:18.525,0.6767,0.67685,56.50,8.00
2007.05.24 11:00:18.638,0.67675,0.67685,0.80,8.00
2007.05.24 11:00:18.751,0.67675,0.67685,1.60,8.00
2007.05.24 11:00:18.942,0.67675,0.67685,5.60,8.00
2007.05.24 11:00:19.172,0.67675,0.67685,4.80,8.00
2007.05.24 11:00:19.341,0.67675,0.67685,4.00,8.00
2007.05.24 11:00:35.274,0.67675,0.6768,4.00,7.90
2007.05.24 11:00:35.360,0.67675,0.6768,4.00,11.90
2007.05.24 11:00:35.478,0.67675,0.6768,4.00,14.30
2007.05.24 11:00:38.995,0.6767,0.6768,53.50,14.30
2007.05.24 11:00:45.409,0.6767,0.6768,54.30,14.30
2007.05.24 11:00:49.850,0.6767,0.6768,56.70,14.30
2007.05.24 11:00:50.029,0.6767,0.6768,57.50,14.30
2007.05.24 11:00:50.053,0.6767,0.6768,58.30,14.30
2007.05.24 11:00:50.941,0.6767,0.6768,57.50,14.30
2007.05.24 11:00:51.013,0.6767,0.6768,56.70,14.30
2007.05.24 11:00:54.255,0.6767,0.6768,54.30,14.30
2007.05.24 11:00:54.477,0.6767,0.6768,51.90,14.30
2007.05.24 11:00:55.156,0.6767,0.6768,51.90,0.60
2007.05.24 11:00:55.940,0.6767,0.6768,32.70,0.70
2007.05.24 11:00:56.024,0.6767,0.6768,32.70,0.50
2007.05.24 11:00:56.144,0.6767,0.67685,32.70,57.50
2007.05.24 11:00:56.177,0.6767,0.67685,28.70,57.50
2007.05.24 11:00:58.193,0.6767,0.6768,27.90,0.50
2007.05.24 11:00:58.236,0.6767,0.67685,27.10,57.50
2007.05.24 11:00:58.363,0.6767,0.67685,26.30,57.50
2007.05.24 11:01:00.349,0.6767,0.6768,22.30,0.60
2007.05.24 11:01:00.564,0.6767,0.67685,14.30,58.30
2007.05.24 11:01:10.903,0.6767,0.6768,22.30,0.90
2007.05.24 11:01:11.022,0.6767,0.6768,31.10,0.80
2007.05.24 11:01:11.057,0.6767,0.67685,35.10,42.30
2007.05.24 11:01:11.232,0.6767,0.6768,35.10,0.90
2007.05.24 11:01:11.981,0.6767,0.6768,11.20,0.90
2007.05.24 11:01:12.046,0.6767,0.6768,11.20,46.20
2007.05.24 11:01:12.079,0.6767,0.6768,18.40,42.20
2007.05.24 11:01:19.132,0.6767,0.6768,14.40,46.20
2007.05.24 11:01:19.135,0.6767,0.6768,14.30,54.30
2007.05.24 11:01:19.303,0.6767,0.6768,11.90,0.50
2007.05.24 11:01:19.558,0.6767,0.67685,11.90,63.10
2007.05.24 11:01:20.100,0.6767,0.67685,11.90,67.10
2007.05.24 11:01:20.359,0.6767,0.6768,11.90,0.70
2007.05.24 11:01:20.416,0.6767,0.67685,11.90,69.50
2007.05.24 11:01:21.045,0.6767,0.67685,14.30,65.50
2007.05.24 11:01:21.154,0.6767,0.67685,14.30,61.50
2007.05.24 11:01:22.021,0.6767,0.67685,16.70,59.10
2007.05.24 11:01:22.437,0.6767,0.67685,14.30,61.50
2007.05.24 11:01:35.877,0.6767,0.6768,14.30,47.90
2007.05.24 11:01:35.937,0.6767,0.6768,14.30,47.10
2007.05.24 11:01:35.994,0.6767,0.6768,14.30,46.30
2007.05.24 11:01:41.052,0.6767,0.6768,14.30,50.30
2007.05.24 11:01:41.095,0.6767,0.6768,6.40,50.20
2007.05.24 11:01:41.424,0.6767,0.6768,6.40,54.20
2007.05.24 11:01:47.771,0.6767,0.6768,2.90,54.20
2007.05.24 11:01:52.148,0.67665,0.6768,17.60,50.20
2007.05.24 11:01:55.674,0.6767,0.6768,1.60,54.20
2007.05.24 11:02:24.302,0.6767,0.6768,6.40,55.80
2007.05.24 11:02:24.400,0.6767,0.6768,6.40,56.60
2007.05.24 11:02:24.507,0.6767,0.6768,6.40,58.20
2007.05.24 11:02:25.961,0.6767,0.6768,6.40,0.60
2007.05.24 11:02:34.235,0.6767,0.67685,4.00,75.80
2007.05.24 11:02:34.327,0.67665,0.67685,13.60,75.80
2007.05.24 11:02:34.385,0.67665,0.6768,13.60,0.60
2007.05.24 11:02:34.389,0.67665,0.67685,14.40,79.80
2007.05.24 11:02:34.448,0.67665,0.67685,13.60,83.00
2007.05.24 11:02:34.548,0.67665,0.67685,13.60,83.80
2007.05.24 11:02:35.438,0.67665,0.6768,13.60,0.60
2007.05.24 11:02:35.953,0.67665,0.6768,13.60,68.60
2007.05.24 11:02:36.209,0.6767,0.67675,2.40,0.80
2007.05.24 11:02:36.728,0.67665,0.6768,13.60,62.20
2007.05.24 11:02:38.128,0.67665,0.6768,13.60,62.20
2007.05.24 11:02:39.549,0.67665,0.6768,12.80,62.20
2007.05.24 11:02:39.641,0.67665,0.67675,12.80,0.80
2007.05.24 11:02:39.779,0.6767,0.6768,6.40,62.20
2007.05.24 11:02:40.253,0.6767,0.67675,4.00,0.80
2007.05.24 11:02:44.427,0.6767,0.6768,4.00,67.00
2007.05.24 11:02:44.458,0.6767,0.67675,4.00,0.50
2007.05.24 11:02:44.992,0.6767,0.6768,4.00,67.80
2007.05.24 11:02:45.664,0.6767,0.67675,4.00,0.50
2007.05.24 11:02:46.805,0.6767,0.67675,4.00,0.70
2007.05.24 11:02:46.875,0.6767,0.67675,4.00,0.60
2007.05.24 11:02:48.861,0.6767,0.67675,4.00,0.80
2007.05.24 11:02:49.762,0.6767,0.67675,4.00,0.60
2007.05.24 11:02:50.867,0.6767,0.6768,4.00,62.30
2007.05.24 11:02:51.148,0.6767,0.6768,4.00,62.30
2007.05.24 11:02:51.622,0.6767,0.6768,4.00,62.30
2007.05.24 11:03:02.777,0.6767,0.67675,4.00,4.80
2007.05.24 11:03:02.908,0.6767,0.67675,6.40,4.80
2007.05.24 11:03:03.132,0.6767,0.67675,6.40,4.00
2007.05.24 11:03:03.214,0.6767,0.67675,6.40,4.80
2007.05.24 11:03:05.692,0.6767,0.67675,4.00,4.80
2007.05.24 11:03:06.284,0.6767,0.67675,4.00,8.80
2007.05.24 11:03:08.653,0.6767,0.67675,6.40,4.80
2007.05.24 11:03:12.634,0.6767,0.67675,6.40,0.80
2007.05.24 11:03:24.226,0.6767,0.6768,4.00,62.20
2007.05.24 11:03:24.328,0.6767,0.6768,6.40,62.20
2007.05.24 11:03:24.435,0.6767,0.6768,2.40,62.20
2007.05.24 11:03:24.473,0.6767,0.67675,2.40,1.60
2007.05.24 11:03:24.750,0.6767,0.67675,2.40,2.40
2007.05.24 11:03:25.155,0.6767,0.67675,2.40,0.80
2007.05.24 11:03:27.283,0.67665,0.6768,12.00,62.20
2007.05.24 11:03:27.303,0.67665,0.6768,12.00,62.20
2007.05.24 11:03:31.748,0.67665,0.67675,12.00,10.30
2007.05.24 11:03:31.862,0.67665,0.67675,9.60,10.30
2007.05.24 11:03:31.877,0.67665,0.6767,9.60,0.60
2007.05.24 11:03:31.955,0.67665,0.67675,8.80,23.10
2007.05.24 11:03:32.113,0.67665,0.67675,4.80,27.10
2007.05.24 11:03:32.321,0.67665,0.67675,0.80,31.10
2007.05.24 11:03:34.221,0.6766,0.67675,60.00,31.10
2007.05.24 11:03:56.372,0.6766,0.6767,60.80,15.90
2007.05.24 11:03:56.693,0.6766,0.6767,60.00,15.90
2007.05.24 11:03:56.968,0.6766,0.6767,60.80,15.90
2007.05.24 11:03:57.132,0.67665,0.6767,0.80,15.90
2007.05.24 11:03:57.727,0.67665,0.6767,1.60,15.90
2007.05.24 11:03:57.950,0.67665,0.6767,2.40,15.90
2007.05.24 11:03:58.167,0.67665,0.6767,2.40,11.90
2007.05.24 11:03:58.265,0.67665,0.6767,2.40,15.90
2007.05.24 11:03:58.410,0.67665,0.6767,1.60,15.90
2007.05.24 11:03:58.422,0.67665,0.6767,1.60,11.90
2007.05.24 11:03:58.462,0.67665,0.6767,0.80,11.90
2007.05.24 11:03:59.016,0.6766,0.6767,61.60,11.90
2007.05.24 11:03:59.370,0.6766,0.6767,60.80,11.90
2007.05.24 11:03:59.416,0.6766,0.6767,60.00,11.90
2007.05.24 11:03:59.512,0.67665,0.6767,0.80,11.90
2007.05.24 11:04:02.828,0.6766,0.6767,60.00,14.30
2007.05.24 11:04:02.902,0.6766,0.6767,60.00,18.30
2007.05.24 11:04:05.247,0.6766,0.6767,60.80,18.30
2007.05.24 11:04:05.295,0.6766,0.6767,61.60,18.30
2007.05.24 11:04:05.363,0.6766,0.6767,62.40,18.30
2007.05.24 11:04:05.402,0.6766,0.6767,63.20,18.30
2007.05.24 11:04:08.200,0.6766,0.6767,64.80,18.30
2007.05.24 11:04:08.318,0.6766,0.6767,64.80,14.30
2007.05.24 11:04:08.379,0.6766,0.6767,66.40,11.90
2007.05.24 11:04:08.731,0.67665,0.6767,0.80,11.90
2007.05.24 11:04:38.429,0.6766,0.6767,64.80,11.90
2007.05.24 11:04:38.913,0.6766,0.6767,64.00,11.90
2007.05.24 11:04:39.069,0.6766,0.6767,63.20,14.30
2007.05.24 11:04:39.434,0.67665,0.6767,0.80,14.30
2007.05.24 11:04:39.896,0.67665,0.6767,0.80,11.90
2007.05.24 11:04:42.433,0.6766,0.6767,64.80,11.90
2007.05.24 11:04:45.864,0.67665,0.6767,0.80,11.90
2007.05.24 11:04:48.859,0.67665,0.6767,0.80,14.30
2007.05.24 11:04:49.237,0.6766,0.6767,64.80,14.30
2007.05.24 11:04:50.563,0.6766,0.6767,64.00,14.30
2007.05.24 11:04:50.584,0.6766,0.6767,62.40,14.30
2007.05.24 11:04:50.763,0.6766,0.6767,61.60,14.30
2007.05.24 11:04:58.015,0.67665,0.6767,0.80,14.30
2007.05.24 11:05:01.407,0.6766,0.6767,62.40,14.30
2007.05.24 11:05:01.430,0.6766,0.6767,63.20,14.30
2007.05.24 11:05:01.509,0.6766,0.6767,62.40,18.30
2007.05.24 11:05:01.524,0.6766,0.6767,61.60,18.30
2007.05.24 11:05:09.888,0.6766,0.6767,62.40,18.30
2007.05.24 11:05:09.975,0.6766,0.6767,63.20,18.30
2007.05.24 11:05:15.699,0.6766,0.6767,62.40,18.30
2007.05.24 11:05:15.893,0.6766,0.6767,61.60,18.30
2007.05.24 11:05:18.884,0.6766,0.6767,63.20,18.30
2007.05.24 11:05:19.086,0.6766,0.6767,63.20,14.30
2007.05.24 11:05:19.130,0.67665,0.6767,0.80,14.30
2007.05.24 11:05:19.629,0.67665,0.6767,0.80,11.90
2007.05.24 11:05:20.562,0.67665,0.6767,0.80,14.30
2007.05.24 11:05:21.432,0.67665,0.6767,2.40,14.30
2007.05.24 11:05:21.506,0.67665,0.6767,2.40,6.40
2007.05.24 11:05:21.529,0.67665,0.6767,2.40,4.00
2007.05.24 11:05:21.638,0.67665,0.67675,2.40,12.80
2007.05.24 11:05:21.699,0.67665,0.67675,2.40,10.40
2007.05.24 11:05:27.027,0.67665,0.67675,3.20,6.40
2007.05.24 11:05:27.045,0.67665,0.67675,11.20,0.80
2007.05.24 11:05:29.093,0.67665,0.6768,11.20,57.50
2007.05.24 11:05:32.101,0.6767,0.6768,2.40,56.70
2007.05.24 11:05:32.249,0.6767,0.6768,6.40,60.60
2007.05.24 11:05:33.359,0.6767,0.67685,6.40,77.40
2007.05.24 11:05:35.437,0.6767,0.67675,6.40,0.80
2007.05.24 11:05:35.513,0.6767,0.67675,2.40,0.80
2007.05.24 11:05:35.545,0.67665,0.67675,11.20,0.80
2007.05.24 11:05:50.387,0.67665,0.6768,11.20,0.50
2007.05.24 11:05:50.564,0.67665,0.67685,12.00,78.20
2007.05.24 11:05:50.832,0.6767,0.67685,2.40,75.80
2007.05.24 11:05:50.958,0.6767,0.6768,3.20,0.70
2007.05.24 11:05:51.470,0.6767,0.67685,4.80,75.80
2007.05.24 11:05:51.614,0.6767,0.67685,4.00,75.00
2007.05.24 11:05:51.836,0.6767,0.67685,2.40,75.00
2007.05.24 11:05:52.485,0.6767,0.6768,2.40,0.80
2007.05.24 11:05:52.496,0.6767,0.67685,2.40,73.40
2007.05.24 11:05:54.444,0.6767,0.67685,2.40,74.20
2007.05.24 11:05:54.547,0.6767,0.67685,3.20,74.20
2007.05.24 11:05:54.691,0.6767,0.67685,4.00,74.20
2007.05.24 11:05:54.717,0.6767,0.67685,5.60,74.20
2007.05.24 11:05:54.752,0.6767,0.67685,6.40,74.20
2007.05.24 11:05:55.071,0.6767,0.67685,7.20,73.40
2007.05.24 11:05:55.258,0.6767,0.67685,11.20,73.40
2007.05.24 11:05:55.356,0.6767,0.67685,9.60,73.40
2007.05.24 11:05:55.390,0.6767,0.67685,7.20,73.40
2007.05.24 11:05:55.489,0.6767,0.67685,6.40,73.40
2007.05.24 11:05:55.557,0.6767,0.6768,6.40,0.90
2007.05.24 11:05:56.379,0.6767,0.6768,7.20,58.20
2007.05.24 11:05:56.531,0.6767,0.6768,8.80,58.20
2007.05.24 11:05:56.555,0.6767,0.6768,10.40,58.20
2007.05.24 11:06:00.551,0.6767,0.6768,8.80,58.20
2007.05.24 11:06:01.324,0.6767,0.6768,10.40,58.20
2007.05.24 11:06:02.365,0.6767,0.6768,8.80,58.20
2007.05.24 11:06:07.981,0.6767,0.6768,10.40,58.20
2007.05.24 11:06:10.274,0.6767,0.6768,8.80,58.20
2007.05.24 11:06:10.987,0.6767,0.6768,10.40,58.20
2007.05.24 11:06:11.793,0.6767,0.6768,8.80,58.20
2007.05.24 11:06:13.068,0.6767,0.6768,9.60,54.20
2007.05.24 11:06:13.080,0.6767,0.6768,11.20,54.20
2007.05.24 11:06:13.184,0.6767,0.6768,35.10,38.30
2007.05.24 11:06:13.339,0.6767,0.6768,39.10,34.30
2007.05.24 11:06:13.549,0.6767,0.6768,30.30,42.30
2007.05.24 11:06:13.632,0.6767,0.6768,34.30,38.30
2007.05.24 11:06:13.644,0.6767,0.6768,26.30,46.30
2007.05.24 11:06:13.879,0.6767,0.6768,30.30,38.30
2007.05.24 11:06:14.087,0.6767,0.6768,28.70,38.30
2007.05.24 11:06:14.514,0.6767,0.6768,28.70,36.70
2007.05.24 11:06:14.603,0.6767,0.6768,28.70,44.70
2007.05.24 11:06:14.633,0.6767,0.6768,28.70,48.70
2007.05.24 11:06:14.844,0.6767,0.6768,30.30,47.10
2007.05.24 11:06:15.865,0.6767,0.6768,31.10,47.10
2007.05.24 11:06:15.897,0.6767,0.6768,30.30,47.10
2007.05.24 11:06:15.997,0.6767,0.6768,31.10,47.10
2007.05.24 11:06:16.040,0.6767,0.6768,31.10,39.10
2007.05.24 11:06:16.121,0.6767,0.6768,31.10,35.10
2007.05.24 11:06:16.623,0.6767,0.6768,32.70,35.10
2007.05.24 11:06:18.844,0.6767,0.6768,32.70,43.10
2007.05.24 11:06:18.937,0.6767,0.6768,32.70,47.10
2007.05.24 11:06:19.562,0.6767,0.6768,24.80,48.60
2007.05.24 11:06:19.587,0.6767,0.6768,24.80,52.60
2007.05.24 11:06:19.715,0.6767,0.6768,24.80,58.20
2007.05.24 11:06:19.861,0.6767,0.6768,16.80,58.20
2007.05.24 11:06:19.962,0.6767,0.6768,12.80,58.20
2007.05.24 11:06:22.280,0.6767,0.6768,11.20,58.20
2007.05.24 11:06:22.549,0.6767,0.6768,29.50,48.70
2007.05.24 11:06:22.652,0.6767,0.6768,29.50,44.70
2007.05.24 11:06:22.681,0.6767,0.6768,37.50,32.70
2007.05.24 11:06:22.767,0.6767,0.6768,37.90,28.70
2007.05.24 11:06:22.786,0.6767,0.6768,41.90,24.70
2007.05.24 11:06:23.038,0.6767,0.6768,47.50,19.10
2007.05.24 11:06:23.063,0.6767,0.6768,55.50,11.10
2007.05.24 11:06:23.593,0.6767,0.6768,55.50,10.30
2007.05.24 11:06:24.052,0.6767,0.6768,55.90,10.30
2007.05.24 11:06:24.754,0.6767,0.6768,55.50,10.30
2007.05.24 11:06:25.983,0.6767,0.6768,47.50,18.30
2007.05.24 11:06:26.047,0.6767,0.6768,47.50,19.10
2007.05.24 11:06:26.059,0.6767,0.6768,43.50,23.10
2007.05.24 11:06:26.067,0.6767,0.6768,33.10,43.10
2007.05.24 11:06:26.271,0.6767,0.6768,33.10,47.10
2007.05.24 11:06:26.362,0.6767,0.6768,29.10,47.10
2007.05.24 11:06:26.489,0.6767,0.6768,21.10,47.10
2007.05.24 11:06:26.606,0.6767,0.6768,25.10,43.10
2007.05.24 11:06:26.677,0.6767,0.6768,33.10,35.10
2007.05.24 11:06:29.029,0.6767,0.6768,33.50,35.10
2007.05.24 11:06:29.101,0.6767,0.6768,33.50,34.30
2007.05.24 11:06:29.204,0.6767,0.6768,37.50,38.30
2007.05.24 11:06:29.239,0.6767,0.6768,37.50,46.30
2007.05.24 11:06:29.319,0.6767,0.6768,37.50,0.90
2007.05.24 11:06:29.948,0.6767,0.67685,36.70,61.50
2007.05.24 11:06:30.082,0.6767,0.6768,55.10,0.70
2007.05.24 11:06:30.165,0.6767,0.67685,56.20,33.50
2007.05.24 11:06:30.200,0.6767,0.67685,56.20,32.70
2007.05.24 11:06:30.259,0.6767,0.67685,55.50,32.70
2007.05.24 11:06:30.705,0.67675,0.67685,0.80,32.70
2007.05.24 11:06:30.726,0.67675,0.67685,1.60,31.90
2007.05.24 11:06:30.886,0.67675,0.67685,1.60,39.90
2007.05.24 11:06:30.976,0.67675,0.67685,1.60,39.90
2007.05.24 11:06:31.457,0.67675,0.6768,0.80,0.70
2007.05.24 11:06:31.468,0.6767,0.67685,57.50,39.90
2007.05.24 11:06:31.608,0.6767,0.67685,57.10,39.90
2007.05.24 11:06:31.668,0.6767,0.67685,57.90,39.90
2007.05.24 11:06:31.740,0.6767,0.6768,57.10,0.50
2007.05.24 11:06:31.842,0.6767,0.67685,56.30,39.90
2007.05.24 11:06:32.117,0.6767,0.67685,56.70,39.90
2007.05.24 11:06:32.224,0.6767,0.6768,56.30,0.60
2007.05.24 11:06:32.318,0.6767,0.6768,56.70,0.90
2007.05.24 11:06:32.332,0.6767,0.67685,57.50,39.90
2007.05.24 11:06:32.426,0.6767,0.6768,57.00,0.50
2007.05.24 11:06:32.518,0.6767,0.67685,41.00,55.90
2007.05.24 11:06:32.638,0.6767,0.67685,39.40,51.90
2007.05.24 11:06:32.766,0.6767,0.67685,39.40,51.90
2007.05.24 11:06:36.508,0.6767,0.6768,55.40,0.70
2007.05.24 11:06:36.612,0.6767,0.67685,56.70,31.90
2007.05.24 11:06:36.824,0.6767,0.6768,58.30,0.80
2007.05.24 11:06:37.022,0.6767,0.6768,59.10,0.90
2007.05.24 11:06:37.335,0.6767,0.6768,59.90,0.90
2007.05.24 11:06:37.568,0.6767,0.67685,61.50,31.90
2007.05.24 11:06:37.687,0.6767,0.67685,62.30,31.90
2007.05.24 11:06:40.003,0.6767,0.6768,64.70,0.50
2007.05.24 11:06:41.001,0.67675,0.67685,0.80,28.70
2007.05.24 11:06:41.131,0.67675,0.67685,0.80,26.30
2007.05.24 11:06:46.526,0.67675,0.67685,2.40,26.30
2007.05.24 11:06:49.579,0.67675,0.6768,0.80,0.60
2007.05.24 11:06:51.898,0.67675,0.6768,2.40,0.80
2007.05.24 11:06:52.866,0.67675,0.67685,0.80,26.30
2007.05.24 11:07:03.277,0.6767,0.6768,63.90,11.90
2007.05.24 11:07:03.347,0.6767,0.6768,64.60,11.90
2007.05.24 11:07:04.724,0.6767,0.6768,64.30,11.90
2007.05.24 11:07:05.013,0.6767,0.6768,65.10,11.90
2007.05.24 11:07:05.448,0.6767,0.6768,66.70,11.90
2007.05.24 11:07:05.542,0.6767,0.6768,65.90,11.90
2007.05.24 11:07:05.590,0.6767,0.6768,67.50,11.90
2007.05.24 11:07:05.707,0.6767,0.6768,66.70,11.90
2007.05.24 11:07:05.756,0.6767,0.6768,65.50,11.90
2007.05.24 11:07:05.873,0.6767,0.6768,64.70,14.30
2007.05.24 11:07:05.929,0.6767,0.6768,63.90,15.10
2007.05.24 11:07:05.957,0.6767,0.6768,63.50,15.10
2007.05.24 11:07:06.200,0.6767,0.6768,63.90,15.10
2007.05.24 11:07:06.239,0.6767,0.6768,63.10,15.10
2007.05.24 11:07:06.315,0.6767,0.6768,61.50,15.10
2007.05.24 11:07:06.444,0.6767,0.6768,59.90,15.10
2007.05.24 11:07:06.483,0.6767,0.6768,58.30,15.10
2007.05.24 11:07:08.212,0.6767,0.6768,58.30,12.70
2007.05.24 11:07:08.312,0.6767,0.6768,57.50,12.70
2007.05.24 11:07:08.384,0.6767,0.6768,60.70,11.90
2007.05.24 11:07:08.579,0.67675,0.6768,0.80,11.90
2007.05.24 11:07:08.789,0.67675,0.6768,1.60,11.90
2007.05.24 11:07:08.950,0.67675,0.6768,1.60,14.30
2007.05.24 11:07:09.079,0.67675,0.6768,0.80,14.30
2007.05.24 11:07:09.208,0.6767,0.6768,62.20,14.30
2007.05.24 11:07:09.432,0.6767,0.6768,63.80,14.30
2007.05.24 11:07:09.473,0.6767,0.6768,65.40,14.30
2007.05.24 11:07:09.528,0.6767,0.6768,64.60,14.30
2007.05.24 11:07:09.679,0.6767,0.6768,63.10,14.30
2007.05.24 11:07:10.544,0.67675,0.6768,1.60,14.30
2007.05.24 11:07:11.048,0.67675,0.6768,3.20,14.30
2007.05.24 11:07:12.050,0.67675,0.6768,1.60,14.30
2007.05.24 11:07:16.137,0.67675,0.6768,0.80,14.30
2007.05.24 11:07:16.289,0.6767,0.6768,58.30,14.30
2007.05.24 11:07:16.406,0.6767,0.6768,57.50,14.30
2007.05.24 11:07:16.541,0.6767,0.6768,55.90,14.30
2007.05.24 11:07:16.587,0.6767,0.6768,55.10,14.30
2007.05.24 11:07:16.862,0.6767,0.6768,55.50,14.30
2007.05.24 11:07:17.012,0.6767,0.6768,55.50,15.10
2007.05.24 11:07:17.094,0.6767,0.6768,56.30,15.10
2007.05.24 11:07:17.830,0.6767,0.6768,55.90,15.10
2007.05.24 11:07:18.385,0.6767,0.6768,54.30,15.10
2007.05.24 11:07:18.598,0.6767,0.6768,55.10,15.10
2007.05.24 11:07:19.008,0.6767,0.6768,53.50,15.10
2007.05.24 11:07:19.097,0.6767,0.6768,55.90,15.10
2007.05.24 11:07:19.217,0.6767,0.6768,57.80,15.10
2007.05.24 11:07:19.639,0.6767,0.6768,59.40,15.10
2007.05.24 11:07:19.662,0.6767,0.6768,57.50,15.10
2007.05.24 11:07:19.745,0.6767,0.6768,56.70,15.10
2007.05.24 11:07:19.937,0.6767,0.6768,57.50,15.10
2007.05.24 11:07:20.012,0.6767,0.6768,59.40,16.70
2007.05.24 11:07:20.200,0.6767,0.6768,57.80,16.70
2007.05.24 11:07:20.299,0.6767,0.6768,57.80,18.30
2007.05.24 11:07:20.702,0.6767,0.6768,59.40,18.30
2007.05.24 11:07:20.926,0.6767,0.6768,59.40,16.70
2007.05.24 11:07:21.061,0.6767,0.6768,59.40,15.10
2007.05.24 11:07:21.441,0.6767,0.6768,59.10,15.10
2007.05.24 11:07:23.693,0.6767,0.6768,58.70,15.10
2007.05.24 11:07:23.789,0.6767,0.6768,58.30,15.10
2007.05.24 11:07:23.885,0.6767,0.6768,58.30,14.30
2007.05.24 11:07:24.107,0.6767,0.6768,55.90,14.30
2007.05.24 11:07:24.770,0.67665,0.6768,66.30,14.30
2007.05.24 11:07:25.927,0.67665,0.6768,66.30,15.10
2007.05.24 11:07:34.666,0.67665,0.6768,68.70,15.10
2007.05.24 11:07:49.858,0.6767,0.6768,20.30,16.70
2007.05.24 11:07:49.882,0.67665,0.6768,68.70,18.30
2007.05.24 11:07:50.170,0.6767,0.6768,19.70,18.30
2007.05.24 11:07:51.190,0.67665,0.6768,68.70,18.30
2007.05.24 11:07:51.602,0.67665,0.6768,66.30,18.30
2007.05.24 11:07:52.965,0.6767,0.6768,24.80,18.30
2007.05.24 11:07:53.281,0.67665,0.6768,66.30,22.30
2007.05.24 11:07:53.792,0.6767,0.6768,16.60,22.30
2007.05.24 11:08:01.252,0.6767,0.6768,55.10,22.30
2007.05.24 11:08:04.289,0.6767,0.6768,55.90,22.30
2007.05.24 11:08:05.722,0.6767,0.6768,54.30,22.30
2007.05.24 11:08:06.006,0.6767,0.6768,53.50,22.30
2007.05.24 11:08:06.237,0.6767,0.6768,51.90,22.30
2007.05.24 11:08:06.250,0.6767,0.6768,51.10,22.30
2007.05.24 11:08:06.288,0.6767,0.6768,49.50,22.30
2007.05.24 11:08:06.859,0.6767,0.6768,53.50,22.30
2007.05.24 11:08:07.061,0.6767,0.6768,55.90,20.70
2007.05.24 11:08:07.230,0.6767,0.6768,57.50,16.70
2007.05.24 11:08:07.307,0.6767,0.6768,55.10,16.70
2007.05.24 11:08:07.613,0.6767,0.6768,54.70,15.10
2007.05.24 11:08:07.834,0.6767,0.6768,55.10,15.10
2007.05.24 11:08:08.052,0.6767,0.6768,55.90,15.10
2007.05.24 11:08:08.436,0.6767,0.6768,54.30,15.10
2007.05.24 11:08:08.846,0.6767,0.6768,53.90,15.10
2007.05.24 11:08:08.966,0.6767,0.6768,53.90,16.70
2007.05.24 11:08:09.158,0.6767,0.6768,55.50,16.70
2007.05.24 11:08:09.414,0.6767,0.6768,55.50,15.10
2007.05.24 11:08:09.731,0.6767,0.6768,57.90,15.10
2007.05.24 11:08:10.470,0.6767,0.6768,56.30,15.10
2007.05.24 11:08:10.742,0.6767,0.6768,56.30,16.70
2007.05.24 11:08:10.814,0.6767,0.6768,55.90,20.70
2007.05.24 11:08:10.831,0.6767,0.6768,53.50,20.70
2007.05.24 11:08:10.959,0.6767,0.6768,55.10,22.30
2007.05.24 11:08:11.329,0.6767,0.6768,53.50,22.30
2007.05.24 11:08:12.277,0.6767,0.6768,51.90,22.30
2007.05.24 11:08:13.007,0.6767,0.6768,51.10,22.30
2007.05.24 11:08:13.070,0.6767,0.6768,50.30,22.30
2007.05.24 11:08:13.423,0.6767,0.6768,51.10,22.30
2007.05.24 11:08:13.491,0.6767,0.6768,50.30,22.30
2007.05.24 11:08:13.587,0.6767,0.6768,51.90,22.30
2007.05.24 11:08:13.981,0.6767,0.67685,51.90,39.10
2007.05.24 11:08:14.050,0.6767,0.6768,53.50,0.60
2007.05.24 11:08:17.120,0.6767,0.6768,51.90,0.70
2007.05.24 11:08:17.660,0.6767,0.67685,53.50,39.10
2007.05.24 11:08:17.730,0.6767,0.6768,53.50,0.50
2007.05.24 11:08:18.399,0.6767,0.6768,53.50,0.70
2007.05.24 11:08:18.459,0.6767,0.67685,53.90,33.50
2007.05.24 11:08:18.914,0.6767,0.6768,53.90,0.90
2007.05.24 11:08:19.418,0.6767,0.6768,52.30,0.70
2007.05.24 11:08:20.474,0.6767,0.6768,51.90,0.50
2007.05.24 11:08:20.519,0.6767,0.6768,51.90,0.70
2007.05.24 11:08:20.556,0.6767,0.6768,51.90,0.80
2007.05.24 11:08:20.933,0.6767,0.67685,51.90,33.50
2007.05.24 11:08:20.965,0.6767,0.6768,53.50,0.50
2007.05.24 11:08:21.972,0.6767,0.67685,53.50,33.50
2007.05.24 11:08:22.355,0.6767,0.6768,51.90,0.60
2007.05.24 11:08:22.701,0.6767,0.67685,52.30,39.10
2007.05.24 11:08:22.724,0.6767,0.67685,51.90,39.10
2007.05.24 11:08:23.054,0.6767,0.67685,53.50,39.10
2007.05.24 11:08:23.853,0.6767,0.6768,51.90,0.90
2007.05.24 11:08:26.930,0.6767,0.6768,53.50,0.50
2007.05.24 11:08:27.981,0.6767,0.6768,53.50,0.50
2007.05.24 11:08:28.000,0.6767,0.67685,51.90,35.10
2007.05.24 11:08:28.322,0.6767,0.6768,54.30,0.90
2007.05.24 11:08:29.201,0.6767,0.67685,51.90,32.70
2007.05.24 11:08:33.576,0.6767,0.6768,53.50,0.90
2007.05.24 11:08:33.619,0.6767,0.67685,53.50,36.70
2007.05.24 11:08:34.196,0.6767,0.6768,51.90,0.60
2007.05.24 11:08:34.468,0.6767,0.6768,51.90,0.60
2007.05.24 11:08:34.682,0.6767,0.6768,51.90,0.60
2007.05.24 11:08:34.939,0.6767,0.6768,51.90,0.50
2007.05.24 11:08:36.314,0.6767,0.6768,51.10,0.60
2007.05.24 11:08:36.440,0.6767,0.6768,49.50,0.80
2007.05.24 11:08:36.458,0.6767,0.6768,49.50,0.60
2007.05.24 11:08:36.842,0.6767,0.67685,51.10,39.10
2007.05.24 11:08:36.998,0.6767,0.67685,51.90,39.90
2007.05.24 11:08:43.814,0.6767,0.6768,51.90,20.70
2007.05.24 11:08:43.843,0.6767,0.6768,53.50,19.10
2007.05.24 11:08:45.329,0.6767,0.6768,53.50,18.30
2007.05.24 11:08:45.598,0.6767,0.6768,55.10,18.30
2007.05.24 11:08:45.789,0.6767,0.6768,55.90,18.30
2007.05.24 11:08:45.977,0.6767,0.6768,55.90,14.30
2007.05.24 11:08:46.009,0.6767,0.6768,54.30,14.30
2007.05.24 11:08:46.155,0.6767,0.6768,56.30,14.30
2007.05.24 11:08:46.258,0.6767,0.6768,57.10,14.30
2007.05.24 11:08:46.689,0.6767,0.6768,55.50,14.30
2007.05.24 11:08:46.845,0.6767,0.6768,53.90,14.30
2007.05.24 11:08:47.026,0.6767,0.6768,55.50,14.30
2007.05.24 11:08:47.207,0.6767,0.6768,55.90,14.30
2007.05.24 11:08:47.304,0.6767,0.6768,47.90,22.30
2007.05.24 11:08:47.433,0.6767,0.6768,39.10,34.30
2007.05.24 11:08:47.729,0.6767,0.6768,38.70,34.30
2007.05.24 11:08:47.835,0.6767,0.6768,39.10,34.30
2007.05.24 11:08:48.053,0.6767,0.6768,33.50,34.30
2007.05.24 11:08:49.355,0.6767,0.6768,33.10,34.30
2007.05.24 11:08:49.687,0.6767,0.6768,33.50,34.30
2007.05.24 11:08:50.407,0.6767,0.6768,32.70,34.30
2007.05.24 11:08:51.307,0.6767,0.6768,32.70,38.30
2007.05.24 11:08:51.866,0.6767,0.6768,32.70,39.10
2007.05.24 11:08:52.265,0.6767,0.6768,32.70,47.10
2007.05.24 11:08:53.282,0.6767,0.67675,32.70,4.00
2007.05.24 11:08:53.296,0.6767,0.67675,24.80,4.00
2007.05.24 11:08:53.385,0.6767,0.67675,23.20,4.00
2007.05.24 11:08:54.174,0.6767,0.67675,19.20,4.00
2007.05.24 11:08:54.859,0.6767,0.67675,11.20,4.00
2007.05.24 11:08:58.374,0.6767,0.67675,10.40,4.00
2007.05.24 11:08:58.379,0.6767,0.67675,8.80,4.00
2007.05.24 11:08:58.868,0.6767,0.67675,10.40,4.00
2007.05.24 11:08:58.886,0.6767,0.67675,11.20,4.00
2007.05.24 11:09:00.337,0.6767,0.67675,27.10,4.00
2007.05.24 11:09:00.440,0.6767,0.67675,30.30,4.00
2007.05.24 11:09:00.522,0.6767,0.6768,30.30,40.70
2007.05.24 11:09:00.568,0.6767,0.6768,35.90,35.10
2007.05.24 11:09:00.627,0.6767,0.6768,43.90,27.10
2007.05.24 11:09:06.506,0.67665,0.6768,58.30,27.10
2007.05.24 11:09:06.740,0.67665,0.6768,50.30,35.10
2007.05.24 11:09:06.832,0.6767,0.6768,3.30,39.10
2007.05.24 11:09:06.942,0.67665,0.6768,43.10,38.30
2007.05.24 11:09:07.216,0.67665,0.6768,43.90,38.30
2007.05.24 11:09:07.472,0.67665,0.6768,44.70,38.30
2007.05.24 11:09:07.576,0.67665,0.6768,44.70,36.70
2007.05.24 11:09:07.608,0.67665,0.6768,44.70,36.70
2007.05.24 11:09:07.791,0.67665,0.6768,43.90,35.90
2007.05.24 11:09:07.881,0.67665,0.6768,47.90,34.30
2007.05.24 11:09:07.930,0.6767,0.6768,5.20,34.30
2007.05.24 11:09:07.971,0.67665,0.6768,50.50,34.30
2007.05.24 11:09:08.078,0.6767,0.6768,11.10,34.30
2007.05.24 11:09:08.103,0.67665,0.6768,48.10,38.30
2007.05.24 11:09:08.185,0.67665,0.6768,48.20,38.30
2007.05.24 11:09:08.322,0.67665,0.6768,49.80,34.30
2007.05.24 11:09:08.395,0.6767,0.6768,8.60,34.30
2007.05.24 11:09:08.410,0.67665,0.6768,48.20,34.30
2007.05.24 11:09:08.570,0.67665,0.6768,48.20,34.30
2007.05.24 11:09:10.839,0.67665,0.6768,48.20,38.30
2007.05.24 11:09:10.907,0.67665,0.6768,47.90,46.30
2007.05.24 11:09:11.879,0.67665,0.6768,47.90,47.10
2007.05.24 11:09:15.342,0.6767,0.6768,18.10,27.10
2007.05.24 11:09:17.391,0.67665,0.6768,64.30,27.10
2007.05.24 11:09:19.064,0.67665,0.6768,63.90,27.10
2007.05.24 11:09:19.095,0.67665,0.6768,63.90,23.10
2007.05.24 11:09:19.353,0.6767,0.6768,26.40,24.70
2007.05.24 11:09:19.377,0.67665,0.6768,63.90,26.30
2007.05.24 11:09:19.796,0.67665,0.6768,63.90,18.30
2007.05.24 11:09:19.907,0.67665,0.6768,63.90,16.70
2007.05.24 11:09:19.989,0.67665,0.6768,64.30,16.70
2007.05.24 11:09:20.116,0.67665,0.6768,64.30,15.10
2007.05.24 11:09:20.879,0.67665,0.6768,64.30,15.10
2007.05.24 11:09:21.613,0.6767,0.6768,14.10,15.10
2007.05.24 11:09:22.878,0.67665,0.6768,64.70,15.10
2007.05.24 11:09:23.794,0.6767,0.6768,16.40,15.10
2007.05.24 11:09:23.853,0.6767,0.6768,19.80,15.10
2007.05.24 11:09:23.915,0.6767,0.6768,1.90,15.10
2007.05.24 11:09:24.375,0.67665,0.6768,66.20,15.10
2007.05.24 11:09:24.458,0.67665,0.6768,65.50,15.10
2007.05.24 11:09:24.487,0.67665,0.6768,63.90,15.10
2007.05.24 11:09:24.503,0.67665,0.6768,63.10,15.10
2007.05.24 11:09:25.557,0.67665,0.6768,64.70,18.30
2007.05.24 11:09:25.913,0.67665,0.6768,64.70,16.70
2007.05.24 11:09:26.050,0.6767,0.6768,15.50,15.10
2007.05.24 11:09:29.889,0.6767,0.6768,13.90,16.70
2007.05.24 11:09:30.060,0.67665,0.6768,64.70,18.30
2007.05.24 11:09:31.384,0.67665,0.6768,63.90,18.30
2007.05.24 11:09:32.801,0.67665,0.6768,47.90,34.30
2007.05.24 11:09:32.910,0.67665,0.6768,47.90,38.30
2007.05.24 11:09:33.769,0.6767,0.6768,17.40,38.30
2007.05.24 11:09:39.675,0.6767,0.6768,37.50,38.30
2007.05.24 11:09:40.376,0.6767,0.6768,31.90,38.30
2007.05.24 11:09:41.425,0.6767,0.6768,30.30,38.30
2007.05.24 11:09:41.861,0.6767,0.6768,29.50,38.30
2007.05.24 11:09:41.954,0.6767,0.6768,28.70,42.30
2007.05.24 11:09:42.052,0.6767,0.6768,27.10,42.30
2007.05.24 11:09:42.184,0.6767,0.6768,27.50,42.30
2007.05.24 11:09:42.274,0.6767,0.6768,26.70,42.30
2007.05.24 11:09:42.500,0.6767,0.6768,27.50,42.30
2007.05.24 11:09:42.585,0.6767,0.6768,27.10,50.30
2007.05.24 11:09:42.663,0.6767,0.6768,27.10,54.30
2007.05.24 11:09:42.889,0.6767,0.6768,44.70,38.30
2007.05.24 11:09:42.969,0.6767,0.6768,34.30,38.30
2007.05.24 11:09:43.128,0.6767,0.6768,38.30,34.30
2007.05.24 11:09:43.962,0.6767,0.6768,42.30,30.30
2007.05.24 11:09:44.019,0.6767,0.6768,50.30,18.30
2007.05.24 11:09:44.448,0.6767,0.6768,50.30,16.70
2007.05.24 11:09:44.505,0.6767,0.6768,51.10,16.70
2007.05.24 11:09:44.706,0.6767,0.6768,51.90,16.70
2007.05.24 11:09:44.714,0.6767,0.6768,52.70,16.70
2007.05.24 11:09:48.701,0.6767,0.67685,52.70,33.50
2007.05.24 11:09:53.271,0.6767,0.67685,53.50,33.50
2007.05.24 11:09:53.287,0.6767,0.6768,54.30,0.50
2007.05.24 11:10:01.538,0.6767,0.6768,53.50,0.60
2007.05.24 11:10:01.683,0.6767,0.67685,52.70,33.50
2007.05.24 11:10:03.009,0.6767,0.67685,53.50,33.50
2007.05.24 11:10:03.024,0.6767,0.6768,54.30,0.80
2007.05.24 11:10:05.989,0.6767,0.67685,53.50,33.50
2007.05.24 11:10:05.998,0.6767,0.67685,52.70,33.50
2007.05.24 11:10:06.081,0.6767,0.67685,51.90,33.50
2007.05.24 11:10:06.144,0.6767,0.6768,51.10,0.60
2007.05.24 11:10:06.197,0.6767,0.67685,50.30,33.50
2007.05.24 11:10:06.379,0.6767,0.67685,51.10,33.50
2007.05.24 11:10:06.428,0.6767,0.67685,51.90,33.50
2007.05.24 11:10:06.634,0.6767,0.67685,52.70,33.50
2007.05.24 11:10:08.380,0.6767,0.67685,53.50,33.50
2007.05.24 11:10:08.461,0.6767,0.6768,54.30,0.60
2007.05.24 11:10:08.763,0.6767,0.67685,53.50,33.50
2007.05.24 11:10:08.776,0.6767,0.67685,52.70,33.50
2007.05.24 11:10:08.859,0.6767,0.6768,53.50,0.80
2007.05.24 11:10:08.877,0.6767,0.6768,54.30,0.50
2007.05.24 11:10:11.448,0.6767,0.67685,54.30,31.90
2007.05.24 11:10:11.497,0.6767,0.6768,54.30,0.90
2007.05.24 11:10:11.869,0.6767,0.6768,55.10,0.90
2007.05.24 11:10:12.177,0.6767,0.67685,55.90,31.90
2007.05.24 11:10:19.140,0.6767,0.6768,56.30,14.30
2007.05.24 11:10:19.400,0.6767,0.6768,57.90,14.30
2007.05.24 11:10:19.428,0.6767,0.6768,55.50,14.30
2007.05.24 11:10:19.485,0.6767,0.6768,56.30,14.30
2007.05.24 11:10:19.498,0.6767,0.6768,56.30,11.90
2007.05.24 11:10:20.459,0.6767,0.6768,56.70,11.90
2007.05.24 11:10:20.552,0.6767,0.6768,57.50,11.90
2007.05.24 11:10:20.564,0.6767,0.6768,59.90,11.90
2007.05.24 11:10:20.955,0.67675,0.6768,0.80,0.90
2007.05.24 11:10:21.688,0.6767,0.67685,60.70,29.50
2007.05.24 11:10:21.980,0.6767,0.67685,59.90,29.50
2007.05.24 11:10:22.478,0.67675,0.6768,0.80,0.50
2007.05.24 11:10:24.474,0.6767,0.67685,60.70,29.50
2007.05.24 11:10:24.486,0.6767,0.67685,60.30,29.50
2007.05.24 11:10:24.585,0.6767,0.67685,59.90,29.50
2007.05.24 11:10:24.634,0.6767,0.67685,59.10,29.50
2007.05.24 11:10:24.682,0.6767,0.67685,58.30,29.50
2007.05.24 11:10:24.971,0.6767,0.67685,57.50,29.50
2007.05.24 11:10:25.500,0.6767,0.67685,56.70,29.50
2007.05.24 11:10:26.014,0.6767,0.67685,55.10,29.50
2007.05.24 11:10:27.479,0.6767,0.6768,53.50,0.50
2007.05.24 11:10:28.496,0.6767,0.67685,55.90,29.50
2007.05.24 11:10:29.982,0.6767,0.6768,57.50,0.70
2007.05.24 11:10:36.757,0.67675,0.6768,0.80,0.90
2007.05.24 11:10:38.514,0.6767,0.67685,58.70,29.50
2007.05.24 11:10:38.692,0.6767,0.67685,58.30,29.50
2007.05.24 11:10:39.066,0.6767,0.67685,56.70,29.50
2007.05.24 11:10:39.579,0.6767,0.67685,47.10,45.50
2007.05.24 11:10:39.615,0.6767,0.6768,47.10,0.50
2007.05.24 11:10:41.031,0.6767,0.67685,38.30,53.50
2007.05.24 11:10:41.148,0.6767,0.67685,37.50,53.50
2007.05.24 11:10:41.430,0.6767,0.6768,35.90,0.50
2007.05.24 11:10:41.538,0.6767,0.6768,43.90,0.60
2007.05.24 11:10:41.681,0.6767,0.67685,54.30,37.50
2007.05.24 11:10:42.237,0.6767,0.67685,54.30,37.50
2007.05.24 11:10:42.437,0.6767,0.6768,55.90,0.80
2007.05.24 11:10:42.696,0.6767,0.67685,57.50,29.50
2007.05.24 11:10:43.000,0.6767,0.67685,58.30,29.50
2007.05.24 11:10:43.603,0.6767,0.67685,59.40,29.50
2007.05.24 11:10:43.950,0.6767,0.6768,59.80,0.50
2007.05.24 11:10:44.039,0.6767,0.67685,61.40,29.50
2007.05.24 11:10:45.108,0.67665,0.67685,70.20,41.40
2007.05.24 11:10:45.694,0.67665,0.67685,69.80,29.50
2007.05.24 11:10:45.825,0.67665,0.67685,69.00,29.50
2007.05.24 11:10:45.846,0.67665,0.67685,69.80,29.50
2007.05.24 11:10:45.893,0.67665,0.67685,70.30,29.50
2007.05.24 11:10:46.266,0.67665,0.67685,72.70,29.50
2007.05.24 11:10:46.406,0.6767,0.67685,60.70,29.50
2007.05.24 11:10:46.683,0.6767,0.67685,61.50,29.50
2007.05.24 11:10:50.569,0.6767,0.6768,64.70,11.90
2007.05.24 11:10:50.658,0.6767,0.6768,65.40,4.00
2007.05.24 11:10:50.669,0.6767,0.6768,65.40,4.00
2007.05.24 11:10:50.756,0.6767,0.67685,65.40,14.40
2007.05.24 11:10:51.159,0.67675,0.67685,2.00,14.40
2007.05.24 11:10:51.432,0.67675,0.67685,4.30,12.80
2007.05.24 11:10:51.774,0.67675,0.67685,3.20,12.00
2007.05.24 11:10:52.990,0.67675,0.67685,3.10,12.00
2007.05.24 11:10:53.952,0.6767,0.67685,68.50,12.80
2007.05.24 11:10:54.233,0.67675,0.67685,1.50,8.80
2007.05.24 11:10:54.291,0.6768,0.67685,0.60,4.80
2007.05.24 11:10:55.321,0.6768,0.67685,0.80,4.00
2007.05.24 11:10:56.947,0.67675,0.67685,12.80,4.80
2007.05.24 11:10:58.631,0.67675,0.67685,0.70,4.80
2007.05.24 11:10:58.700,0.6767,0.67685,65.80,4.80
2007.05.24 11:10:58.816,0.67675,0.67685,3.80,8.80
2007.05.24 11:11:00.659,0.6767,0.67685,68.60,8.80
2007.05.24 11:11:01.254,0.6767,0.67685,64.60,8.80
2007.05.24 11:11:01.361,0.6767,0.67685,65.40,8.80
2007.05.24 11:11:01.684,0.67675,0.67685,1.60,8.80
2007.05.24 11:11:01.714,0.67675,0.67685,0.80,8.80
2007.05.24 11:11:01.876,0.6767,0.67685,65.70,8.80
2007.05.24 11:11:03.002,0.67675,0.67685,12.00,4.80
2007.05.24 11:11:04.795,0.67675,0.6768,11.50,4.00
2007.05.24 11:11:08.758,0.6767,0.6768,69.70,4.00
2007.05.24 11:11:09.019,0.6767,0.6768,65.60,4.00
2007.05.24 11:11:09.060,0.6767,0.6768,65.10,4.00
2007.05.24 11:11:10.673,0.6767,0.6768,67.90,4.00
2007.05.24 11:11:16.249,0.67675,0.6768,8.00,4.00
2007.05.24 11:11:16.382,0.67675,0.6768,8.80,4.00
2007.05.24 11:11:17.664,0.6768,0.67685,2.40,4.00
2007.05.24 11:11:20.176,0.6768,0.67685,1.40,4.00
2007.05.24 11:11:21.758,0.6767,0.6768,67.00,4.00
2007.05.24 11:11:33.331,0.67675,0.67685,3.40,4.00
2007.05.24 11:11:33.471,0.6767,0.67685,67.00,4.80
2007.05.24 11:11:33.995,0.67675,0.67685,0.60,4.00
2007.05.24 11:11:34.126,0.67675,0.67685,11.20,4.00
2007.05.24 11:11:34.342,0.67675,0.6769,11.20,64.60
2007.05.24 11:11:37.482,0.6768,0.6769,0.60,63.80
2007.05.24 11:11:37.506,0.67675,0.6769,11.20,63.00
2007.05.24 11:11:37.729,0.6768,0.6769,0.50,62.20
2007.05.24 11:11:42.611,0.6768,0.6769,1.20,58.30
2007.05.24 11:11:42.678,0.6767,0.6768,58.50,4.00
2007.05.24 11:11:44.694,0.67675,0.67685,1.20,8.00
2007.05.24 11:11:45.152,0.6767,0.67685,63.00,8.00
2007.05.24 11:11:45.210,0.67675,0.67685,11.20,8.00
2007.05.24 11:11:46.668,0.67675,0.67685,11.20,8.80
2007.05.24 11:11:47.612,0.67675,0.67685,11.20,8.00
2007.05.24 11:11:48.374,0.67675,0.67685,11.20,4.00
2007.05.24 11:11:50.697,0.67675,0.67685,8.80,4.00
2007.05.24 11:11:55.328,0.67675,0.67685,8.80,4.80
2007.05.24 11:11:55.858,0.67675,0.67685,8.80,4.00
2007.05.24 11:11:57.897,0.67675,0.67685,8.80,4.80
2007.05.24 11:11:59.512,0.67675,0.67685,1.40,4.80
2007.05.24 11:12:05.646,0.67675,0.67685,0.80,4.80
2007.05.24 11:12:05.676,0.6767,0.6768,61.80,7.90
2007.05.24 11:12:05.738,0.67675,0.6768,2.00,10.30
2007.05.24 11:12:05.810,0.6767,0.6768,59.90,14.30
2007.05.24 11:12:05.821,0.6767,0.6768,59.90,14.30
2007.05.24 11:12:06.677,0.6767,0.6768,59.90,14.30
2007.05.24 11:12:07.571,0.67675,0.6768,1.70,14.30
2007.05.24 11:12:07.852,0.6767,0.6768,59.90,14.30
2007.05.24 11:12:07.992,0.6767,0.6768,59.90,14.30
2007.05.24 11:12:09.839,0.67675,0.6768,1.50,14.30
2007.05.24 11:12:10.762,0.6767,0.6768,59.90,14.30
2007.05.24 11:12:13.215,0.6767,0.6768,59.90,10.30
2007.05.24 11:12:20.851,0.6767,0.6768,63.10,10.30
2007.05.24 11:12:21.003,0.67665,0.6768,76.70,10.30
2007.05.24 11:12:21.203,0.6767,0.6768,8.50,10.30
2007.05.24 11:12:21.241,0.67665,0.6768,75.90,10.30
2007.05.24 11:12:21.393,0.6767,0.6768,12.80,10.30
2007.05.24 11:12:26.177,0.67665,0.6768,76.20,10.30
2007.05.24 11:12:26.439,0.67665,0.6768,75.80,10.30
2007.05.24 11:12:26.504,0.6767,0.6768,0.50,10.30
2007.05.24 11:12:26.666,0.6767,0.6768,65.40,10.30
2007.05.24 11:12:26.725,0.6767,0.6768,64.60,10.30
2007.05.24 11:12:26.853,0.6767,0.6768,62.20,10.30
2007.05.24 11:12:27.156,0.6767,0.6768,64.60,10.30
2007.05.24 11:12:27.430,0.67675,0.6768,0.80,10.30
2007.05.24 11:12:27.516,0.67675,0.6768,1.60,10.30
2007.05.24 11:12:34.328,0.67675,0.6768,1.60,7.90
2007.05.24 11:12:34.421,0.67675,0.6768,0.80,7.90
2007.05.24 11:12:34.520,0.6767,0.6768,57.40,7.90
2007.05.24 11:12:34.661,0.6767,0.6768,58.20,7.90
2007.05.24 11:12:36.202,0.6767,0.6768,58.20,11.10
2007.05.24 11:12:36.268,0.6767,0.6768,47.80,24.70
2007.05.24 11:12:36.285,0.6767,0.6768,40.60,26.30
2007.05.24 11:12:36.352,0.6767,0.6768,40.20,26.30
2007.05.24 11:12:36.402,0.6767,0.6768,39.40,26.30
2007.05.24 11:12:36.837,0.6767,0.6768,40.70,26.30
2007.05.24 11:12:36.846,0.6767,0.6768,43.90,26.30
2007.05.24 11:12:36.917,0.6767,0.6768,43.90,22.30
2007.05.24 11:12:36.954,0.6767,0.6768,46.30,22.30
2007.05.24 11:12:36.976,0.6767,0.6768,53.50,20.70
2007.05.24 11:12:37.216,0.6767,0.6768,61.90,12.70
2007.05.24 11:12:39.561,0.6767,0.6768,47.10,21.50
2007.05.24 11:12:39.572,0.6767,0.6768,38.70,29.50
2007.05.24 11:12:39.587,0.6767,0.6768,43.50,30.30
2007.05.24 11:12:39.723,0.6767,0.6768,43.10,33.50
2007.05.24 11:12:39.814,0.6767,0.6768,42.30,33.50
2007.05.24 11:12:39.848,0.6767,0.6768,41.50,33.50
2007.05.24 11:12:40.203,0.6767,0.6768,41.50,30.30
2007.05.24 11:12:40.226,0.6767,0.6768,42.30,27.10
2007.05.24 11:12:40.299,0.6767,0.6768,42.30,26.30
2007.05.24 11:12:40.723,0.6767,0.6768,50.30,18.30
2007.05.24 11:12:40.768,0.6767,0.6768,51.10,18.30
2007.05.24 11:12:40.832,0.6767,0.6768,54.30,14.30
2007.05.24 11:12:40.870,0.6767,0.6768,56.70,14.30
2007.05.24 11:12:41.021,0.6767,0.6768,57.00,14.30
2007.05.24 11:12:41.329,0.6767,0.6768,56.70,14.30
2007.05.24 11:12:42.798,0.6767,0.6768,55.10,14.30
2007.05.24 11:12:42.818,0.6767,0.6768,52.70,14.30
2007.05.24 11:12:42.880,0.6767,0.6768,46.30,14.30
2007.05.24 11:12:42.914,0.6767,0.6768,44.70,18.30
2007.05.24 11:12:42.997,0.6767,0.6768,43.90,18.30
2007.05.24 11:12:43.202,0.6767,0.6768,35.90,26.30
2007.05.24 11:12:43.322,0.6767,0.6768,38.30,26.30
2007.05.24 11:12:43.417,0.6767,0.6768,39.10,26.30
2007.05.24 11:12:43.439,0.6767,0.6768,43.90,26.30
2007.05.24 11:12:43.532,0.6767,0.6768,45.10,22.30
2007.05.24 11:12:43.713,0.6767,0.6768,45.50,22.30
2007.05.24 11:12:43.723,0.6767,0.6768,45.50,20.70
2007.05.24 11:12:44.336,0.6767,0.6768,46.70,20.70
2007.05.24 11:12:44.467,0.6767,0.6768,48.30,20.70
2007.05.24 11:12:44.855,0.6767,0.6768,46.70,20.70
2007.05.24 11:12:45.058,0.6767,0.6768,45.10,20.70
2007.05.24 11:12:45.677,0.6767,0.6768,53.10,12.70
2007.05.24 11:12:45.845,0.6767,0.6768,53.90,14.30
2007.05.24 11:12:45.867,0.6767,0.6768,54.70,14.30
2007.05.24 11:12:45.892,0.6767,0.6768,55.40,14.30
2007.05.24 11:12:46.190,0.6767,0.6768,54.60,14.30
2007.05.24 11:12:46.204,0.6767,0.6768,56.20,14.30
2007.05.24 11:12:46.509,0.6767,0.6768,57.80,12.70
2007.05.24 11:12:46.577,0.6767,0.6768,58.60,12.70
2007.05.24 11:12:49.608,0.6767,0.6768,57.80,12.70
2007.05.24 11:12:49.667,0.6767,0.6768,57.00,12.70
2007.05.24 11:12:49.982,0.6767,0.6768,57.00,11.90
2007.05.24 11:12:50.039,0.6767,0.6768,56.70,11.90
2007.05.24 11:12:50.988,0.6767,0.6768,56.70,10.30
2007.05.24 11:12:50.996,0.67675,0.6768,0.80,10.30
2007.05.24 11:12:51.321,0.67675,0.6768,1.60,10.30
2007.05.24 11:12:52.361,0.67675,0.6768,0.80,10.30
2007.05.24 11:12:52.367,0.67675,0.6768,0.80,7.90
2007.05.24 11:12:52.476,0.6767,0.6768,57.40,7.90
2007.05.24 11:12:52.517,0.6767,0.6768,59.80,7.90
2007.05.24 11:12:52.746,0.6767,0.6768,63.40,7.90
2007.05.24 11:12:52.852,0.6767,0.6768,63.10,7.90
2007.05.24 11:12:52.866,0.6767,0.6768,65.50,7.90
2007.05.24 11:12:52.999,0.6767,0.6768,65.50,10.30
2007.05.24 11:12:53.085,0.6767,0.6768,63.50,10.30
2007.05.24 11:12:53.169,0.6767,0.6768,63.10,10.30
2007.05.24 11:12:53.251,0.6767,0.6768,60.70,10.30
2007.05.24 11:12:53.384,0.6767,0.6768,59.10,10.30
2007.05.24 11:12:53.567,0.6767,0.6768,56.70,10.30
2007.05.24 11:12:53.648,0.6767,0.6768,54.30,10.30
2007.05.24 11:12:53.921,0.6767,0.6768,56.70,10.30
2007.05.24 11:12:53.974,0.6767,0.6768,57.10,10.30
2007.05.24 11:12:54.196,0.6767,0.6768,56.70,10.30
2007.05.24 11:12:54.309,0.6767,0.6768,54.30,10.30
2007.05.24 11:12:54.337,0.6767,0.6768,53.90,10.30
2007.05.24 11:12:54.384,0.6767,0.6768,53.50,10.30
2007.05.24 11:12:55.376,0.6767,0.6768,54.30,10.30
2007.05.24 11:12:55.589,0.67675,0.6768,0.80,10.30
2007.05.24 11:12:55.741,0.6767,0.6768,53.50,10.30
2007.05.24 11:12:55.930,0.6767,0.6768,54.30,10.30
2007.05.24 11:12:56.564,0.6767,0.6768,53.50,10.30
2007.05.24 11:12:57.261,0.6767,0.6768,52.70,10.30
2007.05.24 11:12:57.368,0.6767,0.6768,52.70,11.10
2007.05.24 11:12:57.555,0.6767,0.6768,51.90,11.10
2007.05.24 11:12:57.608,0.6767,0.6768,51.10,12.70
2007.05.24 11:12:57.835,0.6767,0.6768,53.50,10.30
2007.05.24 11:12:58.446,0.6767,0.6768,51.90,11.90
2007.05.24 11:12:58.449,0.6767,0.6768,49.50,12.70
2007.05.24 11:12:58.563,0.6767,0.6768,49.50,16.70
2007.05.24 11:12:58.575,0.6767,0.6768,47.90,18.30
2007.05.24 11:12:59.304,0.6767,0.6768,47.90,16.70
2007.05.24 11:12:59.883,0.6767,0.6768,51.90,16.70
2007.05.24 11:13:00.119,0.6767,0.6768,53.50,18.30
2007.05.24 11:13:00.387,0.6767,0.6768,54.30,18.30
2007.05.24 11:13:00.459,0.6767,0.6768,51.90,18.30
2007.05.24 11:13:00.803,0.6767,0.6768,53.50,18.30
2007.05.24 11:13:00.870,0.6767,0.6768,53.50,16.70
2007.05.24 11:13:01.874,0.6767,0.6768,53.50,18.30
2007.05.24 11:13:02.927,0.6767,0.6768,53.50,16.70
2007.05.24 11:13:03.548,0.6767,0.67685,53.50,37.50
2007.05.24 11:13:07.843,0.6767,0.67685,53.50,33.50
2007.05.24 11:13:08.234,0.6767,0.67685,55.90,31.10
2007.05.24 11:13:08.366,0.6767,0.6768,56.70,0.90
2007.05.24 11:13:08.461,0.6767,0.6768,56.70,0.60
2007.05.24 11:13:08.601,0.6767,0.67685,57.50,31.10
2007.05.24 11:13:08.635,0.6767,0.6768,59.10,0.80
2007.05.24 11:13:08.855,0.6767,0.6768,60.70,0.90
2007.05.24 11:13:08.872,0.6767,0.6768,59.90,0.60
2007.05.24 11:13:08.966,0.6767,0.67685,60.70,31.10
2007.05.24 11:13:09.148,0.6767,0.6768,61.80,0.90
2007.05.24 11:13:09.172,0.6767,0.67685,62.30,29.50
2007.05.24 11:13:09.408,0.6767,0.67685,61.50,29.50
2007.05.24 11:13:09.539,0.6767,0.6768,60.70,0.50
2007.05.24 11:13:09.547,0.6767,0.67685,59.90,29.50
2007.05.24 11:13:09.580,0.6767,0.67685,58.30,29.50
2007.05.24 11:13:11.872,0.6767,0.67685,58.30,31.10
2007.05.24 11:13:11.922,0.6767,0.67685,58.30,31.10
2007.05.24 11:13:14.396,0.6767,0.67685,58.30,29.50
2007.05.24 11:13:14.457,0.6767,0.67685,58.30,29.50
2007.05.24 11:13:14.469,0.6767,0.6768,59.10,0.70
2007.05.24 11:13:14.813,0.6767,0.67685,59.90,29.50
2007.05.24 11:13:23.615,0.6767,0.6768,59.10,0.90
2007.05.24 11:13:23.693,0.6767,0.67685,58.30,29.50
2007.05.24 11:13:27.031,0.6767,0.67685,58.70,29.50
2007.05.24 11:13:29.622,0.6767,0.67685,56.30,31.90
2007.05.24 11:13:29.654,0.6767,0.67685,57.90,35.90
2007.05.24 11:13:30.121,0.6767,0.6768,57.50,0.80
2007.05.24 11:13:30.476,0.6767,0.6768,55.90,0.50
2007.05.24 11:13:31.391,0.6767,0.67685,57.50,35.90
2007.05.24 11:13:33.778,0.6767,0.6768,46.30,22.30
2007.05.24 11:13:33.840,0.6767,0.6768,46.30,26.30
2007.05.24 11:13:33.895,0.6767,0.6768,38.30,34.30
2007.05.24 11:13:33.923,0.6767,0.6768,38.30,38.30
2007.05.24 11:13:34.414,0.6767,0.6768,36.70,38.30
2007.05.24 11:13:35.886,0.6767,0.6768,36.70,39.10
2007.05.24 11:13:35.981,0.6767,0.6768,36.70,40.70
2007.05.24 11:13:36.414,0.6767,0.6768,36.70,39.10
2007.05.24 11:13:36.608,0.6767,0.6768,36.70,38.30
2007.05.24 11:13:36.922,0.6767,0.6768,44.70,30.30
2007.05.24 11:13:36.928,0.6767,0.6768,44.70,31.10
2007.05.24 11:13:37.004,0.6767,0.6768,52.70,24.70
2007.05.24 11:13:37.534,0.6767,0.6768,52.70,20.70
2007.05.24 11:13:38.429,0.6767,0.6768,54.30,18.30
2007.05.24 11:13:38.852,0.6767,0.6768,54.30,19.10
2007.05.24 11:13:38.882,0.6767,0.6768,54.30,20.70
2007.05.24 11:13:44.894,0.6767,0.6768,54.30,19.90
2007.05.24 11:13:44.904,0.6767,0.6768,54.30,18.30
2007.05.24 11:13:45.433,0.6767,0.6768,54.70,14.30
2007.05.24 11:13:45.608,0.6767,0.6768,56.30,14.30
2007.05.24 11:13:46.379,0.67675,0.6768,0.80,14.30
2007.05.24 11:13:47.257,0.6767,0.6768,56.30,14.30
2007.05.24 11:13:47.904,0.6767,0.6768,13.00,14.30
2007.05.24 11:13:48.222,0.67665,0.6768,71.50,14.30
2007.05.24 11:13:50.300,0.67665,0.6768,73.90,14.30
2007.05.24 11:13:50.416,0.67665,0.6768,71.50,14.30
2007.05.24 11:13:51.352,0.67665,0.6768,70.70,14.30
2007.05.24 11:13:51.524,0.6767,0.6768,22.10,14.30
2007.05.24 11:13:51.637,0.67665,0.6768,72.30,14.30
2007.05.24 11:13:52.729,0.67665,0.6768,72.70,14.30
2007.05.24 11:13:53.443,0.67665,0.6768,69.50,14.30
2007.05.24 11:13:57.284,0.67675,0.6768,0.80,14.30
2007.05.24 11:13:57.768,0.6767,0.6768,7.00,14.30
2007.05.24 11:13:57.896,0.67665,0.6768,75.50,14.30
2007.05.24 11:13:58.395,0.6767,0.6768,63.50,14.30
2007.05.24 11:13:59.185,0.6767,0.6768,64.40,14.30
2007.05.24 11:13:59.324,0.6767,0.6768,65.20,14.30
2007.05.24 11:14:01.242,0.67675,0.6768,1.30,11.90
2007.05.24 11:14:02.915,0.67675,0.6768,1.60,14.30
2007.05.24 11:14:03.714,0.6767,0.6768,63.90,14.30
2007.05.24 11:14:03.915,0.6767,0.6768,66.90,14.30
2007.05.24 11:14:03.943,0.67675,0.6768,3.10,14.30
2007.05.24 11:14:04.024,0.67675,0.6768,1.30,14.30
2007.05.24 11:14:04.156,0.67675,0.6768,0.70,14.30
2007.05.24 11:14:04.655,0.6767,0.6768,60.70,14.30
2007.05.24 11:14:08.557,0.6767,0.6768,60.30,14.30
2007.05.24 11:14:08.918,0.6767,0.6768,58.30,14.30
2007.05.24 11:14:09.046,0.67675,0.6768,1.10,14.30
2007.05.24 11:14:09.102,0.6767,0.6768,57.00,14.30
2007.05.24 11:14:09.294,0.67675,0.6768,1.00,14.30
2007.05.24 11:14:09.807,0.67675,0.6768,1.30,14.30
2007.05.24 11:14:09.917,0.67675,0.6768,0.80,14.30
2007.05.24 11:14:10.905,0.6767,0.6768,59.90,14.30
2007.05.24 11:14:12.006,0.67675,0.6768,0.80,14.30
2007.05.24 11:14:12.098,0.6767,0.6768,25.60,14.30
2007.05.24 11:14:12.160,0.67665,0.6768,69.50,14.30
2007.05.24 11:14:12.628,0.6767,0.6768,22.30,14.30
2007.05.24 11:14:12.685,0.67665,0.6768,68.70,14.30
2007.05.24 11:14:12.722,0.67665,0.6768,69.50,14.30
2007.05.24 11:14:12.875,0.6767,0.6768,24.90,14.30
2007.05.24 11:14:12.998,0.67665,0.6768,67.90,14.30
2007.05.24 11:14:13.463,0.6767,0.6768,21.90,14.30
2007.05.24 11:14:13.490,0.67665,0.6768,66.30,14.30
2007.05.24 11:14:13.745,0.67665,0.6768,65.50,14.30
2007.05.24 11:14:20.080,0.6767,0.6768,53.50,18.30
2007.05.24 11:14:20.108,0.6767,0.6768,49.50,18.30
2007.05.24 11:14:20.310,0.6767,0.6768,49.50,19.10
2007.05.24 11:14:20.907,0.6767,0.6768,49.50,20.70
2007.05.24 11:14:23.377,0.6767,0.6768,49.50,19.10
2007.05.24 11:14:23.491,0.6767,0.6768,49.50,15.10
2007.05.24 11:14:23.658,0.6767,0.6768,53.50,15.10
2007.05.24 11:14:24.202,0.6767,0.6768,54.30,15.10
2007.05.24 11:14:24.237,0.6767,0.6768,56.70,15.10
2007.05.24 11:14:24.291,0.6767,0.6768,57.00,15.10
2007.05.24 11:14:24.308,0.6767,0.6768,57.80,14.30
2007.05.24 11:14:24.412,0.6767,0.6768,57.00,14.30
2007.05.24 11:14:26.528,0.6767,0.6768,57.80,14.30
2007.05.24 11:14:26.582,0.6767,0.6768,58.60,14.30
2007.05.24 11:14:26.818,0.6767,0.6768,57.80,14.30
2007.05.24 11:14:26.913,0.6767,0.6768,56.70,14.30
2007.05.24 11:14:27.078,0.6767,0.6768,55.90,14.30
2007.05.24 11:14:31.643,0.6767,0.6768,57.00,14.30
2007.05.24 11:14:38.554,0.6767,0.6768,57.80,14.30
2007.05.24 11:14:38.589,0.6767,0.6768,58.60,14.30
2007.05.24 11:14:40.525,0.6767,0.6768,57.80,14.30
2007.05.24 11:14:40.670,0.6767,0.6768,57.00,14.30
2007.05.24 11:14:43.126,0.6767,0.6768,59.40,14.30
2007.05.24 11:14:43.271,0.67675,0.6768,0.80,14.30
2007.05.24 11:14:44.010,0.67675,0.6768,2.40,14.30
2007.05.24 11:14:44.746,0.67675,0.6768,0.80,14.30
2007.05.24 11:14:45.600,0.67675,0.6768,0.80,0.70
2007.05.24 11:14:46.035,0.67675,0.6768,2.40,0.80
2007.05.24 11:14:49.071,0.67675,0.67685,0.80,29.50
2007.05.24 11:14:50.597,0.67675,0.67685,2.40,29.50
2007.05.24 11:14:50.758,0.67675,0.67685,2.40,27.10
2007.05.24 11:14:50.840,0.67675,0.6768,3.20,0.60
2007.05.24 11:14:50.972,0.67675,0.67685,4.00,22.30
2007.05.24 11:14:51.253,0.67675,0.67685,3.20,20.70
2007.05.24 11:14:51.476,0.67675,0.67685,2.40,20.70
2007.05.24 11:14:52.066,0.67675,0.6768,0.80,0.70
2007.05.24 11:14:52.459,0.67675,0.67685,1.60,26.30
2007.05.24 11:14:52.502,0.67675,0.67685,3.20,27.10
2007.05.24 11:14:52.744,0.67675,0.67685,4.80,27.10
2007.05.24 11:14:52.960,0.67675,0.67685,5.60,27.10
2007.05.24 11:14:52.968,0.67675,0.67685,7.20,25.50
2007.05.24 11:14:55.846,0.67675,0.6768,6.40,0.60
2007.05.24 11:14:56.352,0.67675,0.67685,4.80,25.50
2007.05.24 11:14:56.441,0.67675,0.67685,4.00,25.50
2007.05.24 11:14:56.705,0.67675,0.67685,4.00,27.90
2007.05.24 11:14:56.800,0.67675,0.67685,4.00,25.50
2007.05.24 11:14:59.739,0.67675,0.6768,4.00,0.90
2007.05.24 11:15:14.206,0.67675,0.6768,4.00,11.90
2007.05.24 11:15:14.431,0.67675,0.6768,4.00,4.00
2007.05.24 11:15:15.231,0.67675,0.6768,4.00,6.40
2007.05.24 11:15:15.588,0.67675,0.6768,4.00,14.30
2007.05.24 11:15:16.712,0.67675,0.6768,3.20,14.30
2007.05.24 11:15:16.892,0.67675,0.6768,2.40,14.30
2007.05.24 11:15:17.934,0.67675,0.6768,0.80,14.30
2007.05.24 11:15:20.843,0.67675,0.6768,2.40,11.90
2007.05.24 11:15:20.896,0.67675,0.6768,4.00,11.90
2007.05.24 11:15:20.933,0.67675,0.6768,2.40,11.90
2007.05.24 11:15:21.952,0.67675,0.6768,4.00,11.90
2007.05.24 11:15:22.145,0.67675,0.6768,4.00,14.30
2007.05.24 11:15:22.305,0.67675,0.6768,2.40,14.30
2007.05.24 11:15:22.419,0.67675,0.6768,1.60,14.30
2007.05.24 11:15:22.553,0.67675,0.6768,0.80,14.30
2007.05.24 11:15:23.037,0.67675,0.6768,0.80,11.90
2007.05.24 11:15:23.607,0.67675,0.6768,1.60,11.90
2007.05.24 11:15:23.618,0.6768,0.67685,2.40,15.20
2007.05.24 11:15:24.045,0.67675,0.6768,12.80,4.00
2007.05.24 11:15:24.163,0.67675,0.6768,8.80,4.00
2007.05.24 11:15:24.183,0.67675,0.6768,5.60,4.00
2007.05.24 11:15:24.430,0.67675,0.6768,5.60,11.90
2007.05.24 11:15:24.628,0.67675,0.6768,2.40,11.90
2007.05.24 11:15:25.221,0.67675,0.6768,2.40,14.30
2007.05.24 11:15:25.328,0.67675,0.6768,1.60,14.30
2007.05.24 11:15:25.444,0.67675,0.6768,0.80,14.30
2007.05.24 11:15:25.479,0.6767,0.6768,59.10,14.30
2007.05.24 11:15:25.618,0.67675,0.6768,0.80,14.30
2007.05.24 11:15:25.736,0.6767,0.6768,59.10,14.30
2007.05.24 11:15:25.763,0.6767,0.6768,58.30,14.30
2007.05.24 11:15:25.912,0.6767,0.6768,59.10,14.30
2007.05.24 11:15:26.007,0.67675,0.6768,0.80,14.30
2007.05.24 11:15:26.529,0.6767,0.6768,59.10,14.30
2007.05.24 11:15:26.732,0.6767,0.6768,58.60,14.30
2007.05.24 11:15:28.072,0.6767,0.6768,57.50,14.30
2007.05.24 11:15:28.331,0.6767,0.6768,57.50,11.90
2007.05.24 11:15:28.413,0.67675,0.6768,0.80,11.90
2007.05.24 11:15:28.589,0.67675,0.6768,3.20,11.90
2007.05.24 11:15:28.637,0.67675,0.6768,4.00,11.90
2007.05.24 11:15:28.735,0.67675,0.6768,4.00,14.30
2007.05.24 11:15:28.852,0.67675,0.6768,3.20,14.30
2007.05.24 11:15:29.039,0.67675,0.6768,2.40,14.30
2007.05.24 11:15:29.166,0.6767,0.6768,59.10,14.30
2007.05.24 11:15:29.199,0.6767,0.6768,60.70,14.30
2007.05.24 11:15:29.315,0.6767,0.6768,61.50,14.30
2007.05.24 11:15:29.400,0.6767,0.6768,63.10,14.30
2007.05.24 11:15:29.413,0.67675,0.6768,0.80,14.30
2007.05.24 11:15:29.807,0.6767,0.6768,59.90,14.30
2007.05.24 11:15:29.918,0.6767,0.6768,54.30,14.30
2007.05.24 11:15:30.406,0.6767,0.6768,58.30,14.30
2007.05.24 11:15:30.476,0.6767,0.6768,57.50,14.30
2007.05.24 11:15:30.597,0.6767,0.6768,59.90,14.30
2007.05.24 11:15:30.617,0.6767,0.6768,60.70,14.30
2007.05.24 11:15:31.086,0.6767,0.6768,57.50,14.30
2007.05.24 11:15:31.711,0.6767,0.6768,58.30,14.30
2007.05.24 11:15:31.820,0.6767,0.6768,57.90,18.30
2007.05.24 11:15:31.902,0.6767,0.6768,57.90,14.30
2007.05.24 11:15:32.001,0.6767,0.6768,55.90,14.30
2007.05.24 11:15:32.205,0.6767,0.6768,52.70,14.30
2007.05.24 11:15:32.284,0.6767,0.6768,47.10,18.30
2007.05.24 11:15:32.316,0.6767,0.6768,49.50,18.30
2007.05.24 11:15:32.475,0.6767,0.6768,48.70,14.30
2007.05.24 11:15:32.565,0.6767,0.6768,47.90,14.30
2007.05.24 11:15:32.634,0.6767,0.6768,48.70,15.10
2007.05.24 11:15:33.813,0.6767,0.6768,48.70,16.70
2007.05.24 11:15:33.987,0.6767,0.6768,45.50,16.70
2007.05.24 11:15:34.023,0.6767,0.6768,46.30,16.70
2007.05.24 11:15:34.540,0.6767,0.6768,44.70,20.70
2007.05.24 11:15:34.961,0.6767,0.6768,43.90,20.70
2007.05.24 11:15:35.145,0.6767,0.6768,43.10,20.70
2007.05.24 11:15:35.289,0.6767,0.6768,45.50,20.70
2007.05.24 11:15:35.454,0.6767,0.6768,46.30,20.70
2007.05.24 11:15:35.944,0.6767,0.6768,45.90,22.30
2007.05.24 11:15:36.091,0.6767,0.6768,45.50,22.30
2007.05.24 11:15:36.367,0.6767,0.6768,45.50,24.70
2007.05.24 11:15:36.384,0.6767,0.67675,45.50,2.40
2007.05.24 11:15:36.637,0.6767,0.67675,37.50,2.40
2007.05.24 11:15:36.664,0.6767,0.67675,37.50,2.00
2007.05.24 11:15:36.795,0.6767,0.67675,42.30,2.00
2007.05.24 11:15:37.217,0.6767,0.6768,42.30,23.80
2007.05.24 11:15:37.292,0.6767,0.6768,39.90,27.80
2007.05.24 11:15:37.367,0.6767,0.67675,39.90,0.80
2007.05.24 11:15:37.434,0.6767,0.67675,39.90,4.80
2007.05.24 11:15:37.492,0.6767,0.67675,35.90,4.80
2007.05.24 11:15:37.608,0.6767,0.67675,20.00,4.80
2007.05.24 11:15:37.691,0.67665,0.67675,31.20,4.80
2007.05.24 11:15:38.011,0.67665,0.67675,24.00,4.80
2007.05.24 11:15:38.266,0.67665,0.67675,26.40,4.80
2007.05.24 11:15:38.386,0.67665,0.67675,26.40,4.00
2007.05.24 11:15:39.149,0.6767,0.67675,2.90,4.00
2007.05.24 11:15:41.052,0.67665,0.67675,24.00,4.00
2007.05.24 11:15:41.116,0.6767,0.67675,4.60,4.00
2007.05.24 11:15:41.294,0.6767,0.67675,5.70,4.00
2007.05.24 11:15:41.304,0.67665,0.6768,33.50,54.30
2007.05.24 11:15:41.328,0.67665,0.6768,33.50,50.30
2007.05.24 11:15:41.530,0.6767,0.6768,0.90,54.30
2007.05.24 11:15:41.579,0.67665,0.6768,23.20,54.20
2007.05.24 11:15:41.664,0.67665,0.6768,31.20,54.20
2007.05.24 11:15:41.681,0.67665,0.6768,32.80,54.20
2007.05.24 11:15:41.846,0.6767,0.6768,0.50,58.20
2007.05.24 11:15:42.198,0.67665,0.6768,32.80,54.20
2007.05.24 11:15:42.380,0.67665,0.6768,34.40,50.20
2007.05.24 11:15:42.599,0.67665,0.6768,34.30,50.30
2007.05.24 11:15:46.705,0.67665,0.6768,31.80,50.30
2007.05.24 11:15:46.813,0.67665,0.6768,31.80,50.30
2007.05.24 11:15:47.076,0.67665,0.6768,29.30,54.30
2007.05.24 11:15:47.110,0.67665,0.6768,33.30,54.30
2007.05.24 11:15:47.412,0.6767,0.6768,3.70,54.20
2007.05.24 11:15:47.488,0.67665,0.6768,23.20,58.20
2007.05.24 11:15:47.565,0.6767,0.67675,2.20,1.60
2007.05.24 11:15:47.919,0.6767,0.67675,4.40,2.40
2007.05.24 11:15:47.975,0.67665,0.67675,41.50,2.40
2007.05.24 11:15:48.142,0.67665,0.67675,45.50,2.40
2007.05.24 11:15:48.147,0.6767,0.67675,6.40,0.80
2007.05.24 11:15:48.210,0.67665,0.67675,37.60,0.80
2007.05.24 11:15:48.340,0.6766,0.67675,81.20,0.80
2007.05.24 11:15:48.433,0.6766,0.6768,80.40,58.20
2007.05.24 11:15:48.517,0.6766,0.6768,76.80,59.80
2007.05.24 11:15:48.979,0.6766,0.67675,76.80,0.80
2007.05.24 11:15:49.387,0.6766,0.67675,76.80,0.80
2007.05.24 11:15:49.565,0.67665,0.6768,1.80,59.80
2007.05.24 11:15:49.884,0.67665,0.6768,1.30,59.80
2007.05.24 11:15:50.112,0.6766,0.67675,75.20,0.80
2007.05.24 11:15:50.135,0.67665,0.67675,13.60,0.80
2007.05.24 11:15:50.175,0.67665,0.67675,21.60,0.80
2007.05.24 11:15:51.223,0.67665,0.67675,19.20,0.80
2007.05.24 11:15:51.243,0.67665,0.67675,4.10,0.80
2007.05.24 11:15:51.719,0.6766,0.67675,75.20,2.40
2007.05.24 11:15:51.910,0.67665,0.67675,6.10,2.40
2007.05.24 11:15:52.402,0.6766,0.67675,75.20,2.40
2007.05.24 11:15:52.611,0.6766,0.67675,77.60,2.40
2007.05.24 11:15:52.760,0.67665,0.67675,3.10,0.80
2007.05.24 11:15:53.191,0.67665,0.67675,21.50,0.80
2007.05.24 11:15:53.345,0.6767,0.67675,3.30,0.80
2007.05.24 11:15:53.615,0.6767,0.67675,6.10,0.80
2007.05.24 11:15:54.333,0.67665,0.67675,24.70,0.80
2007.05.24 11:15:54.629,0.67665,0.67675,20.70,2.40
2007.05.24 11:15:54.638,0.67665,0.67675,16.70,2.40
2007.05.24 11:15:54.983,0.67665,0.6767,13.70,1.70
2007.05.24 11:15:55.693,0.67665,0.67675,16.70,2.40
2007.05.24 11:15:55.798,0.67665,0.67675,20.70,2.40
2007.05.24 11:15:56.012,0.67665,0.67675,26.30,0.80
2007.05.24 11:15:57.469,0.6767,0.67675,1.40,2.40
2007.05.24 11:15:57.738,0.6767,0.67675,0.60,0.50
2007.05.24 11:15:58.984,0.67665,0.6768,23.10,66.30
2007.05.24 11:15:59.011,0.67665,0.6767,22.60,0.70
2007.05.24 11:15:59.203,0.6767,0.67675,0.70,4.80
2007.05.24 11:15:59.558,0.6767,0.67675,0.50,0.80
2007.05.24 11:15:59.797,0.6767,0.67675,0.90,0.80
2007.05.24 11:16:07.722,0.6767,0.6768,7.90,69.50
2007.05.24 11:16:07.826,0.6767,0.67675,7.90,11.20
2007.05.24 11:16:08.046,0.67665,0.6767,6.40,0.90
2007.05.24 11:16:08.068,0.67665,0.6768,6.40,77.60
2007.05.24 11:16:08.141,0.67665,0.6768,4.00,77.60
2007.05.24 11:16:08.240,0.67665,0.67675,4.00,0.80
2007.05.24 11:16:08.325,0.67665,0.6767,4.00,0.70
2007.05.24 11:16:08.675,0.67665,0.67675,4.00,17.60
2007.05.24 11:16:09.229,0.67665,0.6767,4.00,0.70
2007.05.24 11:16:09.274,0.67665,0.67675,4.00,11.20
2007.05.24 11:16:09.319,0.6766,0.67675,61.50,15.20
2007.05.24 11:16:09.849,0.6766,0.6767,60.00,0.90
2007.05.24 11:16:09.854,0.6766,0.67675,60.00,17.60
2007.05.24 11:16:09.976,0.6766,0.67675,59.20,17.60
2007.05.24 11:16:10.070,0.6766,0.67675,58.40,17.60
2007.05.24 11:16:10.184,0.6766,0.67675,58.70,15.20
2007.05.24 11:16:10.448,0.6766,0.6767,60.30,0.60
2007.05.24 11:16:10.626,0.6766,0.6767,60.30,0.60
2007.05.24 11:16:10.661,0.6766,0.67675,60.00,17.60
2007.05.24 11:16:10.759,0.6766,0.6767,60.30,0.80
2007.05.24 11:16:11.222,0.6766,0.6767,60.30,0.70
2007.05.24 11:16:11.435,0.6766,0.67675,60.00,15.20
2007.05.24 11:16:11.638,0.67665,0.6767,2.40,0.90
2007.05.24 11:16:11.837,0.6767,0.6768,2.40,71.90
2007.05.24 11:16:11.868,0.6767,0.67675,6.40,0.70
2007.05.24 11:16:11.991,0.6767,0.6768,6.40,57.50
2007.05.24 11:16:12.227,0.6767,0.6768,6.40,57.50
2007.05.24 11:16:12.241,0.6767,0.67675,10.30,0.90
2007.05.24 11:16:12.331,0.6767,0.6768,7.90,59.80
2007.05.24 11:16:12.428,0.6767,0.6768,11.90,54.20
2007.05.24 11:16:12.449,0.6767,0.6768,11.90,54.20
2007.05.24 11:16:13.706,0.6767,0.67675,11.90,0.50
2007.05.24 11:16:15.200,0.6767,0.6768,11.90,54.20
2007.05.24 11:16:15.235,0.6767,0.6768,4.00,62.30
2007.05.24 11:16:15.283,0.67665,0.67675,6.40,15.20
2007.05.24 11:16:15.738,0.67665,0.67675,0.80,15.20
2007.05.24 11:16:16.806,0.67665,0.67675,2.40,15.20
2007.05.24 11:16:18.358,0.67665,0.67675,2.40,0.60
2007.05.24 11:16:21.914,0.67665,0.6768,2.40,64.70
2007.05.24 11:16:22.664,0.67665,0.67675,2.40,0.60
2007.05.24 11:16:23.447,0.67665,0.6768,2.40,64.70
2007.05.24 11:16:25.036,0.67665,0.67675,2.40,0.80
2007.05.24 11:16:25.776,0.67665,0.6768,2.40,64.70
2007.05.24 11:16:28.823,0.67665,0.67675,2.40,8.80
2007.05.24 11:16:29.577,0.67665,0.67675,2.40,10.40
2007.05.24 11:16:30.428,0.67665,0.67675,2.40,8.80
2007.05.24 11:16:31.223,0.67665,0.67675,2.40,10.40
2007.05.24 11:16:35.781,0.67665,0.67675,2.40,8.80
2007.05.24 11:16:36.525,0.67665,0.67675,2.40,10.40
2007.05.24 11:16:38.122,0.67665,0.67675,2.40,8.80
2007.05.24 11:16:41.384,0.67665,0.67675,2.40,10.40
2007.05.24 11:16:42.150,0.67665,0.67675,4.80,10.40
2007.05.24 11:16:42.187,0.67665,0.67675,4.00,10.40
2007.05.24 11:16:43.185,0.67665,0.67675,4.00,14.40
2007.05.24 11:16:48.407,0.67665,0.67675,4.00,15.20
2007.05.24 11:16:48.586,0.67665,0.67675,4.00,16.00
2007.05.24 11:16:48.749,0.67665,0.6767,4.00,2.40
2007.05.24 11:16:48.846,0.67665,0.6767,4.00,6.40
2007.05.24 11:16:49.348,0.67665,0.6767,4.00,7.20
2007.05.24 11:16:49.361,0.67665,0.6767,4.00,8.80
2007.05.24 11:16:49.816,0.67665,0.6767,4.00,8.00
2007.05.24 11:16:49.897,0.6766,0.6767,51.20,8.00
2007.05.24 11:16:49.992,0.6766,0.6767,52.80,6.40
2007.05.24 11:16:50.025,0.6766,0.6767,52.80,10.40
2007.05.24 11:16:50.341,0.6766,0.6767,52.80,11.20
2007.05.24 11:16:50.489,0.6766,0.6767,52.80,12.80
2007.05.24 11:16:50.887,0.6766,0.6767,56.80,12.80
2007.05.24 11:16:51.201,0.6766,0.6767,56.80,11.20
2007.05.24 11:16:51.243,0.6766,0.6767,56.80,10.40
2007.05.24 11:16:53.365,0.6766,0.6767,57.10,10.40
2007.05.24 11:16:53.471,0.6766,0.6767,56.80,10.40
2007.05.24 11:16:53.577,0.6766,0.6767,57.90,10.40
2007.05.24 11:16:53.687,0.6766,0.6767,58.70,10.40
2007.05.24 11:16:53.726,0.6766,0.6767,59.50,10.40
2007.05.24 11:16:53.848,0.6766,0.6767,59.90,10.40
2007.05.24 11:16:53.990,0.6766,0.6767,59.20,10.40
2007.05.24 11:16:54.204,0.6766,0.6767,57.60,10.40
2007.05.24 11:16:54.316,0.6766,0.6767,57.60,8.00
2007.05.24 11:16:54.428,0.6766,0.6767,59.20,8.00
2007.05.24 11:16:54.446,0.6766,0.6767,58.40,4.00
2007.05.24 11:16:54.691,0.6766,0.67675,58.40,16.80
2007.05.24 11:16:54.751,0.6766,0.6767,56.00,3.20
2007.05.24 11:16:54.821,0.6766,0.6767,34.40,32.70
2007.05.24 11:16:54.835,0.6766,0.6767,32.00,32.70
2007.05.24 11:16:54.958,0.6766,0.6767,32.00,36.70
2007.05.24 11:16:54.964,0.6766,0.6767,26.40,40.70
2007.05.24 11:16:55.336,0.6766,0.6767,26.40,39.90
2007.05.24 11:16:55.368,0.6766,0.6767,28.80,38.30
2007.05.24 11:16:55.490,0.6766,0.6767,23.20,38.30
2007.05.24 11:16:56.286,0.6766,0.6767,27.20,36.70
2007.05.24 11:16:56.297,0.6766,0.6767,31.20,32.70
2007.05.24 11:16:56.474,0.6766,0.6767,31.20,28.70
2007.05.24 11:16:56.582,0.6766,0.6767,31.20,30.30
2007.05.24 11:16:56.714,0.6766,0.6767,30.40,30.30
2007.05.24 11:16:56.836,0.6766,0.6767,26.40,32.70
2007.05.24 11:16:56.883,0.6766,0.6767,28.00,36.70
2007.05.24 11:16:56.927,0.6766,0.6767,28.00,40.70
2007.05.24 11:16:57.063,0.67655,0.6767,43.20,40.70
2007.05.24 11:16:57.097,0.67655,0.6767,43.20,36.70
2007.05.24 11:16:57.122,0.6766,0.6767,9.20,20.80
2007.05.24 11:16:57.192,0.67655,0.6767,59.20,12.80
2007.05.24 11:16:57.217,0.6766,0.6767,4.90,12.80
2007.05.24 11:16:57.555,0.67655,0.6767,52.80,28.70
2007.05.24 11:16:57.822,0.6766,0.6767,7.30,25.50
2007.05.24 11:16:57.892,0.6766,0.6767,17.60,21.50
2007.05.24 11:16:57.928,0.67655,0.6767,60.80,12.00
2007.05.24 11:16:58.153,0.67655,0.6767,68.80,4.00
2007.05.24 11:16:58.344,0.6766,0.6767,10.70,4.00
2007.05.24 11:16:58.643,0.67655,0.67675,75.20,16.80
2007.05.24 11:16:59.979,0.6766,0.67675,3.70,16.80
2007.05.24 11:17:01.461,0.6766,0.67675,25.50,16.80
2007.05.24 11:17:01.605,0.6766,0.6767,11.40,4.00
2007.05.24 11:17:01.885,0.6766,0.6767,0.70,4.00
2007.05.24 11:17:02.002,0.6766,0.6767,21.10,8.00
2007.05.24 11:17:02.836,0.67655,0.6767,65.60,9.60
2007.05.24 11:17:02.857,0.67655,0.6767,63.20,10.40
2007.05.24 11:17:03.188,0.67655,0.6767,63.20,18.30
2007.05.24 11:17:03.252,0.6766,0.6767,6.20,18.30
2007.05.24 11:17:03.284,0.67655,0.6767,48.80,24.70
2007.05.24 11:17:03.541,0.6766,0.6767,1.70,30.30
2007.05.24 11:17:04.270,0.67655,0.6767,48.80,27.90
2007.05.24 11:17:04.334,0.67655,0.6767,56.80,12.00
2007.05.24 11:17:09.803,0.67655,0.6767,56.80,13.60
2007.05.24 11:17:09.917,0.67655,0.6767,56.80,14.40
2007.05.24 11:17:10.202,0.67655,0.6767,52.80,22.30
2007.05.24 11:17:10.274,0.67655,0.6767,52.80,24.70
2007.05.24 11:17:10.298,0.67655,0.6767,44.80,32.70
2007.05.24 11:17:15.883,0.6766,0.6767,2.40,32.70
2007.05.24 11:17:15.989,0.67655,0.6767,52.80,30.30
2007.05.24 11:17:16.241,0.67655,0.6767,52.80,34.30
2007.05.24 11:17:16.398,0.67655,0.6767,52.80,42.30
2007.05.24 11:17:16.476,0.67655,0.6767,52.80,46.30
2007.05.24 11:17:19.306,0.67655,0.6767,44.80,54.30
2007.05.24 11:17:19.313,0.67655,0.6767,44.80,52.70
2007.05.24 11:17:19.443,0.6766,0.67665,12.90,4.00
2007.05.24 11:17:19.521,0.6766,0.67665,11.90,4.00
2007.05.24 11:17:19.751,0.67655,0.67665,40.80,4.00
2007.05.24 11:17:20.287,0.6766,0.67665,12.70,4.00
2007.05.24 11:17:20.765,0.67655,0.67665,40.80,4.00
2007.05.24 11:17:20.848,0.6766,0.67665,2.20,4.00
2007.05.24 11:17:22.834,0.6766,0.67665,0.70,4.00
2007.05.24 11:17:22.975,0.67655,0.67665,44.80,4.00
2007.05.24 11:17:23.108,0.67655,0.67665,46.40,4.00
2007.05.24 11:17:23.454,0.6766,0.67665,8.80,4.00
2007.05.24 11:17:23.697,0.67655,0.67665,32.80,4.00
2007.05.24 11:17:23.739,0.67655,0.67665,32.80,4.00
2007.05.24 11:17:25.291,0.6766,0.67665,10.40,4.00
2007.05.24 11:17:29.884,0.6766,0.67665,11.20,4.00
2007.05.24 11:17:30.588,0.6766,0.67665,10.40,4.00
2007.05.24 11:17:30.686,0.6766,0.67665,10.30,4.00
2007.05.24 11:17:30.784,0.6766,0.67665,2.40,4.00
2007.05.24 11:17:30.820,0.67655,0.6767,11.20,56.70
2007.05.24 11:17:30.917,0.67655,0.6766,10.40,4.00
2007.05.24 11:17:30.930,0.67655,0.6766,4.80,4.00
2007.05.24 11:17:31.445,0.67655,0.6766,0.80,4.00
2007.05.24 11:17:35.801,0.67655,0.67665,0.80,14.40
2007.05.24 11:17:35.811,0.67655,0.67665,0.80,10.40
2007.05.24 11:17:37.286,0.67655,0.67665,4.80,10.40
2007.05.24 11:17:37.387,0.67655,0.67665,4.00,10.40
2007.05.24 11:17:37.820,0.67655,0.6766,4.00,3.20
2007.05.24 11:17:37.889,0.67655,0.6766,4.00,4.00
2007.05.24 11:17:38.027,0.67655,0.6766,4.00,8.00
2007.05.24 11:17:38.387,0.67655,0.6766,4.00,10.40
2007.05.24 11:17:38.822,0.6765,0.6766,58.20,10.40
2007.05.24 11:17:40.283,0.6765,0.67665,58.20,23.20
2007.05.24 11:17:40.786,0.6765,0.67665,57.40,23.20
2007.05.24 11:17:41.118,0.6765,0.6766,56.60,0.80
2007.05.24 11:17:41.143,0.6765,0.67665,55.80,23.20
2007.05.24 11:17:41.147,0.6765,0.6766,55.00,0.60
2007.05.24 11:17:44.260,0.6765,0.67665,52.60,24.00
2007.05.24 11:17:44.362,0.6765,0.6766,46.20,0.80
2007.05.24 11:17:44.393,0.6765,0.67665,30.30,52.70
2007.05.24 11:17:44.561,0.6765,0.67665,26.30,52.70
2007.05.24 11:17:44.692,0.6765,0.6766,26.30,0.70
2007.05.24 11:17:44.752,0.6765,0.6766,22.30,0.60
2007.05.24 11:17:44.930,0.6765,0.67665,14.30,66.30
2007.05.24 11:17:44.990,0.6765,0.6766,10.30,0.50
2007.05.24 11:17:48.958,0.6765,0.6766,7.90,58.30
2007.05.24 11:17:49.215,0.6765,0.6766,10.30,63.10
2007.05.24 11:17:49.539,0.6765,0.67655,7.90,0.80
2007.05.24 11:17:49.715,0.6765,0.6766,7.90,60.70
2007.05.24 11:18:04.578,0.6765,0.6766,7.90,67.90
2007.05.24 11:18:04.849,0.67645,0.6766,8.00,70.20
2007.05.24 11:18:04.867,0.67645,0.67655,6.40,0.70
2007.05.24 11:18:04.959,0.67645,0.6766,10.40,68.60
2007.05.24 11:18:04.960,0.6765,0.67655,7.90,0.50
2007.05.24 11:18:05.135,0.6765,0.67655,7.90,0.60
2007.05.24 11:18:11.260,0.6765,0.67655,7.90,0.80
2007.05.24 11:18:11.346,0.6765,0.6766,7.90,63.90
2007.05.24 11:18:12.089,0.6765,0.67655,7.90,0.50
2007.05.24 11:18:14.821,0.67645,0.67655,13.60,0.60
2007.05.24 11:18:14.851,0.67645,0.6766,8.80,51.20
2007.05.24 11:18:14.954,0.67645,0.67655,8.00,0.90
2007.05.24 11:18:15.074,0.67645,0.67655,8.00,0.90
2007.05.24 11:18:15.486,0.67645,0.6766,8.80,51.20
2007.05.24 11:18:15.597,0.67645,0.6766,8.80,51.20
2007.05.24 11:18:17.918,0.67645,0.6766,8.00,44.80
2007.05.24 11:18:18.325,0.67645,0.67655,12.80,0.80
2007.05.24 11:18:18.466,0.6765,0.67655,7.90,0.60
2007.05.24 11:18:18.933,0.6765,0.6766,7.90,60.70
2007.05.24 11:18:19.009,0.67645,0.6766,12.00,60.60
2007.05.24 11:18:19.059,0.67645,0.6766,8.00,60.60
2007.05.24 11:18:19.429,0.67645,0.67655,4.00,0.60
2007.05.24 11:18:20.183,0.67645,0.6766,4.00,67.80
2007.05.24 11:18:20.943,0.6764,0.6766,64.10,73.50
2007.05.24 11:18:20.970,0.6764,0.6766,63.60,73.50
2007.05.24 11:18:21.210,0.6764,0.6766,62.00,75.10
2007.05.24 11:18:21.762,0.6764,0.6766,52.40,75.10
2007.05.24 11:18:21.899,0.6765,0.6766,7.90,75.10
2007.05.24 11:18:21.927,0.6765,0.6766,7.90,75.10
2007.05.24 11:18:21.993,0.6765,0.6766,7.90,71.10
2007.05.24 11:18:23.495,0.67645,0.6766,4.80,63.00
2007.05.24 11:18:23.560,0.67645,0.6766,4.80,58.20
2007.05.24 11:18:23.621,0.67645,0.6766,4.00,58.20
2007.05.24 11:18:24.047,0.67645,0.6766,4.00,58.20
2007.05.24 11:18:24.280,0.6765,0.6766,7.90,58.30
2007.05.24 11:18:24.287,0.6765,0.6766,7.90,55.90
2007.05.24 11:18:24.392,0.6765,0.67655,10.30,0.90
2007.05.24 11:18:24.951,0.6765,0.67655,7.90,0.70
2007.05.24 11:18:25.068,0.6765,0.6766,7.90,63.10
2007.05.24 11:18:31.353,0.6765,0.6766,7.90,63.90
2007.05.24 11:18:31.388,0.67645,0.6766,8.00,71.10
2007.05.24 11:18:31.456,0.67645,0.67655,4.00,9.60
2007.05.24 11:18:31.881,0.67645,0.6765,4.00,0.80
2007.05.24 11:18:32.034,0.6764,0.67655,64.00,17.60
2007.05.24 11:18:32.104,0.6764,0.67655,64.30,17.60
2007.05.24 11:18:32.395,0.6764,0.67655,64.30,17.60
2007.05.24 11:18:32.405,0.6764,0.6765,62.40,0.50
2007.05.24 11:18:32.520,0.6764,0.67655,62.00,17.60
2007.05.24 11:18:34.033,0.6764,0.67655,61.60,17.60
2007.05.24 11:18:36.276,0.6764,0.6765,61.60,0.70
2007.05.24 11:18:36.794,0.6764,0.67655,61.60,17.60
2007.05.24 11:18:39.818,0.6764,0.6765,61.70,6.40
2007.05.24 11:18:39.970,0.6764,0.67655,61.70,14.40
2007.05.24 11:18:40.144,0.67645,0.67655,4.00,14.40
2007.05.24 11:18:43.558,0.6764,0.67655,63.30,14.40
2007.05.24 11:18:48.525,0.6764,0.67655,63.60,14.40
2007.05.24 11:18:48.619,0.6764,0.67655,63.30,14.40
2007.05.24 11:18:49.332,0.6764,0.67655,62.40,14.40
2007.05.24 11:18:49.352,0.6764,0.67655,62.40,15.20
2007.05.24 11:18:49.360,0.67645,0.67655,4.00,15.20
2007.05.24 11:18:49.458,0.67645,0.6765,4.00,3.20
2007.05.24 11:18:49.634,0.6764,0.6765,59.20,3.20
2007.05.24 11:18:53.822,0.6764,0.6765,56.80,3.20
2007.05.24 11:18:53.901,0.6764,0.6765,56.90,11.10
2007.05.24 11:18:53.944,0.6764,0.6765,51.30,15.10
2007.05.24 11:18:54.020,0.6764,0.6765,40.90,27.10
2007.05.24 11:18:54.202,0.6764,0.6765,36.90,27.10
2007.05.24 11:18:54.296,0.6764,0.6765,36.90,28.70
2007.05.24 11:18:54.507,0.6764,0.6765,36.90,32.70
2007.05.24 11:18:54.630,0.6764,0.6765,36.90,40.70
2007.05.24 11:18:54.724,0.6764,0.6765,36.90,42.30
2007.05.24 11:18:54.729,0.6764,0.6765,35.30,42.30
2007.05.24 11:18:54.774,0.6764,0.6765,34.50,42.30
2007.05.24 11:18:55.244,0.6764,0.6765,34.50,46.30
2007.05.24 11:18:55.759,0.6764,0.6765,34.50,42.30
2007.05.24 11:18:59.061,0.6764,0.6765,34.50,46.30
2007.05.24 11:18:59.903,0.6764,0.6765,26.50,54.30
2007.05.24 11:19:00.580,0.6764,0.6765,22.50,54.30
2007.05.24 11:19:00.730,0.6764,0.6765,14.50,54.30
2007.05.24 11:19:05.563,0.6764,0.6765,12.10,55.10
2007.05.24 11:19:05.674,0.6764,0.6765,12.10,58.30
2007.05.24 11:19:05.690,0.6764,0.6765,12.10,59.10
2007.05.24 11:19:05.736,0.6764,0.6765,12.10,59.90
2007.05.24 11:19:05.825,0.6764,0.67645,12.10,0.80
2007.05.24 11:19:05.866,0.6764,0.67645,8.10,0.80
2007.05.24 11:19:06.091,0.6764,0.67645,8.10,2.40
2007.05.24 11:19:11.243,0.6764,0.67645,8.10,0.50
2007.05.24 11:19:12.635,0.6764,0.6765,0.30,67.00
2007.05.24 11:19:12.668,0.6764,0.6765,0.30,67.00
2007.05.24 11:19:12.777,0.6764,0.67645,0.30,0.50
2007.05.24 11:19:13.738,0.67635,0.6765,8.80,67.00
2007.05.24 11:19:13.877,0.67635,0.67645,8.00,0.90
2007.05.24 11:19:14.166,0.67635,0.6765,4.00,71.00
2007.05.24 11:19:14.513,0.67635,0.67645,4.00,0.90
2007.05.24 11:19:14.607,0.67635,0.6764,4.00,0.90
2007.05.24 11:19:15.584,0.67635,0.67645,4.00,0.80
2007.05.24 11:19:15.711,0.6763,0.67645,65.50,0.50
2007.05.24 11:19:16.992,0.67635,0.6765,4.00,71.80
2007.05.24 11:19:17.037,0.67635,0.6765,8.00,71.80
2007.05.24 11:19:17.068,0.6764,0.67645,7.90,0.70
2007.05.24 11:19:17.158,0.6764,0.67645,7.90,0.60
2007.05.24 11:19:17.272,0.6764,0.67645,7.90,0.90
2007.05.24 11:19:17.520,0.6764,0.67645,10.30,0.60
2007.05.24 11:19:18.802,0.6764,0.6765,10.30,68.70
2007.05.24 11:19:19.038,0.6764,0.6765,7.90,71.90
2007.05.24 11:19:19.069,0.6764,0.67645,7.90,11.20
2007.05.24 11:19:19.438,0.67635,0.67645,8.00,11.20
2007.05.24 11:19:19.446,0.67635,0.67645,4.00,8.80
2007.05.24 11:19:19.581,0.6763,0.6765,61.50,72.70
2007.05.24 11:19:19.633,0.6763,0.6764,63.90,0.50
2007.05.24 11:19:19.737,0.6763,0.6764,59.90,0.90
2007.05.24 11:19:19.759,0.6763,0.67645,63.80,17.60
2007.05.24 11:19:19.842,0.6763,0.6764,62.20,0.70
2007.05.24 11:19:20.474,0.6763,0.67645,62.30,17.60
2007.05.24 11:19:20.539,0.6763,0.67645,62.30,0.80
2007.05.24 11:19:20.825,0.6763,0.67645,63.90,0.60
2007.05.24 11:19:22.666,0.67635,0.6765,4.00,72.60
2007.05.24 11:19:25.956,0.67635,0.6765,4.80,72.60
2007.05.24 11:19:26.366,0.67635,0.6765,4.80,68.60
2007.05.24 11:19:26.864,0.67635,0.67645,4.80,0.70
2007.05.24 11:19:30.237,0.67635,0.6765,10.40,68.60
2007.05.24 11:19:30.572,0.67635,0.67645,12.80,0.70
2007.05.24 11:19:30.679,0.67635,0.6765,12.80,59.80
2007.05.24 11:19:30.788,0.67635,0.6765,13.60,58.20
2007.05.24 11:19:30.851,0.67635,0.67645,14.40,0.50
2007.05.24 11:19:30.997,0.67635,0.67645,14.40,0.50
2007.05.24 11:19:31.014,0.67635,0.6765,12.00,60.60
2007.05.24 11:19:31.738,0.67635,0.67645,12.00,0.60
2007.05.24 11:19:31.898,0.67635,0.6765,14.40,56.60
2007.05.24 11:19:31.978,0.67635,0.6765,14.40,56.60
2007.05.24 11:19:32.415,0.67635,0.67645,12.00,0.80
2007.05.24 11:19:32.707,0.67635,0.67645,14.40,0.60
2007.05.24 11:19:32.940,0.67635,0.6765,12.00,56.60
2007.05.24 11:19:38.078,0.6764,0.6765,2.40,56.60
2007.05.24 11:19:38.237,0.6764,0.67645,6.40,0.80
2007.05.24 11:19:38.569,0.6764,0.6765,4.00,56.60
2007.05.24 11:19:38.592,0.67635,0.67645,12.00,0.70
2007.05.24 11:19:39.082,0.67635,0.6765,14.40,54.20
2007.05.24 11:19:39.299,0.67635,0.6765,15.20,54.20
2007.05.24 11:19:39.502,0.67635,0.67645,9.60,8.00
2007.05.24 11:19:39.538,0.67635,0.67645,6.40,8.00
2007.05.24 11:19:39.619,0.67635,0.67645,7.20,8.00
2007.05.24 11:19:39.798,0.67635,0.67645,4.80,8.00
2007.05.24 11:19:40.061,0.67635,0.67645,7.20,8.00
2007.05.24 11:19:40.130,0.67635,0.67645,8.80,8.00
2007.05.24 11:19:42.249,0.67635,0.67645,12.80,4.00
2007.05.24 11:19:42.292,0.67635,0.67645,16.80,4.00
2007.05.24 11:19:43.038,0.67635,0.67645,12.80,4.00
2007.05.24 11:19:43.063,0.67635,0.6765,12.80,55.10
2007.05.24 11:19:43.153,0.67635,0.6765,10.40,57.50
2007.05.24 11:19:43.247,0.67635,0.67645,10.40,4.00
2007.05.24 11:19:43.315,0.67635,0.67645,6.40,8.00
2007.05.24 11:19:44.124,0.67635,0.67645,7.20,8.00
2007.05.24 11:19:44.164,0.67635,0.67645,4.00,12.00
2007.05.24 11:19:45.499,0.67635,0.67645,4.00,12.80
2007.05.24 11:19:45.896,0.67635,0.67645,4.00,14.40
2007.05.24 11:19:46.667,0.67635,0.67645,4.00,12.80
2007.05.24 11:19:47.327,0.6763,0.67645,68.60,12.80
2007.05.24 11:19:47.958,0.6763,0.67645,76.60,8.80
2007.05.24 11:19:48.054,0.6763,0.67645,80.70,8.00
2007.05.24 11:19:48.216,0.67635,0.67645,6.40,4.00
2007.05.24 11:19:48.635,0.67635,0.67645,16.00,4.00
2007.05.24 11:19:49.280,0.67635,0.6765,20.00,56.70
2007.05.24 11:19:52.471,0.67635,0.6765,20.00,56.60
2007.05.24 11:19:52.587,0.67635,0.67645,16.00,0.80
2007.05.24 11:19:52.647,0.67635,0.67645,16.00,4.80
2007.05.24 11:19:52.657,0.67635,0.67645,5.60,4.80
2007.05.24 11:19:52.818,0.6763,0.67645,78.40,10.40
2007.05.24 11:19:55.646,0.67635,0.67645,5.80,8.80
2007.05.24 11:19:58.030,0.67635,0.67645,19.90,8.80
2007.05.24 11:19:58.048,0.6764,0.67645,4.00,8.80
2007.05.24 11:19:58.173,0.6764,0.67645,2.80,8.80
2007.05.24 11:20:00.515,0.6764,0.67645,0.50,6.40
2007.05.24 11:20:01.259,0.6764,0.67645,1.20,4.80
2007.05.24 11:20:04.548,0.67635,0.67645,26.30,4.80
2007.05.24 11:20:06.773,0.67635,0.67645,28.70,6.40
2007.05.24 11:20:06.845,0.67635,0.67645,24.70,6.40
2007.05.24 11:20:06.869,0.67635,0.67645,24.70,1.60
2007.05.24 11:20:07.257,0.67635,0.67645,28.70,1.60
2007.05.24 11:20:07.298,0.6764,0.6765,2.70,55.10
2007.05.24 11:20:07.628,0.67635,0.6765,28.70,56.70
2007.05.24 11:20:07.761,0.67635,0.67645,50.30,4.00
2007.05.24 11:20:07.826,0.6764,0.67645,13.90,4.00
2007.05.24 11:20:07.887,0.67635,0.67645,29.50,4.00
2007.05.24 11:20:13.099,0.67635,0.67645,37.50,4.00
2007.05.24 11:20:13.302,0.67635,0.6765,39.10,51.90
2007.05.24 11:20:14.608,0.67635,0.6765,39.10,50.30
2007.05.24 11:20:14.613,0.67635,0.6765,39.10,48.70
2007.05.24 11:20:14.708,0.6764,0.6765,6.40,48.70
2007.05.24 11:20:15.622,0.6764,0.6765,19.10,56.70
2007.05.24 11:20:15.699,0.6764,0.6765,23.10,56.70
2007.05.24 11:20:16.653,0.6764,0.6765,19.10,56.70
2007.05.24 11:20:16.786,0.6764,0.6765,15.10,54.30
2007.05.24 11:20:17.319,0.6764,0.6765,11.10,54.30
2007.05.24 11:20:18.557,0.67635,0.6765,29.50,54.30
2007.05.24 11:20:20.627,0.6764,0.6765,3.70,54.30
2007.05.24 11:20:22.587,0.67635,0.6765,35.10,54.30
2007.05.24 11:20:22.667,0.67635,0.6765,35.10,54.30
2007.05.24 11:20:24.168,0.67635,0.6765,35.90,54.30
2007.05.24 11:20:24.228,0.6764,0.6765,0.80,54.30
2007.05.24 11:20:24.419,0.67635,0.6765,37.50,54.30
2007.05.24 11:20:24.692,0.6764,0.6765,1.70,52.70
2007.05.24 11:20:25.571,0.67635,0.6765,38.30,52.70
2007.05.24 11:20:25.640,0.67635,0.6765,41.50,51.90
2007.05.24 11:20:25.704,0.6764,0.6765,7.50,26.40
2007.05.24 11:20:25.786,0.67635,0.6765,68.60,10.40
2007.05.24 11:20:25.816,0.6764,0.6765,20.90,6.40
2007.05.24 11:20:25.984,0.67635,0.6765,74.50,6.40
2007.05.24 11:20:26.104,0.6764,0.6765,28.40,6.40
2007.05.24 11:20:26.157,0.67635,0.6765,70.20,6.40
2007.05.24 11:20:26.225,0.6764,0.6765,12.80,14.30
2007.05.24 11:20:26.295,0.67635,0.6765,65.50,18.30
2007.05.24 11:20:26.334,0.67635,0.6765,61.50,22.30
2007.05.24 11:20:26.420,0.6764,0.6765,5.40,30.30
2007.05.24 11:20:27.056,0.67635,0.6765,63.00,22.40
2007.05.24 11:20:27.149,0.6764,0.6765,18.00,22.40
2007.05.24 11:20:27.254,0.67635,0.6765,66.20,22.40
2007.05.24 11:20:27.277,0.67635,0.6765,74.20,18.40
2007.05.24 11:20:27.962,0.6764,0.6765,17.90,10.40
2007.05.24 11:20:28.025,0.6764,0.6765,13.60,6.40
2007.05.24 11:20:28.186,0.67635,0.6765,74.20,2.40
2007.05.24 11:20:30.090,0.67635,0.6765,67.80,6.40
2007.05.24 11:20:30.152,0.6764,0.6765,16.30,34.30
2007.05.24 11:20:30.256,0.67635,0.6765,51.10,35.90
2007.05.24 11:20:30.296,0.6764,0.6765,10.80,35.90
2007.05.24 11:20:30.468,0.67635,0.6765,45.50,36.70
2007.05.24 11:20:32.304,0.6764,0.6765,12.60,35.10
2007.05.24 11:20:32.309,0.67635,0.6765,45.50,34.30
2007.05.24 11:20:33.567,0.67635,0.6765,51.80,26.40
2007.05.24 11:20:33.682,0.67635,0.6765,60.60,6.40
2007.05.24 11:20:33.740,0.6764,0.6765,1.10,6.40
2007.05.24 11:20:33.913,0.6764,0.6765,15.20,6.40
2007.05.24 11:20:33.981,0.67635,0.6765,72.10,6.40
2007.05.24 11:20:34.278,0.67635,0.6765,74.90,6.40
2007.05.24 11:20:34.597,0.67635,0.6765,77.30,6.40
2007.05.24 11:20:34.802,0.6764,0.6765,13.10,4.00
2007.05.24 11:20:34.808,0.67635,0.6765,78.90,4.00
2007.05.24 11:20:35.343,0.6764,0.6765,24.00,4.00
2007.05.24 11:20:35.414,0.67635,0.6765,80.80,4.00
2007.05.24 11:20:35.472,0.6764,0.6765,66.40,4.00
2007.05.24 11:20:35.838,0.6764,0.6765,70.40,4.00
2007.05.24 11:20:36.119,0.67645,0.6765,1.80,4.00
2007.05.24 11:20:36.334,0.6764,0.6765,68.00,4.00
2007.05.24 11:20:36.422,0.67645,0.6765,2.40,4.00
2007.05.24 11:20:36.529,0.67645,0.67655,3.50,8.80
2007.05.24 11:20:36.645,0.67645,0.67655,2.00,4.80
2007.05.24 11:20:36.937,0.67645,0.67655,1.30,6.40
2007.05.24 11:20:37.664,0.6764,0.67655,71.80,4.80
2007.05.24 11:20:37.763,0.67645,0.67655,0.50,4.00
2007.05.24 11:20:37.962,0.67645,0.67655,1.40,4.00
2007.05.24 11:20:38.125,0.6764,0.67655,78.10,4.00
2007.05.24 11:20:38.308,0.67645,0.67655,0.70,4.00
2007.05.24 11:20:38.465,0.67645,0.67655,2.00,4.80
2007.05.24 11:20:38.494,0.67645,0.67655,3.00,4.80
2007.05.24 11:20:38.803,0.6764,0.67655,69.40,4.80
2007.05.24 11:20:39.036,0.67645,0.67655,3.30,4.80
2007.05.24 11:20:39.111,0.6764,0.67655,69.50,5.60
2007.05.24 11:20:39.210,0.6764,0.67655,61.00,5.60
2007.05.24 11:20:39.300,0.6764,0.67655,61.00,4.80
2007.05.24 11:20:39.430,0.67645,0.67655,0.50,4.80
2007.05.24 11:20:39.471,0.67645,0.67655,2.30,8.80
2007.05.24 11:20:39.537,0.67645,0.67655,2.00,9.60
2007.05.24 11:20:39.726,0.67645,0.6765,2.00,2.40
2007.05.24 11:20:39.756,0.67645,0.6765,0.70,2.40
2007.05.24 11:20:40.901,0.6764,0.6765,66.90,2.40
2007.05.24 11:20:41.649,0.6764,0.6765,67.20,2.40
2007.05.24 11:20:43.337,0.6764,0.6765,68.80,2.40
2007.05.24 11:20:45.732,0.6764,0.67655,67.70,12.80
2007.05.24 11:20:45.863,0.6764,0.67655,67.70,12.80
2007.05.24 11:20:46.345,0.67645,0.67655,3.00,13.60
2007.05.24 11:20:48.779,0.67645,0.6765,8.00,2.40
2007.05.24 11:20:48.925,0.67645,0.6765,2.40,2.40
2007.05.24 11:20:54.264,0.67645,0.67655,2.40,13.60
2007.05.24 11:20:54.287,0.67645,0.67655,4.00,13.60
2007.05.24 11:20:56.095,0.67645,0.67655,2.40,15.20
2007.05.24 11:20:56.557,0.67645,0.67655,2.40,14.40
2007.05.24 11:20:56.867,0.67645,0.67655,2.40,15.20
2007.05.24 11:20:56.908,0.67645,0.67655,4.00,9.60
2007.05.24 11:20:57.070,0.67645,0.67655,4.00,8.80
2007.05.24 11:20:57.433,0.67645,0.67655,8.00,8.80
2007.05.24 11:20:57.711,0.67645,0.67655,8.00,8.00
2007.05.24 11:20:57.908,0.67645,0.67655,4.00,8.00
2007.05.24 11:20:58.312,0.67645,0.67655,4.00,8.80
2007.05.24 11:20:58.431,0.67645,0.67655,2.40,8.80
2007.05.24 11:20:58.819,0.67645,0.67655,2.40,8.00
2007.05.24 11:20:58.948,0.67645,0.67655,3.20,8.00
2007.05.24 11:20:59.156,0.67645,0.67655,8.80,8.80
2007.05.24 11:20:59.426,0.67645,0.67655,8.80,12.80
2007.05.24 11:20:59.629,0.67645,0.67655,8.00,13.60
2007.05.24 11:20:59.710,0.67645,0.67655,7.20,13.60
2007.05.24 11:20:59.728,0.67645,0.67655,2.40,13.60
2007.05.24 11:20:59.994,0.67645,0.67655,0.80,13.60
2007.05.24 11:21:00.718,0.67645,0.67655,0.80,15.20
2007.05.24 11:21:02.029,0.67645,0.67655,0.80,13.60
2007.05.24 11:21:02.839,0.67645,0.67655,0.80,15.20
2007.05.24 11:21:06.918,0.67645,0.67655,0.80,13.60
2007.05.24 11:21:07.641,0.67645,0.67655,0.80,15.20
2007.05.24 11:21:08.158,0.67645,0.67655,0.80,14.40
2007.05.24 11:21:08.493,0.67645,0.67655,0.80,10.40
2007.05.24 11:21:08.740,0.67645,0.67655,2.40,8.80
2007.05.24 11:21:11.873,0.67645,0.67655,2.40,8.00
2007.05.24 11:21:12.909,0.67645,0.67655,2.40,8.80
2007.05.24 11:21:13.325,0.67645,0.67655,2.40,9.60
2007.05.24 11:21:13.390,0.67645,0.67655,1.60,13.60
2007.05.24 11:21:13.428,0.67645,0.67655,2.40,13.60
2007.05.24 11:21:13.790,0.67645,0.67655,2.40,12.80
2007.05.24 11:21:14.285,0.67645,0.6765,1.60,2.40
2007.05.24 11:21:14.435,0.67645,0.6765,0.80,2.40
2007.05.24 11:21:14.807,0.67645,0.67655,0.80,13.60
2007.05.24 11:21:14.891,0.67645,0.67655,0.80,12.80
2007.05.24 11:21:14.966,0.67645,0.67655,2.40,12.80
2007.05.24 11:21:15.454,0.67645,0.67655,2.40,13.60
2007.05.24 11:21:15.979,0.67645,0.67655,0.80,13.60
2007.05.24 11:21:19.983,0.67645,0.67655,0.80,13.60
2007.05.24 11:21:20.065,0.67645,0.67655,0.80,15.20
2007.05.24 11:21:20.833,0.67645,0.67655,0.70,13.60
2007.05.24 11:21:23.890,0.67645,0.67655,0.80,13.60
2007.05.24 11:21:24.287,0.67635,0.67655,83.80,16.00
2007.05.24 11:21:24.309,0.67635,0.67655,83.00,16.00
2007.05.24 11:21:24.415,0.6764,0.67655,20.50,16.00
2007.05.24 11:21:24.891,0.67635,0.67655,84.60,13.60
2007.05.24 11:21:24.923,0.67635,0.67655,83.80,15.20
2007.05.24 11:21:27.262,0.6764,0.67655,65.40,15.20
2007.05.24 11:21:28.308,0.6764,0.67655,67.00,14.40
2007.05.24 11:21:28.559,0.6764,0.67655,68.60,12.80
2007.05.24 11:21:28.720,0.6764,0.67655,69.40,12.80
2007.05.24 11:21:28.906,0.67645,0.67655,2.10,12.80
2007.05.24 11:21:29.062,0.6764,0.67655,70.90,12.80
2007.05.24 11:21:30.877,0.6764,0.67655,73.30,8.80
2007.05.24 11:21:30.890,0.67645,0.67655,0.60,8.00
2007.05.24 11:21:31.308,0.6764,0.67655,68.50,8.00
2007.05.24 11:21:31.391,0.67645,0.67655,0.90,8.80
2007.05.24 11:21:31.405,0.6764,0.67655,68.50,12.80
2007.05.24 11:21:31.908,0.6764,0.67655,67.20,12.00
2007.05.24 11:21:31.961,0.67645,0.67655,1.50,8.00
2007.05.24 11:21:33.698,0.6765,0.67655,3.80,8.00
2007.05.24 11:21:33.822,0.6765,0.67655,3.70,8.00
2007.05.24 11:21:34.889,0.67645,0.67655,27.10,8.00
2007.05.24 11:21:34.933,0.67645,0.67655,23.10,8.00
2007.05.24 11:21:35.141,0.67645,0.67655,0.50,8.00
2007.05.24 11:21:35.152,0.67645,0.67655,4.10,8.00
2007.05.24 11:21:36.346,0.67645,0.67655,0.70,8.00
2007.05.24 11:21:36.556,0.6764,0.67655,61.00,8.00
2007.05.24 11:21:36.794,0.67645,0.67655,3.20,8.80
2007.05.24 11:21:37.316,0.6764,0.67655,61.00,8.80
2007.05.24 11:21:37.991,0.67645,0.67655,0.90,10.40
2007.05.24 11:21:38.834,0.6764,0.67655,66.50,10.40
2007.05.24 11:21:38.929,0.6764,0.67655,66.50,13.60
2007.05.24 11:21:39.311,0.6764,0.67655,66.50,13.60
2007.05.24 11:21:39.734,0.67645,0.67655,1.20,13.60
2007.05.24 11:21:39.787,0.67645,0.67655,0.80,13.60
2007.05.24 11:21:39.881,0.67645,0.67655,0.80,12.00
2007.05.24 11:21:39.980,0.6764,0.67655,68.60,8.00
2007.05.24 11:21:40.262,0.6764,0.67655,68.60,12.00
2007.05.24 11:21:40.365,0.67635,0.67655,85.40,13.60
2007.05.24 11:21:40.486,0.67635,0.67655,86.50,13.60
2007.05.24 11:21:41.384,0.67635,0.67655,84.10,16.00
2007.05.24 11:21:42.488,0.67635,0.67655,81.70,16.00
2007.05.24 11:21:43.927,0.6764,0.67655,32.60,15.20
2007.05.24 11:21:45.185,0.67635,0.67655,84.10,15.20
2007.05.24 11:21:45.216,0.6764,0.67655,27.00,15.20
2007.05.24 11:21:45.267,0.6764,0.67655,68.10,12.80
2007.05.24 11:21:48.270,0.67645,0.67655,1.60,12.80
2007.05.24 11:21:48.375,0.67645,0.67655,2.40,12.80
2007.05.24 11:21:50.490,0.67645,0.67655,4.80,12.80
2007.05.24 11:21:50.705,0.6765,0.67655,7.90,12.80
2007.05.24 11:21:50.795,0.6765,0.67655,10.30,8.80
2007.05.24 11:21:50.900,0.6765,0.67655,10.30,8.00
2007.05.24 11:21:50.940,0.6765,0.6766,10.30,56.70
2007.05.24 11:21:53.721,0.6765,0.6766,2.40,56.60
2007.05.24 11:21:53.788,0.67645,0.6766,13.60,56.60
2007.05.24 11:21:54.084,0.67645,0.67655,13.60,4.00
2007.05.24 11:21:54.282,0.67645,0.67655,13.60,8.00
2007.05.24 11:21:54.390,0.67645,0.67655,12.00,8.00
2007.05.24 11:21:54.507,0.67645,0.67655,11.20,8.00
2007.05.24 11:21:55.269,0.6765,0.67655,2.40,8.00
2007.05.24 11:21:55.414,0.6765,0.67655,6.40,8.00
2007.05.24 11:21:55.450,0.6765,0.67655,14.30,8.00
2007.05.24 11:21:57.355,0.6765,0.67655,14.30,4.00
2007.05.24 11:21:58.787,0.6765,0.67655,10.30,4.00
2007.05.24 11:22:04.861,0.6765,0.67655,2.40,4.00
2007.05.24 11:22:04.926,0.67645,0.67655,11.20,4.00
2007.05.24 11:22:05.045,0.67645,0.67655,10.40,4.80
2007.05.24 11:22:05.139,0.67645,0.67655,6.40,8.80
2007.05.24 11:22:05.589,0.67645,0.67655,2.40,12.80
2007.05.24 11:22:05.951,0.67645,0.67655,1.60,12.80
2007.05.24 11:22:10.197,0.67645,0.67655,0.50,12.80
2007.05.24 11:22:16.193,0.67645,0.67655,0.80,12.80
2007.05.24 11:22:16.447,0.6764,0.67655,6.70,8.80
2007.05.24 11:22:16.461,0.6764,0.67655,8.10,8.00
2007.05.24 11:22:17.027,0.6764,0.67655,69.60,8.00
2007.05.24 11:22:17.412,0.6764,0.67655,71.60,9.60
2007.05.24 11:22:17.523,0.67635,0.67655,88.40,10.40
2007.05.24 11:22:17.843,0.67635,0.67655,88.40,11.20
2007.05.24 11:22:17.881,0.6764,0.67655,24.00,11.20
2007.05.24 11:22:18.004,0.67635,0.67655,88.70,15.20
2007.05.24 11:22:18.227,0.6764,0.67655,30.80,13.60
2007.05.24 11:22:18.357,0.6764,0.67655,71.90,12.00
2007.05.24 11:22:18.886,0.6764,0.6765,71.90,2.40
2007.05.24 11:22:19.047,0.67635,0.6765,85.50,2.40
2007.05.24 11:22:19.186,0.6764,0.6765,29.00,2.40
2007.05.24 11:22:19.199,0.67635,0.6765,78.20,2.40
2007.05.24 11:22:19.247,0.6764,0.6765,23.70,2.40
2007.05.24 11:22:19.595,0.67635,0.6765,81.70,2.40
2007.05.24 11:22:19.667,0.67635,0.6765,81.40,2.40
2007.05.24 11:22:19.775,0.6764,0.6765,63.00,2.40
2007.05.24 11:22:20.008,0.67635,0.6765,79.00,2.40
2007.05.24 11:22:20.172,0.6764,0.6765,13.80,2.40
2007.05.24 11:22:20.471,0.6764,0.6765,0.60,2.40
2007.05.24 11:22:21.309,0.6764,0.6765,8.40,2.40
2007.05.24 11:22:21.402,0.67635,0.6765,79.00,2.40
2007.05.24 11:22:22.861,0.6764,0.6765,24.90,2.40
2007.05.24 11:22:23.902,0.67635,0.6765,80.60,2.40
2007.05.24 11:22:24.631,0.6764,0.6765,10.90,2.40
2007.05.24 11:22:24.853,0.67635,0.6765,80.60,2.40
2007.05.24 11:22:25.329,0.6764,0.6765,21.00,2.40
2007.05.24 11:22:27.482,0.6764,0.6765,60.60,2.40
2007.05.24 11:22:27.960,0.6764,0.6765,7.30,2.40
2007.05.24 11:22:29.791,0.67635,0.67655,79.00,15.20
2007.05.24 11:22:29.815,0.67635,0.67655,79.10,15.20
2007.05.24 11:22:29.872,0.67635,0.67655,79.10,14.40
2007.05.24 11:22:29.980,0.67635,0.67655,79.10,10.40
2007.05.24 11:22:31.758,0.67635,0.67655,79.10,14.40
2007.05.24 11:22:37.846,0.67635,0.67655,79.00,14.40
2007.05.24 11:22:37.937,0.67635,0.67655,79.00,14.40
2007.05.24 11:22:37.952,0.67635,0.6765,79.00,2.40
2007.05.24 11:22:38.049,0.6764,0.6765,23.10,6.40
2007.05.24 11:22:42.272,0.67635,0.6765,75.30,6.40
2007.05.24 11:22:43.372,0.67635,0.6765,75.30,8.00
2007.05.24 11:22:43.379,0.67635,0.6765,75.30,8.80
2007.05.24 11:22:43.865,0.67635,0.6765,73.70,12.80
2007.05.24 11:22:43.966,0.6764,0.6765,25.70,12.00
2007.05.24 11:22:43.984,0.67635,0.6765,73.70,13.60
2007.05.24 11:22:44.114,0.67635,0.6765,73.70,12.00
2007.05.24 11:22:44.214,0.67635,0.6765,73.40,10.40
2007.05.24 11:22:44.283,0.6764,0.6765,14.50,10.40
2007.05.24 11:22:44.392,0.67635,0.6765,71.80,10.40
2007.05.24 11:22:44.484,0.67635,0.6765,72.60,10.40
2007.05.24 11:22:44.554,0.67635,0.6765,72.60,6.40
2007.05.24 11:22:44.569,0.67635,0.6765,74.20,6.40
2007.05.24 11:22:44.699,0.67635,0.6765,75.00,6.40
2007.05.24 11:22:45.177,0.67635,0.6765,77.40,7.20
2007.05.24 11:22:45.344,0.6764,0.6765,3.20,7.20
2007.05.24 11:22:45.486,0.67635,0.6765,75.80,6.40
2007.05.24 11:22:45.930,0.6764,0.6765,11.20,6.40
2007.05.24 11:22:46.268,0.6764,0.6765,22.80,7.20
2007.05.24 11:22:47.340,0.6764,0.6765,19.70,7.20
2007.05.24 11:22:49.818,0.67635,0.6765,75.00,6.40
2007.05.24 11:22:53.305,0.67635,0.6765,75.00,8.00
2007.05.24 11:22:53.440,0.67635,0.6765,74.20,9.60
2007.05.24 11:22:53.455,0.67635,0.6765,74.20,10.40
2007.05.24 11:22:53.524,0.67635,0.6765,73.40,10.40
2007.05.24 11:22:53.557,0.67635,0.6765,73.40,14.40
2007.05.24 11:22:53.590,0.67635,0.6765,72.60,14.40
2007.05.24 11:22:57.599,0.67635,0.6765,73.40,14.40
2007.05.24 11:22:57.723,0.6764,0.6765,21.00,14.40
2007.05.24 11:22:57.729,0.67635,0.6765,76.60,14.40
2007.05.24 11:22:57.798,0.67635,0.6765,76.60,12.80
2007.05.24 11:22:57.951,0.6764,0.6765,30.40,11.20
2007.05.24 11:23:01.901,0.6764,0.6765,15.70,10.40
2007.05.24 11:23:02.441,0.6764,0.6765,20.50,10.40
2007.05.24 11:23:02.542,0.67635,0.6765,79.80,10.40
2007.05.24 11:23:02.712,0.6764,0.6765,19.30,10.40
2007.05.24 11:23:02.791,0.67635,0.6765,78.20,8.00
2007.05.24 11:23:02.877,0.6764,0.6765,31.60,8.00
2007.05.24 11:23:03.006,0.67635,0.6765,77.70,8.00
2007.05.24 11:23:03.078,0.6764,0.6765,1.50,4.00
2007.05.24 11:23:03.439,0.67635,0.6765,79.60,7.20
2007.05.24 11:23:03.519,0.6764,0.6765,6.10,7.20
2007.05.24 11:23:03.598,0.6764,0.6765,62.40,7.20
2007.05.24 11:23:03.681,0.6764,0.6765,62.40,11.20
2007.05.24 11:23:03.797,0.6764,0.6765,62.10,11.20
2007.05.24 11:23:03.908,0.6764,0.6765,62.10,12.80
2007.05.24 11:23:04.000,0.6764,0.6765,62.10,14.40
2007.05.24 11:23:04.080,0.6764,0.6765,61.30,14.40
2007.05.24 11:23:04.405,0.6764,0.6765,61.30,12.80
2007.05.24 11:23:04.513,0.6764,0.6765,60.60,12.80
2007.05.24 11:23:04.609,0.6764,0.6765,59.80,12.80
2007.05.24 11:23:04.628,0.6764,0.6765,59.00,11.20
2007.05.24 11:23:04.770,0.6764,0.6765,58.20,11.20
2007.05.24 11:23:06.601,0.6764,0.6765,58.20,0.60
2007.05.24 11:23:10.625,0.6764,0.67655,59.00,24.00
2007.05.24 11:23:10.738,0.6764,0.6765,59.80,0.80
2007.05.24 11:23:10.877,0.6764,0.6765,60.60,0.70
2007.05.24 11:23:10.914,0.6764,0.6765,61.40,0.50
2007.05.24 11:23:11.570,0.6764,0.67655,62.40,24.00
2007.05.24 11:23:14.709,0.6764,0.67655,63.20,21.60
2007.05.24 11:23:14.841,0.6764,0.6765,63.20,0.70
2007.05.24 11:23:14.895,0.6764,0.67655,63.20,17.60
2007.05.24 11:23:15.241,0.6764,0.6765,63.20,0.60
2007.05.24 11:23:15.431,0.6764,0.67655,62.40,15.20
2007.05.24 11:23:15.635,0.6764,0.67655,63.20,15.20
2007.05.24 11:23:15.654,0.6764,0.67655,64.40,15.20
2007.05.24 11:23:16.391,0.6764,0.6765,65.20,0.60
2007.05.24 11:23:17.234,0.6764,0.6765,66.00,0.90
2007.05.24 11:23:17.324,0.6764,0.67655,66.80,21.60
2007.05.24 11:23:17.381,0.6764,0.67655,65.20,21.60
2007.05.24 11:23:17.483,0.6764,0.67655,62.20,21.60
2007.05.24 11:23:17.540,0.6764,0.67655,62.20,21.60
2007.05.24 11:23:17.567,0.6764,0.67655,62.50,21.60
2007.05.24 11:23:17.672,0.6764,0.6765,64.10,0.50
2007.05.24 11:23:17.704,0.6764,0.67655,65.70,21.60
2007.05.24 11:23:17.891,0.6764,0.67655,66.20,21.60
2007.05.24 11:23:17.981,0.6764,0.6765,66.20,0.70
2007.05.24 11:23:18.068,0.6764,0.67655,64.60,21.60
2007.05.24 11:23:18.085,0.6764,0.6765,63.00,0.70
2007.05.24 11:23:18.235,0.6764,0.67655,62.20,21.60
2007.05.24 11:23:19.428,0.6764,0.67655,60.60,21.60
2007.05.24 11:23:20.564,0.6764,0.67655,59.80,21.60
2007.05.24 11:23:20.607,0.6764,0.67655,59.00,21.60
2007.05.24 11:23:20.851,0.6764,0.67655,58.20,21.60
2007.05.24 11:23:22.043,0.6764,0.67655,59.80,21.60
2007.05.24 11:23:23.704,0.6764,0.67655,61.40,21.60
2007.05.24 11:23:23.719,0.6764,0.6765,62.20,0.60
2007.05.24 11:23:23.988,0.6764,0.67655,63.00,21.60
2007.05.24 11:23:24.106,0.6764,0.6765,63.80,0.90
2007.05.24 11:23:24.665,0.6764,0.67655,63.00,21.60
2007.05.24 11:23:24.822,0.6764,0.67655,62.20,21.60
2007.05.24 11:23:24.864,0.6764,0.6765,62.90,0.70
2007.05.24 11:23:27.762,0.6764,0.6765,64.40,0.70
2007.05.24 11:23:27.819,0.6764,0.67655,65.20,21.60
2007.05.24 11:23:28.670,0.6764,0.67655,65.20,17.60
2007.05.24 11:23:28.859,0.6764,0.6765,65.20,0.50
2007.05.24 11:23:31.894,0.67645,0.67655,0.80,15.20
2007.05.24 11:23:40.985,0.6764,0.6765,64.80,6.40
2007.05.24 11:23:41.724,0.6764,0.6765,63.20,6.40
2007.05.24 11:23:42.482,0.67645,0.6765,0.80,6.40
2007.05.24 11:23:42.549,0.67645,0.6765,0.80,4.00
2007.05.24 11:23:43.272,0.6765,0.67655,2.40,7.20
2007.05.24 11:23:43.773,0.67645,0.67655,4.00,7.20
2007.05.24 11:23:43.805,0.6764,0.6765,66.50,4.00
2007.05.24 11:23:44.344,0.6764,0.6765,66.50,4.00
2007.05.24 11:23:45.058,0.6764,0.6765,68.70,4.00
2007.05.24 11:23:45.851,0.67645,0.6765,1.00,4.00
2007.05.24 11:23:46.619,0.67645,0.6765,2.40,4.00
2007.05.24 11:23:54.276,0.67645,0.6765,1.10,4.00
2007.05.24 11:23:56.293,0.67645,0.6765,2.10,4.00
2007.05.24 11:23:56.544,0.6764,0.6765,72.80,4.00
2007.05.24 11:23:56.616,0.6764,0.67655,72.80,10.40
2007.05.24 11:23:57.127,0.67645,0.67655,1.00,8.80
2007.05.24 11:23:57.853,0.67645,0.67655,4.20,10.40
2007.05.24 11:23:58.609,0.67645,0.67655,2.80,8.80
2007.05.24 11:23:59.703,0.67645,0.67655,6.40,8.80
2007.05.24 11:24:00.433,0.67645,0.67655,3.30,10.40
2007.05.24 11:24:01.259,0.6764,0.67655,69.80,10.40
2007.05.24 11:24:01.801,0.67645,0.67655,3.10,14.40
2007.05.24 11:24:02.300,0.6764,0.67655,69.80,10.40
2007.05.24 11:24:02.746,0.67645,0.67655,1.30,8.80
2007.05.24 11:24:05.103,0.6764,0.67655,71.40,8.80
2007.05.24 11:24:05.374,0.67645,0.67655,4.10,8.80
2007.05.24 11:24:05.488,0.67645,0.67655,5.70,8.00
2007.05.24 11:24:05.570,0.67645,0.67655,4.20,8.00
2007.05.24 11:24:06.080,0.67645,0.67655,6.00,8.00
2007.05.24 11:24:08.177,0.67645,0.67655,5.10,8.80
2007.05.24 11:24:21.434,0.6765,0.67655,7.90,8.80
2007.05.24 11:24:21.612,0.6765,0.67655,10.30,8.80
2007.05.24 11:24:30.067,0.6765,0.67655,10.30,4.80
2007.05.24 11:24:30.117,0.6765,0.67655,10.30,4.00
2007.05.24 11:24:34.126,0.6765,0.67655,14.30,4.00
2007.05.24 11:24:48.703,0.6765,0.67655,11.90,8.00
2007.05.24 11:24:48.729,0.6765,0.67655,7.90,8.00
2007.05.24 11:24:49.130,0.67645,0.67655,12.00,8.00
2007.05.24 11:25:01.198,0.6765,0.67655,4.00,8.00
2007.05.24 11:25:01.293,0.6765,0.67655,6.40,8.00
2007.05.24 11:25:02.124,0.6765,0.67655,6.40,0.70
2007.05.24 11:25:08.550,0.6765,0.6766,6.40,56.60
2007.05.24 11:25:08.648,0.6765,0.67655,14.30,0.70
2007.05.24 11:25:10.572,0.6765,0.6766,14.30,56.70
2007.05.24 11:25:10.719,0.6765,0.6766,14.30,56.70
2007.05.24 11:25:36.345,0.6765,0.67655,14.30,4.80
2007.05.24 11:25:36.416,0.6765,0.67655,14.30,0.80
2007.05.24 11:25:36.826,0.6765,0.6766,14.30,56.70
2007.05.24 11:25:36.968,0.6765,0.67655,14.30,1.60
2007.05.24 11:25:37.233,0.6765,0.67655,7.90,1.60
2007.05.24 11:25:37.327,0.6765,0.67655,7.90,2.40
2007.05.24 11:25:38.295,0.6765,0.67655,10.30,2.40
2007.05.24 11:25:38.341,0.6765,0.67655,7.90,1.60
2007.05.24 11:25:38.455,0.67645,0.67655,11.20,1.60
2007.05.24 11:25:38.507,0.67645,0.67655,11.20,5.60
2007.05.24 11:25:38.697,0.67645,0.67655,11.20,4.00
2007.05.24 11:25:38.738,0.67645,0.67655,11.20,8.00
2007.05.24 11:25:39.310,0.67645,0.67655,11.20,8.80
2007.05.24 11:25:39.391,0.67645,0.67655,10.40,8.80
2007.05.24 11:25:39.518,0.67645,0.67655,10.40,10.40
2007.05.24 11:25:39.967,0.67645,0.67655,6.40,10.40
2007.05.24 11:25:40.226,0.67645,0.67655,5.60,10.40
2007.05.24 11:25:40.307,0.67645,0.67655,6.40,8.80
2007.05.24 11:25:40.391,0.67645,0.67655,7.20,8.00
2007.05.24 11:25:40.564,0.67645,0.67655,11.20,8.00
2007.05.24 11:25:40.589,0.67645,0.67655,10.40,8.00
2007.05.24 11:25:40.929,0.67645,0.67655,11.20,8.00
2007.05.24 11:25:40.999,0.67645,0.67655,11.20,8.80
2007.05.24 11:25:41.283,0.67645,0.67655,7.20,8.80
2007.05.24 11:25:41.950,0.67645,0.67655,6.40,8.80
2007.05.24 11:25:42.045,0.67645,0.67655,6.40,10.40
2007.05.24 11:25:42.537,0.67645,0.67655,5.60,10.40
2007.05.24 11:25:42.622,0.67645,0.67655,8.00,10.40
2007.05.24 11:25:42.826,0.67645,0.67655,12.00,8.80
2007.05.24 11:25:42.880,0.67645,0.67655,12.00,8.00
2007.05.24 11:25:43.308,0.67645,0.67655,12.00,4.00
2007.05.24 11:25:43.344,0.67645,0.67655,12.00,4.80
2007.05.24 11:25:43.448,0.67645,0.67655,11.20,4.80
2007.05.24 11:25:45.293,0.67645,0.67655,11.20,8.80
2007.05.24 11:25:48.363,0.67645,0.67655,12.80,8.80
2007.05.24 11:25:48.686,0.67645,0.67655,12.00,8.80
2007.05.24 11:25:48.975,0.67645,0.67655,6.40,10.40
2007.05.24 11:25:49.685,0.67645,0.67655,6.40,8.80
2007.05.24 11:25:50.439,0.67645,0.67655,6.40,10.40
2007.05.24 11:25:51.447,0.67645,0.67655,5.60,10.40
2007.05.24 11:25:51.621,0.67645,0.67655,4.80,10.40
2007.05.24 11:25:53.416,0.6764,0.67655,69.50,10.40
2007.05.24 11:26:07.505,0.67645,0.67655,8.80,10.40
2007.05.24 11:26:14.336,0.67645,0.67655,4.80,10.40
2007.05.24 11:26:14.354,0.6764,0.67655,75.90,10.40
2007.05.24 11:26:14.542,0.6764,0.67655,75.90,10.40
2007.05.24 11:26:14.707,0.67645,0.67655,12.80,10.40
2007.05.24 11:26:16.650,0.6764,0.67655,74.30,10.40
2007.05.24 11:26:16.815,0.6764,0.67655,73.50,10.40
2007.05.24 11:26:16.827,0.67645,0.67655,12.00,10.40
2007.05.24 11:26:25.196,0.6765,0.67655,4.00,6.40
2007.05.24 11:26:25.435,0.6765,0.67655,4.00,10.40
2007.05.24 11:26:26.163,0.67645,0.67655,8.00,10.40
2007.05.24 11:26:28.807,0.67645,0.67655,8.80,10.40
2007.05.24 11:26:28.833,0.6765,0.67655,7.90,10.40
2007.05.24 11:26:28.991,0.6765,0.67655,11.90,10.40
2007.05.24 11:26:29.024,0.6765,0.67655,11.90,6.40
2007.05.24 11:26:29.062,0.6765,0.67655,11.90,0.80
2007.05.24 11:26:29.181,0.6765,0.67655,7.90,0.80
2007.05.24 11:26:29.852,0.6765,0.67655,7.90,2.40
2007.05.24 11:26:30.439,0.6765,0.67655,10.30,2.40
2007.05.24 11:26:30.617,0.6765,0.67655,10.30,0.80
2007.05.24 11:26:34.892,0.6765,0.67655,7.90,0.80
2007.05.24 11:26:43.433,0.6765,0.67655,7.90,2.40
2007.05.24 11:26:53.850,0.67645,0.67655,9.60,2.40
2007.05.24 11:26:53.932,0.67645,0.67655,8.80,6.40
2007.05.24 11:26:53.979,0.67645,0.67655,4.80,6.40
2007.05.24 11:26:54.715,0.6764,0.67655,69.50,6.40
2007.05.24 11:26:59.802,0.6764,0.67655,67.90,6.40
2007.05.24 11:27:01.741,0.6764,0.67655,58.30,7.20
2007.05.24 11:27:01.832,0.6764,0.67655,58.30,15.20
2007.05.24 11:27:01.857,0.6764,0.6765,58.30,2.40
2007.05.24 11:27:05.894,0.67635,0.6765,75.10,2.40
2007.05.24 11:27:06.834,0.67635,0.6765,75.80,2.40
2007.05.24 11:27:07.562,0.6764,0.6765,13.10,2.40
2007.05.24 11:27:07.967,0.6764,0.6765,6.30,2.40
2007.05.24 11:27:15.943,0.6764,0.6765,26.20,2.40
2007.05.24 11:27:17.740,0.67635,0.67655,81.30,15.20
2007.05.24 11:27:17.910,0.6764,0.67655,10.30,15.20
2007.05.24 11:27:18.011,0.67635,0.67655,82.90,15.20
2007.05.24 11:27:18.069,0.67635,0.67655,83.20,15.20
2007.05.24 11:27:18.213,0.67635,0.6765,84.80,2.40
2007.05.24 11:27:18.226,0.67635,0.6765,84.00,2.40
