2008.03.18 13:00:00.050,0.7819,0.782,0.60,0.90
2008.03.18 13:00:00.383,0.7819,0.782,0.40,0.20
2008.03.18 13:00:00.622,0.7819,0.782,0.40,0.20
2008.03.18 13:00:00.861,0.7819,0.782,0.40,0.20
2008.03.18 13:00:01.111,0.7819,0.782,0.40,0.20
2008.03.18 13:00:01.340,0.7819,0.782,0.40,0.20
2008.03.18 13:00:01.633,0.7819,0.782,0.40,0.20
2008.03.18 13:00:01.941,0.7819,0.782,0.40,0.20
2008.03.18 13:00:02.236,0.7819,0.782,0.40,0.20
2008.03.18 13:00:02.489,0.7819,0.782,0.40,0.20
2008.03.18 13:00:02.757,0.78185,0.782,0.40,0.40
2008.03.18 13:00:03.023,0.78185,0.782,0.40,0.40
2008.03.18 13:00:03.279,0.78185,0.782,0.40,0.40
2008.03.18 13:00:03.576,0.78185,0.782,0.60,0.40
2008.03.18 13:00:03.887,0.78185,0.782,0.60,1.10
2008.03.18 13:00:04.195,0.78195,0.782,0.40,0.80
2008.03.18 13:00:04.530,0.78195,0.782,0.40,0.80
2008.03.18 13:00:04.865,0.78195,0.78205,0.40,0.20
2008.03.18 13:00:05.199,0.78195,0.78205,0.40,0.20
2008.03.18 13:00:05.447,0.78195,0.78205,0.40,0.20
2008.03.18 13:00:05.697,0.78195,0.78205,0.40,0.20
2008.03.18 13:00:05.946,0.78195,0.78205,0.40,0.20
2008.03.18 13:00:06.195,0.78195,0.78205,0.40,0.20
2008.03.18 13:00:06.444,0.78195,0.78205,0.40,0.20
2008.03.18 13:00:06.748,0.78195,0.78205,0.40,0.20
2008.03.18 13:00:07.055,0.78195,0.782,0.40,0.20
2008.03.18 13:00:07.360,0.78195,0.78205,0.40,0.40
2008.03.18 13:00:07.625,0.78195,0.78205,0.40,0.20
2008.03.18 13:00:07.890,0.782,0.78205,0.40,0.20
2008.03.18 13:00:08.156,0.782,0.78205,0.40,0.20
2008.03.18 13:00:08.422,0.782,0.78205,0.40,0.20
2008.03.18 13:00:08.716,0.782,0.78205,0.40,0.20
2008.03.18 13:00:09.010,0.782,0.78205,0.40,0.20
2008.03.18 13:00:09.305,0.782,0.78205,0.40,0.05
2008.03.18 13:00:09.639,0.78195,0.78205,0.40,0.05
2008.03.18 13:00:09.974,0.78195,0.78205,0.60,0.05
2008.03.18 13:00:10.309,0.78195,0.7821,0.60,1.10
2008.03.18 13:00:10.550,0.78195,0.7821,4.40,0.20
2008.03.18 13:00:10.791,0.782,0.7821,0.60,0.20
2008.03.18 13:00:11.030,0.782,0.7821,0.60,0.20
2008.03.18 13:00:11.269,0.782,0.7821,0.20,0.20
2008.03.18 13:00:11.509,0.782,0.7821,0.20,0.20
2008.03.18 13:00:11.844,0.782,0.7821,0.20,0.90
2008.03.18 13:00:12.189,0.78195,0.7821,0.40,1.10
2008.03.18 13:00:12.524,0.78195,0.7821,0.40,0.40
2008.03.18 13:00:12.764,0.78195,0.7821,0.40,0.40
2008.03.18 13:00:13.010,0.78195,0.7821,0.40,0.40
2008.03.18 13:00:13.266,0.7819,0.7821,0.60,0.40
2008.03.18 13:00:13.506,0.7819,0.7821,8.60,0.40
2008.03.18 13:00:13.840,0.78195,0.7821,0.60,0.20
2008.03.18 13:00:14.176,0.78195,0.7821,0.60,0.20
2008.03.18 13:00:14.509,0.78195,0.7821,0.60,0.20
2008.03.18 13:00:14.750,0.78195,0.78215,0.20,6.10
2008.03.18 13:00:14.989,0.7819,0.7821,0.60,0.20
2008.03.18 13:00:15.228,0.7819,0.7821,0.60,0.40
2008.03.18 13:00:15.467,0.7819,0.7821,0.60,0.40
2008.03.18 13:00:15.786,0.7819,0.7821,0.60,0.40
2008.03.18 13:00:16.121,0.7819,0.7821,0.60,0.40
2008.03.18 13:00:16.454,0.7819,0.7821,0.60,0.40
2008.03.18 13:00:16.709,0.7819,0.7821,0.60,0.40
2008.03.18 13:00:16.941,0.7819,0.7821,0.60,0.40
2008.03.18 13:00:17.185,0.7819,0.7821,0.60,0.40
2008.03.18 13:00:17.428,0.7819,0.7821,0.60,0.40
2008.03.18 13:00:17.732,0.7819,0.7821,0.60,1.10
2008.03.18 13:00:18.037,0.7819,0.7821,0.60,1.10
2008.03.18 13:00:18.340,0.7819,0.7821,0.60,1.10
2008.03.18 13:00:18.644,0.7819,0.7821,0.60,1.10
2008.03.18 13:00:18.978,0.7819,0.7821,0.60,1.10
2008.03.18 13:00:19.313,0.7819,0.7821,0.60,1.10
2008.03.18 13:00:19.648,0.7819,0.7821,0.60,1.10
2008.03.18 13:00:19.894,0.7819,0.7821,0.60,1.10
2008.03.18 13:00:20.138,0.7819,0.7821,0.60,1.10
2008.03.18 13:00:20.382,0.7819,0.7821,0.60,1.10
2008.03.18 13:00:20.626,0.7819,0.7821,0.40,1.10
2008.03.18 13:00:20.916,0.7819,0.7821,0.40,1.10
2008.03.18 13:00:21.204,0.7819,0.7821,0.40,1.10
2008.03.18 13:00:21.494,0.7819,0.7821,0.60,1.10
2008.03.18 13:00:21.769,0.7819,0.7821,0.60,1.10
2008.03.18 13:00:22.046,0.7819,0.782,8.60,0.20
2008.03.18 13:00:22.320,0.7819,0.782,8.60,0.20
2008.03.18 13:00:22.595,0.7819,0.782,0.60,0.20
2008.03.18 13:00:22.878,0.7819,0.782,0.60,0.20
2008.03.18 13:00:23.162,0.7819,0.782,0.60,0.20
2008.03.18 13:00:23.447,0.7819,0.782,0.60,0.20
2008.03.18 13:00:23.730,0.7819,0.782,0.60,0.20
2008.03.18 13:00:24.064,0.7819,0.782,0.60,0.20
2008.03.18 13:00:24.399,0.78195,0.7821,0.40,1.10
2008.03.18 13:00:24.743,0.782,0.7821,0.20,0.90
2008.03.18 13:00:24.981,0.782,0.7821,0.20,0.90
2008.03.18 13:00:25.223,0.782,0.7821,0.20,0.90
2008.03.18 13:00:25.452,0.782,0.7821,0.20,0.20
2008.03.18 13:00:25.683,0.782,0.7821,0.20,0.90
2008.03.18 13:00:26.017,0.782,0.7821,0.20,0.20
2008.03.18 13:00:26.350,0.782,0.7821,0.20,0.20
2008.03.18 13:00:26.685,0.782,0.7821,0.40,0.20
2008.03.18 13:00:26.930,0.782,0.7821,0.40,0.20
2008.03.18 13:00:27.174,0.782,0.7821,0.60,0.20
2008.03.18 13:00:27.418,0.782,0.7821,0.40,0.20
2008.03.18 13:00:27.662,0.782,0.7821,0.40,0.20
2008.03.18 13:00:27.971,0.782,0.78215,0.40,0.80
2008.03.18 13:00:28.280,0.782,0.78215,0.60,0.80
2008.03.18 13:00:28.588,0.782,0.78215,0.60,0.80
2008.03.18 13:00:28.923,0.782,0.78215,0.60,0.80
2008.03.18 13:00:29.256,0.782,0.78215,0.60,0.80
2008.03.18 13:00:29.591,0.782,0.7822,0.60,1.10
2008.03.18 13:00:29.829,0.782,0.7822,0.60,1.10
2008.03.18 13:00:30.069,0.782,0.7822,0.60,1.10
2008.03.18 13:00:30.310,0.782,0.7822,0.60,1.10
2008.03.18 13:00:30.550,0.782,0.7822,0.60,1.10
2008.03.18 13:00:30.788,0.782,0.7822,0.60,1.10
2008.03.18 13:00:31.124,0.782,0.7822,0.60,1.10
2008.03.18 13:00:31.457,0.782,0.7822,0.60,1.10
2008.03.18 13:00:31.791,0.782,0.7822,0.60,1.10
2008.03.18 13:00:32.020,0.782,0.7822,0.60,1.10
2008.03.18 13:00:32.249,0.782,0.7822,0.60,1.10
2008.03.18 13:00:32.478,0.782,0.7822,0.60,9.10
2008.03.18 13:00:32.708,0.782,0.78215,0.60,0.20
2008.03.18 13:00:33.003,0.78205,0.7822,0.40,9.10
2008.03.18 13:00:33.298,0.78205,0.7822,0.40,9.10
2008.03.18 13:00:33.606,0.78205,0.7822,0.60,0.20
2008.03.18 13:00:33.940,0.78205,0.7822,0.60,0.20
2008.03.18 13:00:34.287,0.78205,0.7822,0.40,0.40
2008.03.18 13:00:34.636,0.78205,0.7822,0.60,0.20
2008.03.18 13:00:34.865,0.78205,0.7822,0.60,0.20
2008.03.18 13:00:35.094,0.78205,0.7822,0.60,0.40
2008.03.18 13:00:35.322,0.78205,0.7822,0.60,0.40
2008.03.18 13:00:35.550,0.78205,0.7822,0.60,0.40
2008.03.18 13:00:35.779,0.78205,0.7822,0.60,0.40
2008.03.18 13:00:36.104,0.78205,0.7822,0.40,0.40
2008.03.18 13:00:36.427,0.78205,0.7822,0.40,0.40
2008.03.18 13:00:36.751,0.78205,0.7822,0.40,0.40
2008.03.18 13:00:36.989,0.78205,0.7822,0.40,0.40
2008.03.18 13:00:37.228,0.78205,0.7822,0.40,0.40
2008.03.18 13:00:37.467,0.78205,0.7822,0.40,0.40
2008.03.18 13:00:37.705,0.78205,0.7822,0.40,0.40
2008.03.18 13:00:38.025,0.78205,0.7822,0.40,0.40
2008.03.18 13:00:38.345,0.78205,0.7822,0.40,0.40
2008.03.18 13:00:38.665,0.78205,0.7822,0.40,0.40
2008.03.18 13:00:38.998,0.78205,0.7822,0.40,0.40
2008.03.18 13:00:39.333,0.78205,0.7822,0.40,0.40
2008.03.18 13:00:39.666,0.78205,0.7822,0.40,0.40
2008.03.18 13:00:39.903,0.78205,0.7822,0.40,0.40
2008.03.18 13:00:40.136,0.78205,0.7822,0.40,0.40
2008.03.18 13:00:40.370,0.78205,0.7822,0.40,0.40
2008.03.18 13:00:40.619,0.78205,0.7822,0.40,0.40
2008.03.18 13:00:40.869,0.78205,0.7822,0.40,0.40
2008.03.18 13:00:41.181,0.78205,0.7822,0.40,0.40
2008.03.18 13:00:41.510,0.78205,0.7822,0.40,0.40
2008.03.18 13:00:41.838,0.78205,0.7822,0.40,0.40
2008.03.18 13:00:42.082,0.78205,0.7822,0.40,0.40
2008.03.18 13:00:42.327,0.78205,0.7822,0.40,0.40
2008.03.18 13:00:42.571,0.78205,0.7822,0.40,0.40
2008.03.18 13:00:42.815,0.782,0.7822,0.60,0.40
2008.03.18 13:00:43.139,0.782,0.7822,0.60,0.40
2008.03.18 13:00:43.463,0.782,0.7821,0.60,0.20
2008.03.18 13:00:43.789,0.782,0.7822,0.60,8.30
2008.03.18 13:00:44.123,0.782,0.7822,0.60,8.30
2008.03.18 13:00:44.457,0.78205,0.7822,0.40,0.40
2008.03.18 13:00:44.792,0.78205,0.7822,0.40,0.40
2008.03.18 13:00:45.026,0.78205,0.7822,0.40,0.40
2008.03.18 13:00:45.261,0.78205,0.7822,0.40,0.40
2008.03.18 13:00:45.495,0.78205,0.7822,0.40,8.30
2008.03.18 13:00:45.731,0.78205,0.7822,0.40,8.30
2008.03.18 13:00:46.050,0.78205,0.7822,0.40,0.40
2008.03.18 13:00:46.370,0.78205,0.7822,0.40,0.40
2008.03.18 13:00:46.691,0.78205,0.7822,0.40,0.40
2008.03.18 13:00:47.011,0.78205,0.7822,0.60,0.20
2008.03.18 13:00:47.286,0.7821,0.7822,0.60,0.40
2008.03.18 13:00:47.562,0.78205,0.7822,0.60,0.40
2008.03.18 13:00:47.838,0.78205,0.7822,0.40,0.40
2008.03.18 13:00:48.102,0.78205,0.7822,0.40,0.40
2008.03.18 13:00:48.368,0.78205,0.7822,0.40,0.40
2008.03.18 13:00:48.632,0.78205,0.7822,0.40,0.40
2008.03.18 13:00:48.897,0.78205,0.7822,0.40,0.40
2008.03.18 13:00:49.231,0.78205,0.7822,0.60,0.40
2008.03.18 13:00:49.568,0.78205,0.7822,0.60,0.20
2008.03.18 13:00:49.905,0.7821,0.7822,0.20,0.20
2008.03.18 13:00:50.145,0.78205,0.7822,0.40,0.40
2008.03.18 13:00:50.385,0.78205,0.7822,0.40,0.40
2008.03.18 13:00:50.625,0.78205,0.7822,0.40,0.40
2008.03.18 13:00:50.864,0.782,0.7822,0.60,0.40
2008.03.18 13:00:51.178,0.782,0.7822,0.60,0.40
2008.03.18 13:00:51.494,0.782,0.7822,0.60,0.40
2008.03.18 13:00:51.807,0.782,0.7822,0.60,0.40
2008.03.18 13:00:52.077,0.782,0.7822,0.60,1.10
2008.03.18 13:00:52.347,0.782,0.7822,0.60,1.10
2008.03.18 13:00:52.617,0.782,0.7822,0.60,1.10
2008.03.18 13:00:52.889,0.78195,0.7821,8.40,0.20
2008.03.18 13:00:53.182,0.78195,0.7821,8.10,0.20
2008.03.18 13:00:53.463,0.7819,0.7821,8.60,0.40
2008.03.18 13:00:53.743,0.78195,0.7821,0.60,0.40
2008.03.18 13:00:54.023,0.78195,0.7821,0.60,0.20
2008.03.18 13:00:54.358,0.782,0.7821,0.20,0.20
2008.03.18 13:00:54.707,0.78195,0.7821,2.80,0.20
2008.03.18 13:00:55.041,0.78195,0.7821,2.80,0.20
2008.03.18 13:00:55.280,0.78195,0.7821,2.80,0.20
2008.03.18 13:00:55.518,0.78195,0.7821,0.60,0.20
2008.03.18 13:00:55.759,0.78195,0.7821,0.60,0.20
2008.03.18 13:00:55.998,0.782,0.7821,0.20,0.20
2008.03.18 13:00:56.313,0.782,0.7821,0.20,0.20
2008.03.18 13:00:56.628,0.782,0.78215,0.20,6.10
2008.03.18 13:00:56.944,0.782,0.78215,0.20,2.10
2008.03.18 13:00:57.217,0.782,0.78215,0.20,2.10
2008.03.18 13:00:57.489,0.782,0.78215,0.20,2.10
2008.03.18 13:00:57.754,0.782,0.78215,0.20,2.10
2008.03.18 13:00:57.996,0.782,0.78215,0.20,2.10
2008.03.18 13:00:58.285,0.782,0.78215,0.20,2.10
2008.03.18 13:00:58.576,0.782,0.78215,0.20,2.10
2008.03.18 13:00:58.865,0.782,0.78215,0.60,0.20
2008.03.18 13:00:59.156,0.782,0.78215,0.60,0.20
2008.03.18 13:00:59.490,0.782,0.78215,0.60,0.20
2008.03.18 13:00:59.825,0.782,0.78215,0.60,0.20
2008.03.18 13:01:00.159,0.782,0.78215,0.60,0.20
2008.03.18 13:01:00.393,0.782,0.78215,0.60,0.20
2008.03.18 13:01:00.626,0.782,0.78215,0.60,0.20
2008.03.18 13:01:00.860,0.782,0.7822,0.60,1.10
2008.03.18 13:01:01.094,0.782,0.7822,0.60,1.10
2008.03.18 13:01:01.408,0.782,0.7822,0.60,9.10
2008.03.18 13:01:01.721,0.782,0.7822,0.60,9.10
2008.03.18 13:01:02.035,0.782,0.7822,0.60,1.10
2008.03.18 13:01:02.348,0.782,0.7822,0.60,1.10
2008.03.18 13:01:02.634,0.782,0.7822,0.60,1.10
2008.03.18 13:01:02.920,0.782,0.7822,0.60,1.10
2008.03.18 13:01:03.196,0.782,0.7822,0.60,1.10
2008.03.18 13:01:03.454,0.782,0.7822,0.60,1.10
2008.03.18 13:01:03.714,0.782,0.7822,0.60,1.10
2008.03.18 13:01:03.974,0.782,0.7822,0.60,9.10
2008.03.18 13:01:04.233,0.782,0.7822,0.60,9.10
2008.03.18 13:01:04.568,0.782,0.7822,0.60,1.10
2008.03.18 13:01:04.901,0.782,0.7822,0.60,9.10
2008.03.18 13:01:05.237,0.782,0.7822,0.60,9.10
2008.03.18 13:01:05.462,0.782,0.7822,0.60,1.10
2008.03.18 13:01:05.688,0.782,0.7822,0.60,1.10
2008.03.18 13:01:05.912,0.782,0.7822,0.60,1.10
2008.03.18 13:01:06.140,0.782,0.7822,0.60,1.10
2008.03.18 13:01:06.385,0.782,0.7822,0.60,1.10
2008.03.18 13:01:06.712,0.782,0.7822,0.60,1.10
2008.03.18 13:01:07.046,0.782,0.7822,0.60,9.10
2008.03.18 13:01:07.380,0.782,0.7822,0.60,9.10
2008.03.18 13:01:07.621,0.782,0.7822,0.60,9.10
2008.03.18 13:01:07.859,0.782,0.7822,0.60,1.10
2008.03.18 13:01:08.099,0.782,0.7822,0.60,1.10
2008.03.18 13:01:08.351,0.782,0.7822,0.60,1.10
2008.03.18 13:01:08.625,0.782,0.7822,0.60,1.10
2008.03.18 13:01:08.898,0.782,0.7822,0.60,1.10
2008.03.18 13:01:09.172,0.782,0.7822,0.60,1.10
2008.03.18 13:01:09.447,0.782,0.7822,0.60,1.10
2008.03.18 13:01:09.781,0.782,0.7822,0.60,1.10
2008.03.18 13:01:10.113,0.782,0.7822,0.60,1.10
2008.03.18 13:01:10.446,0.782,0.7822,0.60,1.10
2008.03.18 13:01:10.685,0.782,0.7822,0.60,1.10
2008.03.18 13:01:10.925,0.782,0.7822,0.60,1.10
2008.03.18 13:01:11.163,0.782,0.7822,0.60,1.10
2008.03.18 13:01:11.402,0.782,0.7822,0.60,1.10
2008.03.18 13:01:11.718,0.782,0.78215,0.60,0.80
2008.03.18 13:01:12.033,0.782,0.78215,0.60,0.80
2008.03.18 13:01:12.347,0.782,0.78215,0.40,3.30
2008.03.18 13:01:12.661,0.782,0.78215,0.40,3.30
2008.03.18 13:01:12.931,0.782,0.78215,0.20,3.30
2008.03.18 13:01:13.201,0.78195,0.7821,2.40,0.20
2008.03.18 13:01:13.470,0.782,0.7821,0.20,0.20
2008.03.18 13:01:13.813,0.782,0.78215,0.40,3.20
2008.03.18 13:01:14.142,0.782,0.78215,0.40,3.20
2008.03.18 13:01:14.470,0.782,0.78215,0.40,3.20
2008.03.18 13:01:14.769,0.782,0.7822,0.60,1.10
2008.03.18 13:01:15.070,0.782,0.78215,0.60,0.80
2008.03.18 13:01:15.371,0.782,0.78215,0.60,0.80
2008.03.18 13:01:15.671,0.782,0.78215,0.40,0.80
2008.03.18 13:01:15.977,0.78195,0.78215,10.40,3.30
2008.03.18 13:01:16.286,0.78195,0.7821,2.10,0.20
2008.03.18 13:01:16.591,0.78195,0.7821,0.20,0.20
2008.03.18 13:01:16.856,0.78195,0.7821,0.20,0.90
2008.03.18 13:01:17.103,0.78195,0.78205,0.20,2.40
2008.03.18 13:01:17.353,0.7819,0.7821,8.60,1.10
2008.03.18 13:01:17.614,0.7819,0.7821,0.60,1.10
2008.03.18 13:01:17.933,0.7819,0.7821,0.60,1.10
2008.03.18 13:01:18.254,0.7819,0.7821,0.60,1.10
2008.03.18 13:01:18.574,0.7819,0.7821,0.60,1.10
2008.03.18 13:01:18.909,0.7819,0.7821,0.60,1.10
2008.03.18 13:01:19.244,0.7819,0.7821,0.60,1.10
2008.03.18 13:01:19.576,0.7819,0.7821,0.60,1.10
2008.03.18 13:01:19.816,0.7819,0.7821,0.60,1.10
2008.03.18 13:01:20.055,0.78195,0.7821,0.40,1.10
2008.03.18 13:01:20.295,0.78195,0.7821,0.20,0.20
2008.03.18 13:01:20.534,0.78195,0.7821,0.20,0.20
2008.03.18 13:01:20.864,0.78195,0.7821,0.60,0.20
2008.03.18 13:01:21.193,0.78195,0.7821,0.60,0.20
2008.03.18 13:01:21.523,0.78195,0.7821,0.60,0.20
2008.03.18 13:01:21.773,0.78195,0.7821,0.60,0.20
2008.03.18 13:01:22.023,0.78195,0.7821,0.60,0.20
2008.03.18 13:01:22.272,0.78195,0.7821,0.20,0.20
2008.03.18 13:01:22.535,0.78195,0.7821,0.20,0.20
2008.03.18 13:01:22.779,0.78195,0.78215,0.60,6.10
2008.03.18 13:01:23.089,0.78195,0.78215,0.60,6.10
2008.03.18 13:01:23.400,0.78195,0.7821,0.60,0.40
2008.03.18 13:01:23.719,0.78195,0.7821,0.60,0.20
2008.03.18 13:01:24.043,0.78195,0.7821,0.60,0.20
2008.03.18 13:01:24.378,0.78195,0.7821,0.60,0.20
2008.03.18 13:01:24.712,0.78195,0.7821,0.60,0.20
2008.03.18 13:01:24.946,0.78195,0.7821,0.60,0.20
2008.03.18 13:01:25.181,0.78195,0.7821,0.60,0.40
2008.03.18 13:01:25.415,0.78195,0.7821,0.60,0.40
2008.03.18 13:01:25.648,0.78195,0.7821,0.60,0.40
2008.03.18 13:01:25.976,0.78195,0.7821,0.60,0.40
2008.03.18 13:01:26.305,0.78195,0.7821,0.60,0.40
2008.03.18 13:01:26.633,0.78195,0.7821,0.60,0.40
2008.03.18 13:01:26.961,0.78195,0.7821,0.60,0.40
2008.03.18 13:01:27.205,0.78195,0.7821,0.60,0.40
2008.03.18 13:01:27.447,0.78195,0.7821,0.60,0.40
2008.03.18 13:01:27.691,0.78195,0.7821,0.60,0.40
2008.03.18 13:01:27.986,0.78195,0.7821,0.60,0.40
2008.03.18 13:01:28.279,0.78195,0.7821,0.60,0.40
2008.03.18 13:01:28.574,0.78195,0.7821,0.60,0.40
2008.03.18 13:01:28.874,0.78195,0.7821,0.60,0.40
2008.03.18 13:01:29.220,0.78195,0.7821,0.60,0.20
2008.03.18 13:01:29.569,0.78195,0.7821,0.60,0.20
2008.03.18 13:01:29.889,0.78195,0.7821,0.40,0.40
2008.03.18 13:01:30.127,0.78195,0.7821,0.40,0.40
2008.03.18 13:01:30.366,0.78195,0.7821,0.40,0.40
2008.03.18 13:01:30.606,0.78195,0.7821,0.40,0.40
2008.03.18 13:01:30.846,0.7819,0.7821,8.60,0.40
2008.03.18 13:01:31.155,0.7819,0.7821,8.60,0.40
2008.03.18 13:01:31.464,0.7819,0.7821,0.60,0.40
2008.03.18 13:01:31.774,0.7819,0.7821,0.60,0.40
2008.03.18 13:01:32.028,0.7819,0.7821,0.60,0.40
2008.03.18 13:01:32.281,0.7819,0.7821,0.60,0.40
2008.03.18 13:01:32.534,0.7819,0.7821,0.60,0.40
2008.03.18 13:01:32.788,0.7819,0.7821,0.60,0.40
2008.03.18 13:01:33.099,0.7819,0.7821,0.60,0.40
2008.03.18 13:01:33.408,0.7819,0.7821,8.60,0.40
2008.03.18 13:01:33.719,0.7819,0.7821,8.60,0.40
2008.03.18 13:01:34.028,0.7819,0.7821,0.60,0.40
2008.03.18 13:01:34.361,0.7819,0.7821,0.60,0.40
2008.03.18 13:01:34.695,0.7819,0.7821,0.60,1.10
2008.03.18 13:01:35.029,0.7819,0.7821,0.60,1.10
2008.03.18 13:01:35.269,0.7819,0.7821,0.60,1.10
2008.03.18 13:01:35.510,0.7819,0.7821,0.60,1.10
2008.03.18 13:01:35.764,0.7819,0.782,0.60,0.20
2008.03.18 13:01:36.051,0.7819,0.782,0.60,0.20
2008.03.18 13:01:36.335,0.7819,0.782,0.60,0.20
2008.03.18 13:01:36.619,0.7819,0.782,0.60,0.20
2008.03.18 13:01:36.905,0.7819,0.782,0.60,0.20
2008.03.18 13:01:37.175,0.7819,0.782,0.60,0.20
2008.03.18 13:01:37.455,0.7819,0.782,0.60,0.20
2008.03.18 13:01:37.713,0.7819,0.782,0.60,0.20
2008.03.18 13:01:37.983,0.7819,0.782,0.60,0.20
2008.03.18 13:01:38.253,0.7819,0.782,0.60,0.20
2008.03.18 13:01:38.520,0.7819,0.782,0.60,0.20
2008.03.18 13:01:38.788,0.7819,0.782,0.60,0.20
2008.03.18 13:01:39.057,0.7819,0.782,0.60,0.20
2008.03.18 13:01:39.409,0.7819,0.782,0.60,0.20
2008.03.18 13:01:39.743,0.7819,0.782,0.60,0.20
2008.03.18 13:01:40.078,0.7819,0.782,0.60,0.20
2008.03.18 13:01:40.303,0.7819,0.782,0.60,0.20
2008.03.18 13:01:40.527,0.7819,0.782,0.60,0.20
2008.03.18 13:01:40.751,0.7819,0.782,0.60,0.20
2008.03.18 13:01:40.975,0.7819,0.782,0.60,0.20
2008.03.18 13:01:41.279,0.7819,0.78205,0.60,4.80
2008.03.18 13:01:41.584,0.7819,0.782,0.60,0.20
2008.03.18 13:01:41.889,0.7819,0.78205,0.60,0.90
2008.03.18 13:01:42.153,0.7819,0.78205,0.60,0.80
2008.03.18 13:01:42.419,0.7819,0.782,0.60,0.20
2008.03.18 13:01:42.682,0.7819,0.78205,0.60,0.80
2008.03.18 13:01:42.947,0.7819,0.782,0.60,0.20
2008.03.18 13:01:43.243,0.7819,0.78205,0.60,0.80
2008.03.18 13:01:43.537,0.7819,0.78205,0.60,0.80
2008.03.18 13:01:43.831,0.7819,0.78205,0.60,0.90
2008.03.18 13:01:44.125,0.7819,0.78205,0.60,0.80
2008.03.18 13:01:44.457,0.7819,0.78205,0.60,0.80
2008.03.18 13:01:44.792,0.7819,0.78205,0.60,0.80
2008.03.18 13:01:45.125,0.7819,0.78205,0.60,0.80
2008.03.18 13:01:45.370,0.7819,0.78205,0.60,0.80
2008.03.18 13:01:45.615,0.7819,0.78205,0.60,0.80
2008.03.18 13:01:45.858,0.7819,0.78205,0.60,0.80
2008.03.18 13:01:46.159,0.7819,0.78205,0.60,0.80
2008.03.18 13:01:46.457,0.7819,0.78205,0.60,0.80
2008.03.18 13:01:46.757,0.7819,0.78205,0.60,0.80
2008.03.18 13:01:47.056,0.7819,0.78205,0.60,0.80
2008.03.18 13:01:47.306,0.7819,0.78205,0.60,0.90
2008.03.18 13:01:47.555,0.7819,0.78205,0.60,0.90
2008.03.18 13:01:47.804,0.7819,0.78205,0.60,0.80
2008.03.18 13:01:48.052,0.7819,0.78205,0.60,0.80
2008.03.18 13:01:48.351,0.7819,0.78205,0.60,0.80
2008.03.18 13:01:48.650,0.7819,0.78205,0.60,0.80
2008.03.18 13:01:48.950,0.7819,0.78205,0.60,0.80
2008.03.18 13:01:49.284,0.7819,0.782,0.60,0.20
2008.03.18 13:01:49.620,0.7819,0.782,0.60,0.20
2008.03.18 13:01:49.953,0.7819,0.782,0.60,0.20
2008.03.18 13:01:50.192,0.7819,0.782,0.60,0.20
2008.03.18 13:01:50.444,0.7819,0.782,0.60,0.20
2008.03.18 13:01:50.670,0.7819,0.782,0.60,0.20
2008.03.18 13:01:50.911,0.7819,0.7821,0.60,1.10
2008.03.18 13:01:51.149,0.7819,0.7821,0.60,1.90
2008.03.18 13:01:51.453,0.7819,0.7821,0.60,1.10
2008.03.18 13:01:51.757,0.7819,0.7821,0.60,1.10
2008.03.18 13:01:52.061,0.7819,0.7821,0.60,1.10
2008.03.18 13:01:52.295,0.7819,0.7821,0.60,1.10
2008.03.18 13:01:52.530,0.7819,0.7821,0.60,1.10
2008.03.18 13:01:52.774,0.78195,0.7821,0.20,0.90
2008.03.18 13:01:53.023,0.78195,0.7821,0.20,0.90
2008.03.18 13:01:53.359,0.78195,0.7821,0.20,0.90
2008.03.18 13:01:53.684,0.78195,0.7821,0.20,0.90
2008.03.18 13:01:54.007,0.78195,0.7821,0.60,0.90
2008.03.18 13:01:54.342,0.78195,0.7821,0.60,0.90
2008.03.18 13:01:54.675,0.78195,0.7821,0.60,1.10
2008.03.18 13:01:55.011,0.78195,0.7821,0.60,1.10
2008.03.18 13:01:55.262,0.78195,0.7821,0.60,1.10
2008.03.18 13:01:55.506,0.78195,0.7821,0.60,1.10
2008.03.18 13:01:55.752,0.78195,0.7821,0.60,1.10
2008.03.18 13:01:55.995,0.78195,0.7821,0.60,1.10
2008.03.18 13:01:56.242,0.782,0.7821,0.20,0.90
2008.03.18 13:01:56.531,0.782,0.7821,0.20,0.90
2008.03.18 13:01:56.821,0.782,0.7821,0.20,0.90
2008.03.18 13:01:57.109,0.782,0.7821,0.20,0.90
2008.03.18 13:01:57.398,0.782,0.7821,0.20,0.90
2008.03.18 13:01:57.688,0.782,0.7821,0.20,0.90
2008.03.18 13:01:57.978,0.78195,0.7821,4.30,1.10
2008.03.18 13:01:58.269,0.78195,0.7821,0.40,1.90
2008.03.18 13:01:58.532,0.78195,0.7821,0.40,1.10
2008.03.18 13:01:58.795,0.78195,0.7821,0.40,1.10
2008.03.18 13:01:59.059,0.78195,0.7821,0.40,1.10
2008.03.18 13:01:59.323,0.78195,0.7821,0.40,1.10
2008.03.18 13:01:59.657,0.78195,0.7821,0.40,1.10
2008.03.18 13:01:59.991,0.78195,0.7821,0.40,1.10
2008.03.18 13:02:00.326,0.78195,0.7821,0.40,1.10
2008.03.18 13:02:00.560,0.78195,0.7821,0.40,1.90
2008.03.18 13:02:00.795,0.78195,0.7821,0.40,1.90
2008.03.18 13:02:01.028,0.78195,0.7821,0.40,1.90
2008.03.18 13:02:01.270,0.78195,0.7821,0.40,1.90
2008.03.18 13:02:01.583,0.78195,0.7821,0.40,1.90
2008.03.18 13:02:01.897,0.78195,0.7821,0.40,1.90
2008.03.18 13:02:02.225,0.78195,0.7821,0.40,1.90
2008.03.18 13:02:02.453,0.78195,0.7821,0.40,1.90
2008.03.18 13:02:02.683,0.78195,0.7821,0.40,1.90
2008.03.18 13:02:02.912,0.78195,0.7821,0.40,1.90
2008.03.18 13:02:03.147,0.78195,0.7821,0.40,1.90
2008.03.18 13:02:03.391,0.782,0.7821,0.20,1.90
2008.03.18 13:02:03.724,0.782,0.78205,0.20,0.20
2008.03.18 13:02:04.069,0.782,0.78205,0.20,0.20
2008.03.18 13:02:04.417,0.782,0.78205,0.20,0.20
2008.03.18 13:02:04.751,0.782,0.78205,0.20,0.20
2008.03.18 13:02:05.085,0.782,0.78205,0.20,0.20
2008.03.18 13:02:05.423,0.78195,0.78205,4.10,0.20
2008.03.18 13:02:05.663,0.78195,0.78205,0.20,0.20
2008.03.18 13:02:05.893,0.78195,0.78205,0.20,0.20
2008.03.18 13:02:06.121,0.7819,0.78205,0.60,0.20
2008.03.18 13:02:06.351,0.7819,0.78205,0.60,0.20
2008.03.18 13:02:06.654,0.7819,0.78205,0.60,0.20
2008.03.18 13:02:06.954,0.7819,0.78205,0.60,0.20
2008.03.18 13:02:07.255,0.7819,0.78205,0.60,0.20
2008.03.18 13:02:07.530,0.7819,0.78205,0.60,0.20
2008.03.18 13:02:07.806,0.7819,0.78205,0.60,0.20
2008.03.18 13:02:08.080,0.7819,0.78205,0.60,0.20
2008.03.18 13:02:08.355,0.7819,0.78205,0.60,0.20
2008.03.18 13:02:08.636,0.7819,0.78205,0.60,0.20
2008.03.18 13:02:08.915,0.7819,0.78205,0.60,0.20
2008.03.18 13:02:09.194,0.7819,0.78205,0.60,0.20
2008.03.18 13:02:09.472,0.7819,0.78205,0.60,0.20
2008.03.18 13:02:09.806,0.7819,0.78205,0.60,0.20
2008.03.18 13:02:10.140,0.7819,0.78205,0.60,0.20
2008.03.18 13:02:10.473,0.7819,0.78205,0.60,0.20
2008.03.18 13:02:10.707,0.7819,0.78205,0.60,0.20
2008.03.18 13:02:10.942,0.7819,0.78205,0.60,0.20
2008.03.18 13:02:11.176,0.7819,0.78205,0.60,0.20
2008.03.18 13:02:11.410,0.7819,0.78205,0.60,0.20
2008.03.18 13:02:11.724,0.7819,0.78205,0.60,0.20
2008.03.18 13:02:12.037,0.7819,0.78205,0.60,0.20
2008.03.18 13:02:12.353,0.78195,0.78205,0.60,0.20
2008.03.18 13:02:12.617,0.78195,0.78205,0.60,0.20
2008.03.18 13:02:12.882,0.78195,0.78205,0.60,0.20
2008.03.18 13:02:13.148,0.78195,0.78205,0.60,0.20
2008.03.18 13:02:13.412,0.78195,0.78205,0.60,0.20
2008.03.18 13:02:13.702,0.78195,0.78205,0.60,0.20
2008.03.18 13:02:13.994,0.78195,0.78205,0.60,0.20
2008.03.18 13:02:14.286,0.782,0.78205,0.20,0.20
2008.03.18 13:02:14.576,0.782,0.78205,0.20,0.20
2008.03.18 13:02:14.911,0.782,0.78205,0.20,0.20
2008.03.18 13:02:15.247,0.78195,0.78205,0.60,0.20
2008.03.18 13:02:15.583,0.78195,0.78205,0.60,0.20
2008.03.18 13:02:15.824,0.782,0.78205,0.20,0.20
2008.03.18 13:02:16.067,0.782,0.78205,0.40,0.20
2008.03.18 13:02:16.307,0.782,0.78205,0.40,0.20
2008.03.18 13:02:16.546,0.782,0.78205,0.40,0.20
2008.03.18 13:02:16.855,0.782,0.78205,0.40,0.20
2008.03.18 13:02:17.164,0.782,0.78205,0.60,0.20
2008.03.18 13:02:17.475,0.782,0.78205,0.60,0.20
2008.03.18 13:02:17.724,0.782,0.78205,0.60,0.20
2008.03.18 13:02:17.973,0.782,0.78205,0.60,0.20
2008.03.18 13:02:18.230,0.782,0.78205,0.60,0.20
2008.03.18 13:02:18.512,0.782,0.78205,0.60,0.20
2008.03.18 13:02:18.802,0.782,0.78205,0.60,0.20
2008.03.18 13:02:19.090,0.782,0.78205,0.60,0.20
2008.03.18 13:02:19.382,0.782,0.78205,0.60,0.20
2008.03.18 13:02:19.670,0.782,0.78205,0.60,0.20
2008.03.18 13:02:20.004,0.782,0.78205,0.60,0.05
2008.03.18 13:02:20.339,0.782,0.78205,0.60,0.05
2008.03.18 13:02:20.672,0.782,0.78205,0.60,0.05
2008.03.18 13:02:20.870,0.782,0.78205,0.60,0.05
2008.03.18 13:02:21.071,0.782,0.78205,0.60,0.05
2008.03.18 13:02:21.283,0.782,0.78205,0.60,0.05
2008.03.18 13:02:21.481,0.782,0.78205,0.60,0.05
2008.03.18 13:02:21.679,0.782,0.78205,0.60,0.05
2008.03.18 13:02:22.014,0.78205,0.7822,0.40,1.90
2008.03.18 13:02:22.347,0.78205,0.7822,0.40,1.10
2008.03.18 13:02:22.681,0.78205,0.7822,0.40,1.10
2008.03.18 13:02:22.899,0.78205,0.7822,0.40,1.10
2008.03.18 13:02:23.118,0.78205,0.7822,0.40,1.10
2008.03.18 13:02:23.339,0.78205,0.7822,0.40,1.10
2008.03.18 13:02:23.557,0.78205,0.7822,0.40,1.10
2008.03.18 13:02:23.776,0.78205,0.7822,0.40,1.10
2008.03.18 13:02:24.111,0.78205,0.7822,0.40,1.10
2008.03.18 13:02:24.444,0.78205,0.7822,0.40,1.10
2008.03.18 13:02:24.780,0.78205,0.7822,0.40,1.10
2008.03.18 13:02:25.014,0.78205,0.7822,0.40,1.10
2008.03.18 13:02:25.248,0.78205,0.7822,0.40,1.10
2008.03.18 13:02:25.481,0.78205,0.7822,0.40,1.10
2008.03.18 13:02:25.714,0.78205,0.7822,0.40,1.10
2008.03.18 13:02:26.036,0.78205,0.7822,0.40,1.10
2008.03.18 13:02:26.368,0.78205,0.7822,0.40,0.40
2008.03.18 13:02:26.697,0.78205,0.7822,0.40,0.40
2008.03.18 13:02:27.012,0.7821,0.7822,0.20,0.40
2008.03.18 13:02:27.274,0.78205,0.7822,4.30,0.40
2008.03.18 13:02:27.535,0.78205,0.7822,0.40,0.40
2008.03.18 13:02:27.771,0.78205,0.7822,0.40,0.40
2008.03.18 13:02:28.051,0.78205,0.7822,0.40,0.40
2008.03.18 13:02:28.331,0.78205,0.7822,0.40,0.40
2008.03.18 13:02:28.609,0.78205,0.7822,0.40,0.40
2008.03.18 13:02:28.888,0.78205,0.7822,0.40,0.40
2008.03.18 13:02:29.223,0.78205,0.7822,0.40,0.40
2008.03.18 13:02:29.566,0.78205,0.7822,0.40,0.40
2008.03.18 13:02:29.914,0.782,0.7822,8.60,0.40
2008.03.18 13:02:30.099,0.782,0.7822,8.60,0.40
2008.03.18 13:02:30.299,0.78205,0.7822,0.40,0.40
2008.03.18 13:02:30.496,0.78205,0.7822,0.40,0.40
2008.03.18 13:02:30.709,0.78205,0.7822,0.40,0.40
2008.03.18 13:02:30.907,0.78205,0.7822,0.40,0.40
2008.03.18 13:02:31.240,0.78205,0.7822,0.40,0.40
2008.03.18 13:02:31.573,0.78205,0.7822,0.40,0.40
2008.03.18 13:02:31.908,0.78205,0.7822,0.40,0.40
2008.03.18 13:02:32.137,0.78205,0.7822,0.40,0.40
2008.03.18 13:02:32.366,0.78205,0.7822,0.40,0.40
2008.03.18 13:02:32.595,0.78205,0.7822,0.40,0.40
2008.03.18 13:02:32.825,0.78205,0.7822,0.40,0.40
2008.03.18 13:02:33.054,0.78205,0.7822,0.40,0.40
2008.03.18 13:02:33.390,0.78205,0.7822,0.40,0.40
2008.03.18 13:02:33.723,0.78205,0.7822,0.40,0.40
2008.03.18 13:02:34.058,0.78205,0.7822,0.40,0.40
2008.03.18 13:02:34.399,0.78205,0.7822,0.40,0.40
2008.03.18 13:02:34.721,0.78205,0.7822,0.40,0.40
2008.03.18 13:02:35.046,0.78205,0.7822,0.40,0.40
2008.03.18 13:02:35.269,0.78205,0.7822,0.40,0.40
2008.03.18 13:02:35.493,0.78205,0.7822,0.40,0.40
2008.03.18 13:02:35.718,0.78205,0.7822,0.60,0.20
2008.03.18 13:02:35.943,0.7821,0.7822,0.20,0.20
2008.03.18 13:02:36.259,0.7821,0.7822,0.20,0.20
2008.03.18 13:02:36.575,0.7821,0.7822,0.20,0.20
2008.03.18 13:02:36.889,0.7821,0.7822,0.20,0.20
2008.03.18 13:02:37.214,0.7821,0.7822,0.20,0.20
2008.03.18 13:02:37.497,0.7821,0.7822,0.20,0.20
2008.03.18 13:02:37.782,0.7821,0.7822,0.20,0.20
2008.03.18 13:02:38.065,0.7821,0.7822,0.20,0.20
2008.03.18 13:02:38.337,0.7821,0.7822,0.20,0.20
2008.03.18 13:02:38.593,0.7821,0.7822,0.20,0.20
2008.03.18 13:02:38.848,0.7821,0.7822,0.20,0.20
2008.03.18 13:02:39.102,0.7821,0.7822,0.20,0.20
2008.03.18 13:02:39.436,0.7821,0.7822,0.20,0.20
2008.03.18 13:02:39.770,0.7821,0.7822,0.20,0.20
2008.03.18 13:02:40.102,0.7821,0.7822,0.20,0.20
2008.03.18 13:02:40.341,0.7821,0.7822,0.20,0.40
2008.03.18 13:02:40.582,0.7821,0.7822,0.20,0.40
2008.03.18 13:02:40.820,0.7821,0.7822,0.20,0.40
2008.03.18 13:02:41.058,0.7821,0.7822,0.20,0.40
2008.03.18 13:02:41.357,0.7821,0.7822,0.20,0.40
2008.03.18 13:02:41.656,0.7821,0.7822,0.20,0.40
2008.03.18 13:02:41.956,0.7821,0.7822,0.20,0.40
2008.03.18 13:02:42.255,0.7821,0.7822,0.20,0.40
2008.03.18 13:02:42.493,0.7821,0.7822,0.20,0.40
2008.03.18 13:02:42.732,0.7821,0.7822,0.20,0.40
2008.03.18 13:02:42.970,0.7821,0.7822,0.20,0.40
2008.03.18 13:02:43.209,0.7821,0.7822,0.20,0.20
2008.03.18 13:02:43.503,0.7821,0.7822,0.20,0.20
2008.03.18 13:02:43.795,0.7821,0.7822,0.20,0.20
2008.03.18 13:02:44.090,0.7821,0.7822,0.20,0.20
2008.03.18 13:02:44.394,0.7821,0.7822,0.20,0.20
2008.03.18 13:02:44.738,0.7821,0.7822,0.20,0.20
2008.03.18 13:02:45.097,0.7821,0.7822,0.20,0.20
2008.03.18 13:02:45.431,0.7821,0.7822,0.20,0.20
2008.03.18 13:02:45.662,0.7821,0.7822,0.20,0.20
2008.03.18 13:02:45.904,0.7821,0.7822,0.20,0.20
2008.03.18 13:02:46.136,0.7821,0.7822,0.20,0.40
2008.03.18 13:02:46.466,0.7821,0.7822,0.20,0.40
2008.03.18 13:02:46.789,0.7821,0.7822,0.20,0.40
2008.03.18 13:02:47.111,0.7821,0.7822,0.20,0.40
2008.03.18 13:02:47.434,0.782,0.7822,0.60,1.10
2008.03.18 13:02:47.704,0.782,0.7822,0.60,1.10
2008.03.18 13:02:47.989,0.782,0.7822,0.60,1.10
2008.03.18 13:02:48.271,0.782,0.78215,0.60,0.20
2008.03.18 13:02:48.556,0.782,0.7822,0.60,0.40
2008.03.18 13:02:48.834,0.782,0.7822,0.60,0.40
2008.03.18 13:02:49.098,0.782,0.78215,0.60,0.20
2008.03.18 13:02:49.363,0.782,0.78215,0.60,0.20
2008.03.18 13:02:49.697,0.782,0.78215,0.60,0.20
2008.03.18 13:02:50.030,0.782,0.78215,0.60,0.20
2008.03.18 13:02:50.366,0.782,0.78215,0.60,0.20
2008.03.18 13:02:50.599,0.782,0.78215,0.60,0.20
2008.03.18 13:02:50.834,0.782,0.7822,0.60,0.40
2008.03.18 13:02:51.069,0.782,0.78215,0.60,0.20
2008.03.18 13:02:51.304,0.782,0.78215,0.60,0.20
2008.03.18 13:02:51.625,0.782,0.78215,0.60,0.20
2008.03.18 13:02:51.944,0.782,0.78215,0.60,0.20
2008.03.18 13:02:52.263,0.782,0.78215,0.60,0.20
2008.03.18 13:02:52.582,0.782,0.7822,0.60,1.10
2008.03.18 13:02:52.841,0.782,0.7822,0.60,1.10
2008.03.18 13:02:53.101,0.782,0.7822,0.60,1.10
2008.03.18 13:02:53.370,0.782,0.78215,0.60,0.20
2008.03.18 13:02:53.665,0.782,0.78215,0.60,0.20
2008.03.18 13:02:53.959,0.782,0.78215,0.60,0.20
2008.03.18 13:02:54.256,0.782,0.7822,0.60,0.40
2008.03.18 13:02:54.551,0.782,0.78215,0.60,0.20
2008.03.18 13:02:54.898,0.782,0.78215,0.60,0.20
2008.03.18 13:02:55.232,0.782,0.7821,0.20,0.20
2008.03.18 13:02:55.567,0.782,0.78215,0.60,0.20
2008.03.18 13:02:55.813,0.782,0.78215,0.60,0.20
2008.03.18 13:02:56.046,0.782,0.78215,0.60,0.20
2008.03.18 13:02:56.284,0.782,0.7821,0.60,0.20
2008.03.18 13:02:56.515,0.782,0.7821,0.60,0.20
2008.03.18 13:02:56.808,0.782,0.7821,0.60,0.20
2008.03.18 13:02:57.096,0.782,0.7821,0.60,0.20
2008.03.18 13:02:57.386,0.782,0.7821,0.60,0.20
2008.03.18 13:02:57.687,0.782,0.7821,0.60,0.20
2008.03.18 13:02:57.972,0.782,0.7821,0.60,0.20
2008.03.18 13:02:58.255,0.782,0.7821,0.60,0.20
2008.03.18 13:02:58.544,0.782,0.7821,0.20,0.20
2008.03.18 13:02:58.761,0.782,0.7821,0.20,0.20
2008.03.18 13:02:58.981,0.782,0.7821,0.20,0.20
2008.03.18 13:02:59.202,0.78195,0.7821,8.40,0.20
2008.03.18 13:02:59.426,0.78195,0.782,0.40,0.20
2008.03.18 13:02:59.649,0.78195,0.782,0.40,0.20
2008.03.18 13:03:00.011,0.78195,0.782,0.40,0.20
2008.03.18 13:03:00.358,0.78195,0.782,0.40,0.20
2008.03.18 13:03:00.703,0.78195,0.782,0.40,0.20
2008.03.18 13:03:00.952,0.78195,0.782,0.40,0.20
2008.03.18 13:03:01.170,0.78195,0.782,0.40,0.20
2008.03.18 13:03:01.405,0.78195,0.782,0.40,0.20
2008.03.18 13:03:01.638,0.78195,0.782,0.40,0.20
2008.03.18 13:03:01.937,0.78195,0.78205,0.40,4.80
2008.03.18 13:03:02.219,0.7819,0.78205,0.60,0.80
2008.03.18 13:03:02.509,0.7819,0.78205,0.60,0.80
2008.03.18 13:03:02.798,0.7819,0.78205,0.60,0.80
2008.03.18 13:03:03.072,0.7819,0.78205,0.60,0.80
2008.03.18 13:03:03.352,0.7819,0.78205,0.60,0.80
2008.03.18 13:03:03.636,0.7819,0.78205,0.60,0.80
2008.03.18 13:03:03.864,0.7819,0.782,0.60,0.20
2008.03.18 13:03:04.103,0.7819,0.78195,0.40,0.80
2008.03.18 13:03:04.345,0.78185,0.78195,3.50,0.80
2008.03.18 13:03:04.585,0.78185,0.78195,1.10,0.80
2008.03.18 13:03:04.919,0.78185,0.78195,0.40,0.80
2008.03.18 13:03:05.253,0.78185,0.78195,0.40,0.80
2008.03.18 13:03:05.587,0.78185,0.78195,0.40,0.80
2008.03.18 13:03:05.811,0.78185,0.78195,0.40,0.80
2008.03.18 13:03:06.035,0.78185,0.78195,0.40,0.80
2008.03.18 13:03:06.270,0.78185,0.78195,0.40,0.80
2008.03.18 13:03:06.495,0.78185,0.78195,0.40,0.80
2008.03.18 13:03:06.719,0.78185,0.7819,0.40,0.80
2008.03.18 13:03:07.042,0.7818,0.7819,0.60,0.90
2008.03.18 13:03:07.367,0.7818,0.7819,0.60,0.90
2008.03.18 13:03:07.691,0.7818,0.78195,0.60,0.80
2008.03.18 13:03:07.916,0.7818,0.78195,0.60,0.80
2008.03.18 13:03:08.140,0.7818,0.7819,0.60,0.20
2008.03.18 13:03:08.377,0.7818,0.78195,0.60,0.80
2008.03.18 13:03:08.615,0.7818,0.78195,0.60,0.80
2008.03.18 13:03:08.825,0.7818,0.78195,0.60,0.80
2008.03.18 13:03:09.161,0.7818,0.78195,0.60,0.80
2008.03.18 13:03:09.494,0.7818,0.78195,0.60,0.80
2008.03.18 13:03:09.828,0.7818,0.7819,0.60,0.20
2008.03.18 13:03:10.068,0.7818,0.7819,0.60,0.20
2008.03.18 13:03:10.306,0.7818,0.7819,0.60,0.20
2008.03.18 13:03:10.544,0.7818,0.7819,0.60,0.20
2008.03.18 13:03:10.792,0.7818,0.7819,0.60,0.20
2008.03.18 13:03:11.112,0.7818,0.7819,0.60,0.20
2008.03.18 13:03:11.431,0.7818,0.7819,0.60,0.20
2008.03.18 13:03:11.750,0.7818,0.7819,0.60,0.20
2008.03.18 13:03:11.969,0.7818,0.7819,0.60,0.20
2008.03.18 13:03:12.188,0.7818,0.7819,0.60,0.20
2008.03.18 13:03:12.408,0.7818,0.7819,0.60,0.20
2008.03.18 13:03:12.633,0.7818,0.7819,0.60,0.20
2008.03.18 13:03:12.957,0.7818,0.7819,0.60,0.20
2008.03.18 13:03:13.281,0.7818,0.7819,0.60,0.20
2008.03.18 13:03:13.605,0.7818,0.7819,0.40,0.20
2008.03.18 13:03:13.929,0.7818,0.7819,0.20,0.20
2008.03.18 13:03:14.253,0.7818,0.7819,0.20,0.20
2008.03.18 13:03:14.581,0.78175,0.7819,0.60,0.20
2008.03.18 13:03:14.905,0.7818,0.7819,0.20,0.20
2008.03.18 13:03:15.131,0.7818,0.7819,0.20,0.20
2008.03.18 13:03:15.354,0.78175,0.7819,10.70,0.40
2008.03.18 13:03:15.594,0.78175,0.7819,0.40,0.40
2008.03.18 13:03:15.805,0.78175,0.7819,0.60,0.20
2008.03.18 13:03:16.119,0.78175,0.7819,0.60,0.20
2008.03.18 13:03:16.433,0.78175,0.7819,0.40,0.40
2008.03.18 13:03:16.747,0.78175,0.7819,0.40,0.40
2008.03.18 13:03:16.971,0.78175,0.7819,0.40,0.40
2008.03.18 13:03:17.195,0.78175,0.7819,0.40,1.10
2008.03.18 13:03:17.420,0.78175,0.7819,0.40,1.10
2008.03.18 13:03:17.642,0.78175,0.7819,0.40,1.10
2008.03.18 13:03:17.867,0.78175,0.7819,0.40,1.10
2008.03.18 13:03:18.201,0.78175,0.7819,0.40,1.10
2008.03.18 13:03:18.535,0.78175,0.7819,0.40,1.10
2008.03.18 13:03:18.870,0.78175,0.7819,0.40,1.10
2008.03.18 13:03:19.198,0.78175,0.7819,0.40,1.10
2008.03.18 13:03:19.527,0.78175,0.7819,0.40,1.10
2008.03.18 13:03:19.855,0.78175,0.7819,0.40,1.10
2008.03.18 13:03:20.094,0.78175,0.7819,0.40,1.10
2008.03.18 13:03:20.346,0.78175,0.7819,0.40,1.10
2008.03.18 13:03:20.585,0.78175,0.7819,0.40,1.10
2008.03.18 13:03:20.823,0.78175,0.7819,0.40,1.10
2008.03.18 13:03:21.103,0.78175,0.7819,0.40,1.10
2008.03.18 13:03:21.382,0.78175,0.7819,0.40,1.90
2008.03.18 13:03:21.662,0.7817,0.7819,0.60,1.90
2008.03.18 13:03:21.942,0.7817,0.7819,0.60,1.90
2008.03.18 13:03:22.227,0.7817,0.7819,0.60,1.90
2008.03.18 13:03:22.511,0.78175,0.7819,8.30,0.90
2008.03.18 13:03:22.795,0.7818,0.7819,0.20,0.20
2008.03.18 13:03:23.086,0.78175,0.7819,8.80,0.40
2008.03.18 13:03:23.360,0.78175,0.78185,0.80,0.20
2008.03.18 13:03:23.621,0.7817,0.7818,0.60,0.20
2008.03.18 13:03:23.881,0.7817,0.78185,0.60,4.80
2008.03.18 13:03:24.216,0.7817,0.78185,0.60,0.80
2008.03.18 13:03:24.553,0.7817,0.7819,0.60,0.40
2008.03.18 13:03:24.888,0.7817,0.7819,0.60,0.40
2008.03.18 13:03:25.097,0.7817,0.7819,0.60,1.10
2008.03.18 13:03:25.306,0.7817,0.7819,0.60,1.90
2008.03.18 13:03:25.514,0.7817,0.7819,0.60,1.90
2008.03.18 13:03:25.724,0.7817,0.7819,0.60,1.10
2008.03.18 13:03:25.932,0.7817,0.7819,0.60,1.10
2008.03.18 13:03:26.266,0.7817,0.7819,0.60,1.10
2008.03.18 13:03:26.599,0.7817,0.7819,0.60,1.10
2008.03.18 13:03:26.933,0.7817,0.78185,0.60,0.90
2008.03.18 13:03:27.267,0.7817,0.78185,0.60,0.90
2008.03.18 13:03:27.487,0.7817,0.78185,0.60,0.90
2008.03.18 13:03:27.710,0.7817,0.78185,0.60,0.90
2008.03.18 13:03:27.930,0.7817,0.78185,0.60,0.90
2008.03.18 13:03:28.149,0.7817,0.78185,0.60,0.90
2008.03.18 13:03:28.482,0.7817,0.78185,0.60,0.90
2008.03.18 13:03:28.818,0.7817,0.78185,0.60,0.90
2008.03.18 13:03:29.152,0.7817,0.78185,0.60,0.90
2008.03.18 13:03:29.485,0.7817,0.78185,0.60,0.90
2008.03.18 13:03:29.819,0.7817,0.78185,0.60,0.90
2008.03.18 13:03:30.153,0.7817,0.78185,0.60,0.90
2008.03.18 13:03:30.402,0.7817,0.78185,0.60,0.90
2008.03.18 13:03:30.655,0.7817,0.78185,0.60,0.90
2008.03.18 13:03:30.893,0.7817,0.78185,0.60,0.90
2008.03.18 13:03:31.132,0.7817,0.78185,0.60,0.90
2008.03.18 13:03:31.425,0.7817,0.78185,0.60,0.90
2008.03.18 13:03:31.718,0.7817,0.78185,0.60,0.90
2008.03.18 13:03:32.013,0.7817,0.78185,0.60,0.90
2008.03.18 13:03:32.308,0.7817,0.78185,0.60,0.90
2008.03.18 13:03:32.567,0.7817,0.78185,0.60,0.90
2008.03.18 13:03:32.837,0.7817,0.78185,0.60,0.90
2008.03.18 13:03:33.111,0.7817,0.78185,0.60,0.80
2008.03.18 13:03:33.355,0.7817,0.78185,0.60,0.80
2008.03.18 13:03:33.651,0.7817,0.78185,0.60,0.80
2008.03.18 13:03:33.894,0.7817,0.78185,0.60,0.80
2008.03.18 13:03:34.139,0.7817,0.78185,0.60,0.80
2008.03.18 13:03:34.473,0.7817,0.78185,0.60,0.80
2008.03.18 13:03:34.806,0.7817,0.78185,0.60,0.80
2008.03.18 13:03:35.140,0.7817,0.7819,0.60,0.40
2008.03.18 13:03:35.380,0.7817,0.7819,0.60,0.40
2008.03.18 13:03:35.620,0.78175,0.7819,0.40,0.40
2008.03.18 13:03:35.860,0.78175,0.7819,0.60,0.20
2008.03.18 13:03:36.100,0.7818,0.7819,0.40,0.20
2008.03.18 13:03:36.431,0.7818,0.7819,0.40,0.40
2008.03.18 13:03:36.762,0.78175,0.7819,0.60,0.20
2008.03.18 13:03:37.092,0.78175,0.7819,0.40,1.10
2008.03.18 13:03:37.336,0.78175,0.7819,0.40,1.10
2008.03.18 13:03:37.582,0.7817,0.7819,0.60,1.10
2008.03.18 13:03:37.826,0.7817,0.7819,0.60,1.10
2008.03.18 13:03:38.071,0.78175,0.7819,0.40,1.10
2008.03.18 13:03:38.404,0.78175,0.7819,0.40,1.10
2008.03.18 13:03:38.737,0.78175,0.7819,0.40,1.10
2008.03.18 13:03:39.071,0.78175,0.7819,0.40,1.10
2008.03.18 13:03:39.396,0.78175,0.7819,0.40,1.10
2008.03.18 13:03:39.719,0.78175,0.7819,0.40,1.10
2008.03.18 13:03:40.043,0.78175,0.7819,0.40,1.10
2008.03.18 13:03:40.368,0.78175,0.7819,0.60,0.90
2008.03.18 13:03:40.612,0.7818,0.7819,0.20,0.90
2008.03.18 13:03:40.857,0.7818,0.7819,0.20,1.10
2008.03.18 13:03:41.104,0.7818,0.7819,0.20,0.20
2008.03.18 13:03:41.374,0.7818,0.7819,0.20,0.40
2008.03.18 13:03:41.644,0.78175,0.7819,0.60,0.40
2008.03.18 13:03:41.913,0.78175,0.7819,0.60,0.40
2008.03.18 13:03:42.185,0.78175,0.7819,0.60,0.40
2008.03.18 13:03:42.454,0.78175,0.7819,2.80,0.20
2008.03.18 13:03:42.754,0.7818,0.78195,0.40,10.10
2008.03.18 13:03:43.054,0.7818,0.78195,0.60,2.00
2008.03.18 13:03:43.354,0.7818,0.782,0.60,1.10
2008.03.18 13:03:43.644,0.7818,0.78195,0.60,0.20
2008.03.18 13:03:43.934,0.7818,0.78195,0.40,0.20
2008.03.18 13:03:44.223,0.7818,0.78195,0.40,0.60
2008.03.18 13:03:44.512,0.78185,0.782,0.40,9.10
2008.03.18 13:03:44.847,0.78185,0.782,0.40,1.10
2008.03.18 13:03:45.181,0.78185,0.782,0.60,0.90
2008.03.18 13:03:45.515,0.78185,0.782,0.60,1.10
2008.03.18 13:03:45.749,0.78185,0.782,0.60,1.10
2008.03.18 13:03:45.984,0.78185,0.782,0.60,0.90
2008.03.18 13:03:46.219,0.78185,0.782,0.60,0.90
2008.03.18 13:03:46.455,0.7819,0.782,0.20,0.20
2008.03.18 13:03:46.783,0.7819,0.782,0.60,0.20
2008.03.18 13:03:47.113,0.7819,0.78205,0.60,11.30
2008.03.18 13:03:47.442,0.7819,0.78205,0.60,3.20
2008.03.18 13:03:47.702,0.7819,0.782,0.60,0.20
2008.03.18 13:03:47.961,0.7819,0.782,0.60,0.20
2008.03.18 13:03:48.220,0.7819,0.782,0.60,0.20
2008.03.18 13:03:48.479,0.7819,0.782,0.60,0.20
2008.03.18 13:03:48.768,0.7819,0.782,0.60,0.20
2008.03.18 13:03:49.058,0.7819,0.78205,0.60,8.80
2008.03.18 13:03:49.348,0.7819,0.78205,0.60,2.50
2008.03.18 13:03:49.682,0.7819,0.7821,0.60,13.90
2008.03.18 13:03:50.016,0.7819,0.78205,0.60,0.20
2008.03.18 13:03:50.350,0.7819,0.78205,0.60,0.90
2008.03.18 13:03:50.593,0.7819,0.782,0.60,0.20
2008.03.18 13:03:50.831,0.7819,0.782,0.60,0.20
2008.03.18 13:03:51.072,0.7819,0.782,0.60,0.20
2008.03.18 13:03:51.311,0.7819,0.782,0.60,0.20
2008.03.18 13:03:51.550,0.7819,0.78205,0.60,0.20
2008.03.18 13:03:51.837,0.7819,0.78205,0.60,0.20
2008.03.18 13:03:52.122,0.78185,0.782,0.60,0.20
2008.03.18 13:03:52.416,0.78185,0.782,0.60,0.40
2008.03.18 13:03:52.666,0.78185,0.782,0.60,0.40
2008.03.18 13:03:52.916,0.78185,0.782,0.40,0.40
2008.03.18 13:03:53.166,0.7818,0.782,0.60,0.40
2008.03.18 13:03:53.415,0.7818,0.782,0.60,0.40
2008.03.18 13:03:53.699,0.7818,0.782,0.60,0.40
2008.03.18 13:03:53.983,0.7818,0.782,0.60,0.40
2008.03.18 13:03:54.268,0.7818,0.782,0.60,0.40
2008.03.18 13:03:54.553,0.7818,0.782,0.60,0.40
2008.03.18 13:03:54.886,0.7818,0.782,0.60,0.40
2008.03.18 13:03:55.233,0.7818,0.782,0.60,0.40
2008.03.18 13:03:55.580,0.78185,0.782,0.20,0.40
2008.03.18 13:03:55.772,0.78185,0.782,0.20,0.40
2008.03.18 13:03:55.977,0.7819,0.782,0.20,0.20
2008.03.18 13:03:56.182,0.7819,0.782,0.20,0.20
2008.03.18 13:03:56.387,0.7819,0.782,0.20,0.20
2008.03.18 13:03:56.593,0.7819,0.782,0.20,0.20
2008.03.18 13:03:56.922,0.7819,0.782,0.20,0.20
2008.03.18 13:03:57.259,0.78185,0.782,0.60,0.20
2008.03.18 13:03:57.589,0.78185,0.782,0.60,0.20
2008.03.18 13:03:57.818,0.78185,0.782,0.60,0.20
2008.03.18 13:03:58.047,0.78185,0.782,0.60,0.20
2008.03.18 13:03:58.277,0.78185,0.782,0.60,0.20
2008.03.18 13:03:58.513,0.7819,0.782,0.20,0.20
2008.03.18 13:03:58.812,0.7819,0.782,0.60,0.20
2008.03.18 13:03:59.124,0.7819,0.782,0.60,0.20
2008.03.18 13:03:59.410,0.7819,0.782,0.60,0.20
2008.03.18 13:03:59.709,0.7819,0.782,1.20,0.20
2008.03.18 13:04:00.044,0.7819,0.782,1.20,0.20
2008.03.18 13:04:00.379,0.7819,0.782,1.20,0.20
2008.03.18 13:04:00.714,0.7819,0.782,1.20,0.20
2008.03.18 13:04:00.949,0.7819,0.782,1.20,0.20
2008.03.18 13:04:01.193,0.7819,0.782,1.20,0.20
2008.03.18 13:04:01.427,0.7819,0.782,1.20,0.20
2008.03.18 13:04:01.663,0.7819,0.782,1.20,0.20
2008.03.18 13:04:01.948,0.7819,0.782,1.20,0.20
2008.03.18 13:04:02.200,0.7819,0.782,1.20,0.20
2008.03.18 13:04:02.469,0.7819,0.782,1.20,0.20
2008.03.18 13:04:02.738,0.7819,0.782,1.20,0.20
2008.03.18 13:04:02.999,0.7819,0.782,1.20,0.20
2008.03.18 13:04:03.258,0.7819,0.782,1.20,0.20
2008.03.18 13:04:03.516,0.7819,0.782,1.20,0.20
2008.03.18 13:04:03.775,0.7819,0.782,1.20,0.20
2008.03.18 13:04:04.110,0.7819,0.782,0.90,0.20
2008.03.18 13:04:04.447,0.7819,0.78205,1.10,6.00
2008.03.18 13:04:04.781,0.7819,0.7821,8.30,1.90
2008.03.18 13:04:05.001,0.7819,0.7821,8.60,1.90
2008.03.18 13:04:05.220,0.7819,0.7821,1.40,1.10
2008.03.18 13:04:05.449,0.7819,0.7821,1.40,1.10
2008.03.18 13:04:05.666,0.7819,0.7821,1.40,1.10
2008.03.18 13:04:05.888,0.7819,0.7821,1.40,1.10
2008.03.18 13:04:06.223,0.7819,0.7821,1.40,1.10
2008.03.18 13:04:06.559,0.7819,0.7821,1.40,1.10
2008.03.18 13:04:06.893,0.7819,0.7821,1.40,1.10
2008.03.18 13:04:07.109,0.7819,0.7821,1.40,1.10
2008.03.18 13:04:07.324,0.7819,0.7821,1.40,1.10
2008.03.18 13:04:07.538,0.7819,0.7821,1.40,1.10
2008.03.18 13:04:07.752,0.7819,0.7821,0.60,1.10
2008.03.18 13:04:07.966,0.7819,0.7821,0.60,1.10
2008.03.18 13:04:08.301,0.7819,0.7821,0.60,1.10
2008.03.18 13:04:08.637,0.7819,0.7821,0.60,1.10
2008.03.18 13:04:08.970,0.7819,0.7821,0.60,1.10
2008.03.18 13:04:09.287,0.7819,0.7821,0.60,1.10
2008.03.18 13:04:09.600,0.7819,0.7821,0.60,1.10
2008.03.18 13:04:09.917,0.7819,0.7821,0.60,1.10
2008.03.18 13:04:10.146,0.7819,0.7821,0.60,1.10
2008.03.18 13:04:10.377,0.7819,0.7821,0.60,1.10
2008.03.18 13:04:10.622,0.7819,0.7821,0.60,1.10
2008.03.18 13:04:10.853,0.7819,0.7821,0.60,1.10
2008.03.18 13:04:11.082,0.7819,0.7821,0.60,1.10
2008.03.18 13:04:11.416,0.7819,0.7821,0.60,1.10
2008.03.18 13:04:11.750,0.7819,0.7821,0.60,1.10
2008.03.18 13:04:12.084,0.7819,0.7821,0.60,1.10
2008.03.18 13:04:12.298,0.7819,0.7821,0.60,1.10
2008.03.18 13:04:12.523,0.7819,0.7821,0.60,1.10
2008.03.18 13:04:12.737,0.7819,0.7821,0.60,1.10
2008.03.18 13:04:12.951,0.7819,0.7821,0.60,1.10
2008.03.18 13:04:13.249,0.7819,0.7821,0.60,1.10
2008.03.18 13:04:13.548,0.7819,0.7821,0.60,1.10
2008.03.18 13:04:13.847,0.7819,0.7821,0.60,1.10
2008.03.18 13:04:14.146,0.7819,0.7821,0.60,1.10
2008.03.18 13:04:14.479,0.7819,0.7821,0.60,1.10
2008.03.18 13:04:14.813,0.7819,0.7821,0.60,1.10
2008.03.18 13:04:15.147,0.7819,0.7821,0.60,1.10
2008.03.18 13:04:15.356,0.7819,0.7821,0.60,1.10
2008.03.18 13:04:15.564,0.7819,0.7821,0.60,1.10
2008.03.18 13:04:15.773,0.7819,0.7821,0.60,1.10
2008.03.18 13:04:15.981,0.7819,0.7821,0.60,1.10
2008.03.18 13:04:16.189,0.7819,0.7821,0.60,1.10
2008.03.18 13:04:16.507,0.7819,0.7821,0.60,1.10
2008.03.18 13:04:16.827,0.7819,0.7821,0.60,1.10
2008.03.18 13:04:17.146,0.7819,0.7821,0.60,1.10
2008.03.18 13:04:17.416,0.7819,0.7821,0.60,1.10
2008.03.18 13:04:17.684,0.7819,0.7821,0.60,1.10
2008.03.18 13:04:17.955,0.78195,0.7821,0.20,0.90
2008.03.18 13:04:18.224,0.78195,0.7821,0.20,0.90
2008.03.18 13:04:18.478,0.78195,0.7821,0.20,1.10
2008.03.18 13:04:18.732,0.78195,0.7821,0.20,1.10
2008.03.18 13:04:18.986,0.78195,0.7821,0.20,0.90
2008.03.18 13:04:19.240,0.78195,0.7821,0.60,0.90
2008.03.18 13:04:19.573,0.78195,0.7821,0.60,0.90
2008.03.18 13:04:19.908,0.78195,0.7821,0.20,0.90
2008.03.18 13:04:20.242,0.78195,0.7821,0.20,0.90
2008.03.18 13:04:20.455,0.78195,0.7821,0.20,0.90
2008.03.18 13:04:20.668,0.78195,0.7821,0.20,1.10
2008.03.18 13:04:20.883,0.78195,0.7821,0.20,1.10
2008.03.18 13:04:21.097,0.78195,0.7821,0.20,1.10
2008.03.18 13:04:21.311,0.78195,0.7821,0.20,1.10
2008.03.18 13:04:21.647,0.78195,0.7821,0.20,0.90
2008.03.18 13:04:21.981,0.78195,0.7821,0.20,0.90
2008.03.18 13:04:22.314,0.78195,0.7821,0.20,0.90
2008.03.18 13:04:22.549,0.78195,0.7821,0.20,0.90
2008.03.18 13:04:22.782,0.78195,0.7821,0.20,0.90
2008.03.18 13:04:23.016,0.7819,0.7821,0.60,1.10
2008.03.18 13:04:23.250,0.7819,0.7821,0.60,1.10
2008.03.18 13:04:23.559,0.7819,0.7821,0.60,1.10
2008.03.18 13:04:23.872,0.7819,0.78205,0.60,0.80
2008.03.18 13:04:24.180,0.7819,0.78205,0.60,0.80
2008.03.18 13:04:24.492,0.7819,0.78205,0.60,0.80
2008.03.18 13:04:24.827,0.7819,0.78205,0.60,0.80
2008.03.18 13:04:25.160,0.7819,0.78205,0.60,0.80
2008.03.18 13:04:25.493,0.7819,0.78205,0.60,0.80
2008.03.18 13:04:25.716,0.7819,0.78205,0.60,0.80
2008.03.18 13:04:25.940,0.7819,0.78205,0.60,0.80
2008.03.18 13:04:26.164,0.7819,0.78205,0.60,0.80
2008.03.18 13:04:26.387,0.7819,0.78205,0.60,0.80
2008.03.18 13:04:26.657,0.7819,0.78205,0.40,3.20
2008.03.18 13:04:26.928,0.7819,0.782,0.40,0.20
2008.03.18 13:04:27.197,0.7819,0.782,0.40,0.90
2008.03.18 13:04:27.465,0.7819,0.782,0.40,0.90
2008.03.18 13:04:27.755,0.7819,0.782,0.20,0.90
2008.03.18 13:04:28.046,0.7819,0.782,0.20,0.90
2008.03.18 13:04:28.335,0.7819,0.782,0.90,0.90
2008.03.18 13:04:28.604,0.7819,0.782,0.20,0.90
2008.03.18 13:04:28.872,0.7819,0.782,0.20,0.90
2008.03.18 13:04:29.143,0.7819,0.782,0.20,0.90
2008.03.18 13:04:29.416,0.7819,0.782,0.20,0.90
2008.03.18 13:04:29.749,0.7819,0.782,0.20,0.90
2008.03.18 13:04:30.082,0.7819,0.782,0.20,0.90
2008.03.18 13:04:30.417,0.7819,0.782,0.20,0.90
2008.03.18 13:04:30.627,0.7819,0.782,0.20,0.90
2008.03.18 13:04:30.837,0.7819,0.782,0.20,0.90
2008.03.18 13:04:31.063,0.7819,0.782,0.20,0.90
2008.03.18 13:04:31.272,0.7819,0.782,0.20,0.90
2008.03.18 13:04:31.484,0.7819,0.782,0.20,0.90
2008.03.18 13:04:31.813,0.7819,0.782,0.20,0.90
2008.03.18 13:04:32.142,0.7819,0.782,0.20,0.90
2008.03.18 13:04:32.474,0.7819,0.782,0.20,0.90
2008.03.18 13:04:32.709,0.7819,0.782,0.90,0.90
2008.03.18 13:04:32.943,0.7819,0.782,0.90,0.90
2008.03.18 13:04:33.179,0.7819,0.782,1.10,0.90
2008.03.18 13:04:33.412,0.7819,0.782,0.40,0.90
2008.03.18 13:04:33.742,0.7819,0.782,0.40,0.90
2008.03.18 13:04:34.072,0.7819,0.782,0.20,0.20
2008.03.18 13:04:34.406,0.7819,0.782,0.20,0.20
2008.03.18 13:04:34.752,0.7819,0.782,0.20,0.20
2008.03.18 13:04:35.101,0.7819,0.782,0.20,0.20
2008.03.18 13:04:35.437,0.7819,0.782,0.80,1.10
2008.03.18 13:04:35.665,0.7819,0.782,0.80,1.10
2008.03.18 13:04:35.890,0.7819,0.782,0.80,1.10
2008.03.18 13:04:36.117,0.7819,0.782,0.80,0.90
2008.03.18 13:04:36.318,0.7819,0.782,0.80,0.90
2008.03.18 13:04:36.532,0.7819,0.782,0.80,0.90
2008.03.18 13:04:36.868,0.78185,0.782,0.40,1.10
2008.03.18 13:04:37.202,0.78185,0.782,0.60,1.10
2008.03.18 13:04:37.538,0.78185,0.782,0.40,1.10
2008.03.18 13:04:37.776,0.78185,0.782,0.40,1.10
2008.03.18 13:04:38.017,0.78185,0.782,0.60,1.10
2008.03.18 13:04:38.257,0.7819,0.782,0.20,1.10
2008.03.18 13:04:38.497,0.7819,0.782,0.80,1.10
2008.03.18 13:04:38.801,0.7819,0.782,0.90,1.10
2008.03.18 13:04:39.107,0.7819,0.782,0.80,1.10
2008.03.18 13:04:39.411,0.7819,0.782,0.20,1.10
2008.03.18 13:04:39.716,0.7819,0.782,0.20,1.10
2008.03.18 13:04:40.060,0.7819,0.782,0.90,0.90
2008.03.18 13:04:40.394,0.7819,0.782,0.90,0.90
2008.03.18 13:04:40.728,0.7819,0.782,0.90,0.90
2008.03.18 13:04:40.971,0.7819,0.782,0.90,0.90
2008.03.18 13:04:41.218,0.7819,0.782,0.90,0.90
2008.03.18 13:04:41.463,0.7819,0.782,0.90,1.10
2008.03.18 13:04:41.709,0.78185,0.782,0.20,1.10
2008.03.18 13:04:42.013,0.7818,0.782,0.60,1.10
2008.03.18 13:04:42.317,0.7818,0.782,0.60,1.10
2008.03.18 13:04:42.622,0.7818,0.782,0.60,1.10
2008.03.18 13:04:42.872,0.7818,0.782,0.60,1.10
2008.03.18 13:04:43.134,0.7818,0.782,0.60,1.10
2008.03.18 13:04:43.372,0.7818,0.782,0.60,1.10
2008.03.18 13:04:43.620,0.7818,0.782,0.60,1.10
2008.03.18 13:04:43.903,0.7818,0.782,0.60,1.10
2008.03.18 13:04:44.187,0.7818,0.782,0.60,1.10
2008.03.18 13:04:44.471,0.7818,0.782,0.60,1.10
2008.03.18 13:04:44.755,0.7818,0.782,0.60,1.10
2008.03.18 13:04:45.106,0.7818,0.782,0.60,1.10
2008.03.18 13:04:45.439,0.7818,0.782,0.60,1.10
2008.03.18 13:04:45.774,0.7818,0.782,0.60,1.10
2008.03.18 13:04:46.015,0.78185,0.782,0.20,1.10
2008.03.18 13:04:46.246,0.7819,0.782,0.20,1.10
2008.03.18 13:04:46.474,0.7819,0.782,0.20,0.90
2008.03.18 13:04:46.705,0.7819,0.782,0.20,0.90
2008.03.18 13:04:47.009,0.7819,0.782,0.20,1.10
2008.03.18 13:04:47.315,0.7819,0.782,0.20,1.10
2008.03.18 13:04:47.619,0.7819,0.782,0.20,1.10
2008.03.18 13:04:47.923,0.7819,0.782,0.20,1.10
2008.03.18 13:04:48.202,0.7819,0.782,0.20,1.10
2008.03.18 13:04:48.482,0.7819,0.782,0.20,1.10
2008.03.18 13:04:48.762,0.7819,0.782,0.20,1.10
2008.03.18 13:04:49.026,0.7819,0.782,0.20,1.10
2008.03.18 13:04:49.292,0.7819,0.782,0.20,1.10
2008.03.18 13:04:49.557,0.7819,0.782,0.20,1.10
2008.03.18 13:04:49.820,0.7819,0.782,0.20,1.10
2008.03.18 13:04:50.167,0.7819,0.782,0.20,1.10
2008.03.18 13:04:50.500,0.7819,0.782,0.20,1.10
2008.03.18 13:04:50.835,0.7819,0.782,0.20,1.10
2008.03.18 13:04:51.049,0.7819,0.782,0.20,1.10
2008.03.18 13:04:51.262,0.7819,0.782,0.20,1.10
2008.03.18 13:04:51.481,0.7819,0.782,0.20,1.10
2008.03.18 13:04:51.696,0.7819,0.782,0.20,0.90
2008.03.18 13:04:51.910,0.7819,0.782,0.20,0.90
2008.03.18 13:04:52.230,0.7819,0.782,0.20,0.90
2008.03.18 13:04:52.548,0.7819,0.782,0.20,0.90
2008.03.18 13:04:52.866,0.7819,0.782,0.20,0.90
2008.03.18 13:04:53.089,0.7819,0.782,0.20,0.90
2008.03.18 13:04:53.313,0.7819,0.782,0.20,0.90
2008.03.18 13:04:53.539,0.7819,0.782,0.20,0.90
2008.03.18 13:04:53.825,0.7819,0.782,0.20,0.90
2008.03.18 13:04:54.049,0.7819,0.782,0.20,0.90
2008.03.18 13:04:54.383,0.7819,0.782,0.20,0.90
2008.03.18 13:04:54.716,0.7819,0.782,0.20,1.10
2008.03.18 13:04:55.052,0.7819,0.782,0.20,1.10
2008.03.18 13:04:55.272,0.7819,0.782,0.20,1.10
2008.03.18 13:04:55.492,0.7818,0.782,8.60,1.10
2008.03.18 13:04:55.711,0.7818,0.782,8.60,1.10
2008.03.18 13:04:55.931,0.7818,0.782,8.60,1.10
2008.03.18 13:04:56.262,0.7818,0.782,8.60,1.10
2008.03.18 13:04:56.597,0.7818,0.782,8.60,1.10
2008.03.18 13:04:56.939,0.7818,0.78195,8.60,0.80
2008.03.18 13:04:57.174,0.7818,0.78195,8.60,0.80
2008.03.18 13:04:57.407,0.7818,0.78195,8.60,0.80
2008.03.18 13:04:57.642,0.7818,0.78195,8.60,0.80
2008.03.18 13:04:57.877,0.7818,0.78195,8.60,0.80
2008.03.18 13:04:58.171,0.7818,0.78195,8.60,0.80
2008.03.18 13:04:58.467,0.7818,0.78195,8.60,0.80
2008.03.18 13:04:58.769,0.7819,0.78195,0.20,0.80
2008.03.18 13:04:59.077,0.7819,0.78195,0.20,0.80
2008.03.18 13:04:59.412,0.7819,0.78195,0.20,0.80
2008.03.18 13:04:59.747,0.7818,0.78195,8.60,0.80
2008.03.18 13:05:00.082,0.7819,0.78195,0.20,0.80
2008.03.18 13:05:00.297,0.7819,0.78195,0.20,0.80
2008.03.18 13:05:00.510,0.7819,0.78195,0.20,0.80
2008.03.18 13:05:00.724,0.7819,0.78195,0.20,0.80
2008.03.18 13:05:00.938,0.7819,0.78195,0.20,0.80
2008.03.18 13:05:01.238,0.7819,0.78195,0.20,0.80
2008.03.18 13:05:01.537,0.7819,0.78195,0.20,0.80
2008.03.18 13:05:01.836,0.7819,0.78195,0.20,0.80
2008.03.18 13:05:02.148,0.7819,0.78195,0.20,0.80
2008.03.18 13:05:02.419,0.7819,0.78195,0.20,0.80
2008.03.18 13:05:02.683,0.7819,0.78195,0.20,0.80
2008.03.18 13:05:02.948,0.7819,0.78195,0.20,0.80
2008.03.18 13:05:03.231,0.7819,0.78195,0.20,0.80
2008.03.18 13:05:03.516,0.7819,0.78195,0.20,0.80
2008.03.18 13:05:03.812,0.7818,0.78195,8.60,0.80
2008.03.18 13:05:04.096,0.7818,0.78195,8.60,0.80
2008.03.18 13:05:04.429,0.7818,0.78195,8.60,0.80
2008.03.18 13:05:04.765,0.7818,0.782,8.60,0.40
2008.03.18 13:05:05.100,0.7818,0.7819,8.60,0.20
2008.03.18 13:05:05.325,0.7818,0.782,8.60,0.40
2008.03.18 13:05:05.550,0.7818,0.782,0.60,0.40
2008.03.18 13:05:05.774,0.78185,0.782,0.40,0.40
2008.03.18 13:05:05.999,0.78185,0.782,0.40,0.40
2008.03.18 13:05:06.324,0.7819,0.78205,0.40,14.00
2008.03.18 13:05:06.649,0.7819,0.78205,0.20,3.30
2008.03.18 13:05:06.974,0.78185,0.78205,0.60,5.30
2008.03.18 13:05:07.298,0.7819,0.78205,0.20,5.30
2008.03.18 13:05:07.557,0.7819,0.78205,0.20,5.30
2008.03.18 13:05:07.816,0.7819,0.78205,0.20,3.30
2008.03.18 13:05:08.075,0.7819,0.78205,0.20,3.30
2008.03.18 13:05:08.345,0.7819,0.78205,0.20,3.30
2008.03.18 13:05:08.614,0.7819,0.78205,0.20,3.30
2008.03.18 13:05:08.885,0.7819,0.78205,0.20,3.30
2008.03.18 13:05:09.153,0.7819,0.78205,0.20,3.30
2008.03.18 13:05:09.488,0.7819,0.78205,0.20,3.30
2008.03.18 13:05:09.822,0.7819,0.78205,0.20,3.30
2008.03.18 13:05:10.154,0.7819,0.78205,0.20,3.30
2008.03.18 13:05:10.399,0.78185,0.78205,0.60,5.30
2008.03.18 13:05:10.643,0.78185,0.782,0.60,0.20
2008.03.18 13:05:10.887,0.78185,0.782,0.60,0.20
2008.03.18 13:05:11.133,0.78185,0.782,4.40,0.20
2008.03.18 13:05:11.442,0.7819,0.782,0.20,0.20
2008.03.18 13:05:11.751,0.7819,0.782,0.20,0.20
2008.03.18 13:05:12.061,0.7819,0.782,0.20,0.20
2008.03.18 13:05:12.370,0.7819,0.782,0.20,0.20
2008.03.18 13:05:12.645,0.7819,0.782,0.20,0.20
2008.03.18 13:05:12.909,0.7819,0.782,0.20,0.20
2008.03.18 13:05:13.171,0.7819,0.782,0.20,0.20
2008.03.18 13:05:13.407,0.7819,0.782,0.20,0.20
2008.03.18 13:05:13.643,0.7819,0.782,0.20,0.20
2008.03.18 13:05:13.878,0.7819,0.782,0.20,0.20
2008.03.18 13:05:14.114,0.7819,0.782,0.20,1.10
2008.03.18 13:05:14.348,0.7818,0.782,8.30,1.10
2008.03.18 13:05:14.685,0.7818,0.782,8.30,1.90
2008.03.18 13:05:15.020,0.7818,0.782,8.60,1.90
2008.03.18 13:05:15.355,0.7818,0.782,8.60,1.90
2008.03.18 13:05:15.589,0.7818,0.782,8.30,1.90
2008.03.18 13:05:15.827,0.7818,0.782,8.30,1.90
2008.03.18 13:05:16.061,0.7818,0.782,0.40,1.90
2008.03.18 13:05:16.311,0.7818,0.782,0.40,1.90
2008.03.18 13:05:16.648,0.7818,0.782,0.40,1.90
2008.03.18 13:05:16.982,0.7818,0.782,0.40,1.90
2008.03.18 13:05:17.321,0.7818,0.782,0.40,1.90
2008.03.18 13:05:17.549,0.7818,0.782,0.40,1.90
2008.03.18 13:05:17.773,0.7818,0.782,0.40,1.90
2008.03.18 13:05:17.998,0.7818,0.782,0.40,1.90
2008.03.18 13:05:18.222,0.7818,0.782,0.40,1.90
2008.03.18 13:05:18.445,0.7818,0.782,0.40,1.90
2008.03.18 13:05:18.800,0.7818,0.782,0.40,1.90
2008.03.18 13:05:19.147,0.7818,0.782,0.40,1.90
2008.03.18 13:05:19.486,0.7818,0.782,0.40,1.90
2008.03.18 13:05:19.829,0.78175,0.7819,8.40,0.20
2008.03.18 13:05:20.153,0.78175,0.7819,0.60,1.10
2008.03.18 13:05:20.488,0.78175,0.7819,0.60,1.10
2008.03.18 13:05:20.714,0.78175,0.7819,0.60,0.90
2008.03.18 13:05:20.937,0.78175,0.7819,0.60,0.20
2008.03.18 13:05:21.162,0.78175,0.7819,0.60,0.20
2008.03.18 13:05:21.386,0.78175,0.7819,0.60,0.20
2008.03.18 13:05:21.706,0.78175,0.7819,0.60,0.20
2008.03.18 13:05:22.023,0.78175,0.7819,0.60,0.20
2008.03.18 13:05:22.341,0.78175,0.7819,0.60,0.20
2008.03.18 13:05:22.587,0.78175,0.7819,0.40,0.40
2008.03.18 13:05:22.831,0.78175,0.7819,0.40,1.10
2008.03.18 13:05:23.076,0.78175,0.78185,0.40,0.80
2008.03.18 13:05:23.321,0.78175,0.78185,0.40,0.80
2008.03.18 13:05:23.608,0.78175,0.7819,0.40,0.40
2008.03.18 13:05:23.876,0.78175,0.7819,0.40,0.40
2008.03.18 13:05:24.145,0.78175,0.7819,0.40,0.40
2008.03.18 13:05:24.413,0.78175,0.7819,0.40,0.40
2008.03.18 13:05:24.748,0.78175,0.7819,0.40,0.40
2008.03.18 13:05:25.085,0.78175,0.7819,0.60,0.20
2008.03.18 13:05:25.420,0.7818,0.7819,0.20,0.40
2008.03.18 13:05:25.651,0.7817,0.7819,1.20,0.40
2008.03.18 13:05:25.879,0.7817,0.7819,1.20,0.40
2008.03.18 13:05:26.108,0.7817,0.7819,0.60,0.40
2008.03.18 13:05:26.338,0.78175,0.7819,0.60,0.40
2008.03.18 13:05:26.574,0.78175,0.7819,0.40,0.40
2008.03.18 13:05:26.920,0.78175,0.7819,0.40,0.40
2008.03.18 13:05:27.259,0.78175,0.7819,0.40,0.40
2008.03.18 13:05:27.592,0.78175,0.7819,0.40,0.40
2008.03.18 13:05:27.850,0.7817,0.7819,0.60,1.10
2008.03.18 13:05:28.088,0.7817,0.7819,0.60,1.10
2008.03.18 13:05:28.326,0.7817,0.7819,0.60,1.10
2008.03.18 13:05:28.567,0.7817,0.7819,0.60,1.10
2008.03.18 13:05:28.871,0.7817,0.7819,0.60,1.10
2008.03.18 13:05:29.176,0.7817,0.7819,0.60,1.10
2008.03.18 13:05:29.480,0.7817,0.7819,0.60,1.10
2008.03.18 13:05:29.821,0.7817,0.7819,0.60,1.10
2008.03.18 13:05:30.165,0.7817,0.7818,0.60,0.20
2008.03.18 13:05:30.496,0.7817,0.7819,0.60,1.10
2008.03.18 13:05:30.750,0.7817,0.7819,0.60,1.10
2008.03.18 13:05:30.976,0.7817,0.7819,0.60,1.10
2008.03.18 13:05:31.215,0.7817,0.78185,0.20,2.40
2008.03.18 13:05:31.456,0.78165,0.7818,12.40,0.20
2008.03.18 13:05:31.697,0.78165,0.78185,8.40,5.30
2008.03.18 13:05:32.017,0.7816,0.7818,4.60,0.90
2008.03.18 13:05:32.336,0.7816,0.78175,12.60,0.80
2008.03.18 13:05:32.671,0.7816,0.78175,8.60,3.20
2008.03.18 13:05:32.940,0.7816,0.78175,8.60,0.80
2008.03.18 13:05:33.211,0.7816,0.78175,8.60,0.80
2008.03.18 13:05:33.486,0.78165,0.78175,0.20,0.80
2008.03.18 13:05:33.755,0.78165,0.7818,0.20,1.70
2008.03.18 13:05:34.031,0.78165,0.7818,0.20,0.80
2008.03.18 13:05:34.306,0.78165,0.7818,0.20,0.80
2008.03.18 13:05:34.580,0.78165,0.7818,0.20,0.80
2008.03.18 13:05:34.917,0.78165,0.7818,0.20,0.90
2008.03.18 13:05:35.250,0.7816,0.7818,8.60,0.90
2008.03.18 13:05:35.585,0.7816,0.7818,0.60,0.90
2008.03.18 13:05:35.820,0.7816,0.7818,8.60,0.90
2008.03.18 13:05:36.055,0.78165,0.7818,0.20,0.90
2008.03.18 13:05:36.289,0.7816,0.7818,0.40,0.90
2008.03.18 13:05:36.532,0.7816,0.7818,0.40,0.90
2008.03.18 13:05:36.766,0.7816,0.7818,8.30,0.90
2008.03.18 13:05:37.070,0.78165,0.7818,0.20,0.90
2008.03.18 13:05:37.374,0.78165,0.7818,0.20,0.90
2008.03.18 13:05:37.692,0.78165,0.7818,0.20,0.90
2008.03.18 13:05:37.967,0.78165,0.7818,0.20,0.90
2008.03.18 13:05:38.260,0.78165,0.7818,0.20,0.90
2008.03.18 13:05:38.533,0.78165,0.7818,0.20,0.90
2008.03.18 13:05:38.918,0.78165,0.7818,0.20,0.90
2008.03.18 13:05:39.187,0.78165,0.7818,0.20,0.90
2008.03.18 13:05:39.456,0.78165,0.7818,0.20,0.90
2008.03.18 13:05:39.724,0.78165,0.7818,0.20,0.90
2008.03.18 13:05:40.058,0.78165,0.7818,0.20,0.90
2008.03.18 13:05:40.392,0.78165,0.7818,0.20,0.90
2008.03.18 13:05:40.726,0.78165,0.7818,0.20,0.90
2008.03.18 13:05:40.954,0.78165,0.7818,0.20,0.90
2008.03.18 13:05:41.185,0.78165,0.7818,0.20,0.90
2008.03.18 13:05:41.414,0.78165,0.7818,0.20,0.90
2008.03.18 13:05:41.643,0.78165,0.7818,0.20,0.90
2008.03.18 13:05:41.871,0.78165,0.7818,0.20,0.90
2008.03.18 13:05:42.167,0.78165,0.7818,0.20,0.90
2008.03.18 13:05:42.460,0.78165,0.7818,0.20,0.90
2008.03.18 13:05:42.754,0.78165,0.7818,0.20,0.90
2008.03.18 13:05:43.033,0.78165,0.7818,0.20,0.90
2008.03.18 13:05:43.312,0.78165,0.7818,0.20,0.90
2008.03.18 13:05:43.591,0.78165,0.7818,0.20,0.90
2008.03.18 13:05:43.869,0.78165,0.7818,0.20,0.90
2008.03.18 13:05:44.128,0.78165,0.7818,0.20,0.90
2008.03.18 13:05:44.389,0.78165,0.7818,0.20,0.90
2008.03.18 13:05:44.647,0.78165,0.7818,0.20,0.90
2008.03.18 13:05:44.907,0.78165,0.7818,0.60,0.90
2008.03.18 13:05:45.241,0.78165,0.7818,0.60,0.90
2008.03.18 13:05:45.586,0.78165,0.7818,0.60,0.90
2008.03.18 13:05:45.921,0.78165,0.7818,0.60,0.90
2008.03.18 13:05:46.146,0.78165,0.7818,0.40,0.90
2008.03.18 13:05:46.369,0.7816,0.7818,0.60,1.10
2008.03.18 13:05:46.594,0.7816,0.7818,0.60,1.10
2008.03.18 13:05:46.819,0.7816,0.7818,0.60,0.90
2008.03.18 13:05:47.148,0.7816,0.7818,8.60,0.90
2008.03.18 13:05:47.478,0.78165,0.7818,0.60,0.80
2008.03.18 13:05:47.809,0.78165,0.78185,0.60,5.30
2008.03.18 13:05:48.137,0.78165,0.7818,0.60,0.20
2008.03.18 13:05:48.364,0.7816,0.7817,0.60,0.20
2008.03.18 13:05:48.587,0.7816,0.78175,0.60,0.20
2008.03.18 13:05:48.813,0.7816,0.7817,0.60,0.20
2008.03.18 13:05:49.150,0.7816,0.7817,0.40,0.20
2008.03.18 13:05:49.484,0.7816,0.78175,0.40,3.20
2008.03.18 13:05:49.818,0.7816,0.7817,0.20,0.20
2008.03.18 13:05:50.153,0.7816,0.7817,0.20,0.20
2008.03.18 13:05:50.485,0.7816,0.7817,0.20,0.20
2008.03.18 13:05:50.820,0.7816,0.7817,0.20,0.90
2008.03.18 13:05:51.172,0.7816,0.7817,0.20,0.90
2008.03.18 13:05:51.407,0.7816,0.7817,0.20,0.90
2008.03.18 13:05:51.637,0.7816,0.7817,0.40,0.90
2008.03.18 13:05:51.866,0.7816,0.7817,0.60,0.90
2008.03.18 13:05:52.203,0.7816,0.7817,0.40,0.20
2008.03.18 13:05:52.537,0.7816,0.7817,0.60,0.20
2008.03.18 13:05:52.874,0.7816,0.7817,0.40,0.20
2008.03.18 13:05:53.113,0.7816,0.7817,0.40,0.20
2008.03.18 13:05:53.352,0.7816,0.7817,0.40,0.20
2008.03.18 13:05:53.595,0.7816,0.7817,0.60,0.20
2008.03.18 13:05:53.833,0.7816,0.78175,0.60,0.80
2008.03.18 13:05:54.072,0.7816,0.78175,8.60,0.80
2008.03.18 13:05:54.406,0.7816,0.78175,0.60,0.80
2008.03.18 13:05:54.741,0.7816,0.78175,0.60,0.80
2008.03.18 13:05:55.076,0.7816,0.78175,0.60,0.80
2008.03.18 13:05:55.314,0.7816,0.78175,0.60,0.80
2008.03.18 13:05:55.553,0.78165,0.7818,0.40,0.40
2008.03.18 13:05:55.803,0.7816,0.7818,0.60,0.40
2008.03.18 13:05:56.042,0.7816,0.7818,0.60,0.40
2008.03.18 13:05:56.377,0.7816,0.7818,0.60,0.40
2008.03.18 13:05:56.714,0.7816,0.7818,8.60,1.10
2008.03.18 13:05:57.047,0.7816,0.7818,8.60,1.10
2008.03.18 13:05:57.287,0.7816,0.7818,8.60,1.10
2008.03.18 13:05:57.528,0.7816,0.78175,8.60,0.80
2008.03.18 13:05:57.767,0.7816,0.78175,0.60,0.80
2008.03.18 13:05:58.005,0.7816,0.78175,0.60,0.80
2008.03.18 13:05:58.339,0.7816,0.78175,0.60,0.80
2008.03.18 13:05:58.673,0.7816,0.78175,0.60,0.80
2008.03.18 13:05:59.007,0.7816,0.78175,0.60,0.80
2008.03.18 13:05:59.342,0.7816,0.78175,0.60,0.80
2008.03.18 13:05:59.676,0.7816,0.78175,0.40,3.30
2008.03.18 13:06:00.010,0.7816,0.78175,0.40,0.90
2008.03.18 13:06:00.246,0.7816,0.78175,0.20,7.30
2008.03.18 13:06:00.480,0.7816,0.78175,0.40,4.90
2008.03.18 13:06:00.715,0.7816,0.78175,0.20,0.90
2008.03.18 13:06:00.949,0.7816,0.78175,0.40,3.30
2008.03.18 13:06:01.184,0.7816,0.7817,0.20,0.20
2008.03.18 13:06:01.519,0.7816,0.7817,0.20,0.20
2008.03.18 13:06:01.854,0.78155,0.7817,16.00,0.20
2008.03.18 13:06:02.200,0.7816,0.78175,0.20,0.90
2008.03.18 13:06:02.435,0.7816,0.78175,0.40,0.90
2008.03.18 13:06:02.669,0.7816,0.78175,0.40,0.90
2008.03.18 13:06:02.904,0.7816,0.78175,0.60,0.90
2008.03.18 13:06:03.141,0.7816,0.78175,0.60,0.90
2008.03.18 13:06:03.465,0.7816,0.78175,0.60,0.80
2008.03.18 13:06:03.789,0.7816,0.78175,0.60,0.80
2008.03.18 13:06:04.113,0.7816,0.78175,0.60,0.80
2008.03.18 13:06:04.447,0.7816,0.7818,0.60,1.10
2008.03.18 13:06:04.781,0.7816,0.7818,0.60,1.10
2008.03.18 13:06:05.115,0.7816,0.7818,0.60,1.10
2008.03.18 13:06:05.340,0.7816,0.7818,0.60,1.10
2008.03.18 13:06:05.567,0.7816,0.7818,0.60,1.10
2008.03.18 13:06:05.805,0.7816,0.7818,0.60,1.10
2008.03.18 13:06:06.049,0.7816,0.7818,0.60,1.10
2008.03.18 13:06:06.370,0.7816,0.7817,0.60,0.20
2008.03.18 13:06:06.692,0.7816,0.78175,0.60,4.90
2008.03.18 13:06:07.013,0.7816,0.78175,0.60,0.80
2008.03.18 13:06:07.278,0.78165,0.78175,0.20,0.80
2008.03.18 13:06:07.544,0.78165,0.7818,0.20,0.90
2008.03.18 13:06:07.808,0.7817,0.7818,0.20,0.80
2008.03.18 13:06:08.071,0.7817,0.7818,0.20,0.80
2008.03.18 13:06:08.355,0.78165,0.7818,2.50,0.80
2008.03.18 13:06:08.634,0.78165,0.7818,0.20,0.80
2008.03.18 13:06:08.913,0.78165,0.7818,0.20,0.80
2008.03.18 13:06:09.191,0.78165,0.7818,0.20,0.80
2008.03.18 13:06:09.525,0.78165,0.7818,0.20,0.80
2008.03.18 13:06:09.860,0.78165,0.7818,0.20,0.80
2008.03.18 13:06:10.194,0.78165,0.7818,0.20,0.90
2008.03.18 13:06:10.438,0.78165,0.7818,0.20,0.90
2008.03.18 13:06:10.681,0.78165,0.7818,0.20,0.90
2008.03.18 13:06:10.927,0.78165,0.7818,0.20,0.90
2008.03.18 13:06:11.172,0.78165,0.7818,0.20,0.80
2008.03.18 13:06:11.486,0.78165,0.7818,0.60,0.80
2008.03.18 13:06:11.801,0.78165,0.7818,0.60,0.90
2008.03.18 13:06:12.115,0.78165,0.78185,0.60,5.60
2008.03.18 13:06:12.430,0.78165,0.78185,0.60,5.60
2008.03.18 13:06:12.684,0.78165,0.78185,0.60,5.90
2008.03.18 13:06:12.924,0.78165,0.7818,0.60,0.80
2008.03.18 13:06:13.162,0.78165,0.7818,0.60,0.80
2008.03.18 13:06:13.486,0.78165,0.7818,0.60,0.80
2008.03.18 13:06:13.813,0.78165,0.7818,0.60,0.80
2008.03.18 13:06:14.138,0.78165,0.7818,0.20,0.80
2008.03.18 13:06:14.471,0.78165,0.7818,0.20,0.80
2008.03.18 13:06:14.805,0.78165,0.7818,0.60,0.80
2008.03.18 13:06:15.139,0.78165,0.7818,0.60,0.80
2008.03.18 13:06:15.475,0.78165,0.7818,0.60,0.80
2008.03.18 13:06:15.714,0.78165,0.7818,0.60,0.80
2008.03.18 13:06:15.954,0.78165,0.7818,0.60,0.80
2008.03.18 13:06:16.204,0.7817,0.7818,0.20,0.80
2008.03.18 13:06:16.500,0.7817,0.7818,0.20,0.80
2008.03.18 13:06:16.783,0.7817,0.7818,0.20,0.80
2008.03.18 13:06:17.056,0.7817,0.7818,0.20,0.80
2008.03.18 13:06:17.341,0.7817,0.7818,0.20,0.80
2008.03.18 13:06:17.635,0.7817,0.7818,0.20,0.80
2008.03.18 13:06:17.929,0.7817,0.7818,0.20,0.80
2008.03.18 13:06:18.223,0.7817,0.7818,0.20,0.80
2008.03.18 13:06:18.477,0.7817,0.7818,0.20,0.80
2008.03.18 13:06:18.731,0.7817,0.7818,0.20,0.80
2008.03.18 13:06:18.985,0.7817,0.7818,0.20,0.80
2008.03.18 13:06:19.241,0.78165,0.7818,10.80,0.80
2008.03.18 13:06:19.579,0.78165,0.7818,2.80,0.80
2008.03.18 13:06:19.913,0.78165,0.7818,0.60,0.80
2008.03.18 13:06:20.248,0.78165,0.78185,0.60,4.50
2008.03.18 13:06:20.483,0.78165,0.78185,0.60,4.50
2008.03.18 13:06:20.714,0.7817,0.78185,0.40,2.10
2008.03.18 13:06:20.943,0.7817,0.78185,0.40,0.20
2008.03.18 13:06:21.187,0.7817,0.78185,0.40,0.20
2008.03.18 13:06:21.434,0.7817,0.78185,0.40,0.20
2008.03.18 13:06:21.764,0.7817,0.78185,0.40,6.10
2008.03.18 13:06:22.113,0.7817,0.78185,0.40,2.10
2008.03.18 13:06:22.454,0.7817,0.78185,0.40,2.10
2008.03.18 13:06:22.688,0.7817,0.78185,0.40,2.10
2008.03.18 13:06:22.920,0.7817,0.78185,0.40,2.10
2008.03.18 13:06:23.157,0.7817,0.78185,0.40,2.10
2008.03.18 13:06:23.390,0.7817,0.78185,0.40,2.10
2008.03.18 13:06:23.699,0.7817,0.78185,0.40,2.10
2008.03.18 13:06:24.008,0.7817,0.78185,0.40,2.10
2008.03.18 13:06:24.317,0.7817,0.78185,0.40,2.10
2008.03.18 13:06:24.652,0.7817,0.78185,0.40,2.10
2008.03.18 13:06:24.987,0.7817,0.7819,0.60,9.90
2008.03.18 13:06:25.322,0.7817,0.7819,0.60,1.10
2008.03.18 13:06:25.546,0.7817,0.7819,0.60,1.10
2008.03.18 13:06:25.773,0.7817,0.7819,0.60,1.90
2008.03.18 13:06:26.005,0.7817,0.7819,0.60,1.90
2008.03.18 13:06:26.225,0.7817,0.7819,0.60,1.90
2008.03.18 13:06:26.449,0.7817,0.7819,0.60,1.90
2008.03.18 13:06:26.796,0.7817,0.7819,0.60,1.10
2008.03.18 13:06:27.128,0.7817,0.7819,0.60,1.10
2008.03.18 13:06:27.463,0.7817,0.7819,0.60,1.10
2008.03.18 13:06:27.678,0.7817,0.7819,0.60,1.10
2008.03.18 13:06:27.893,0.7817,0.78185,0.40,0.90
2008.03.18 13:06:28.106,0.7817,0.78185,0.40,0.90
2008.03.18 13:06:28.320,0.7817,0.78185,0.40,0.90
2008.03.18 13:06:28.534,0.7817,0.78185,0.40,0.90
2008.03.18 13:06:28.869,0.7817,0.78185,0.40,0.90
2008.03.18 13:06:29.201,0.7817,0.78185,0.40,0.90
2008.03.18 13:06:29.535,0.7817,0.78185,0.40,0.90
2008.03.18 13:06:29.870,0.7817,0.78185,0.40,0.90
2008.03.18 13:06:30.203,0.7817,0.78185,0.40,0.90
2008.03.18 13:06:30.538,0.7817,0.78185,0.40,1.70
2008.03.18 13:06:30.773,0.7817,0.78185,0.60,1.70
2008.03.18 13:06:31.008,0.7817,0.78185,0.60,1.70
2008.03.18 13:06:31.253,0.7817,0.78185,0.60,1.70
2008.03.18 13:06:31.487,0.7817,0.78185,0.60,1.70
2008.03.18 13:06:31.719,0.7817,0.78185,0.60,1.70
2008.03.18 13:06:32.052,0.7817,0.78185,0.60,1.70
2008.03.18 13:06:32.387,0.7817,0.78185,0.60,1.70
2008.03.18 13:06:32.729,0.7817,0.78185,0.60,1.70
2008.03.18 13:06:32.952,0.7817,0.78185,0.60,1.70
2008.03.18 13:06:33.177,0.7817,0.78185,0.60,1.70
2008.03.18 13:06:33.400,0.7817,0.78185,0.60,1.70
2008.03.18 13:06:33.624,0.7817,0.78185,0.60,1.70
2008.03.18 13:06:33.931,0.7817,0.78185,0.60,1.70
2008.03.18 13:06:34.236,0.7817,0.78185,0.60,1.60
2008.03.18 13:06:34.541,0.7817,0.78185,0.60,1.60
2008.03.18 13:06:34.875,0.7817,0.78185,0.60,0.80
2008.03.18 13:06:35.211,0.78175,0.78185,0.60,0.80
2008.03.18 13:06:35.545,0.7818,0.7819,0.20,0.90
2008.03.18 13:06:35.767,0.78175,0.7819,0.40,1.90
2008.03.18 13:06:35.985,0.78175,0.7819,0.40,1.90
2008.03.18 13:06:36.203,0.78175,0.7819,0.40,1.90
2008.03.18 13:06:36.422,0.78175,0.7819,0.40,1.90
2008.03.18 13:06:36.654,0.7817,0.7819,0.60,1.90
2008.03.18 13:06:36.987,0.7817,0.7819,0.60,1.90
2008.03.18 13:06:37.321,0.7817,0.7819,0.60,1.90
2008.03.18 13:06:37.656,0.7817,0.7819,0.60,1.90
2008.03.18 13:06:37.869,0.7817,0.7819,0.60,1.90
2008.03.18 13:06:38.083,0.7817,0.7819,0.60,1.90
2008.03.18 13:06:38.298,0.7818,0.7819,0.20,1.70
2008.03.18 13:06:38.516,0.7818,0.7819,0.20,1.70
2008.03.18 13:06:38.745,0.7818,0.7819,0.20,1.70
2008.03.18 13:06:39.082,0.7818,0.7819,0.20,1.70
2008.03.18 13:06:39.419,0.7818,0.7819,0.20,1.70
2008.03.18 13:06:39.757,0.7818,0.7819,0.60,0.90
2008.03.18 13:06:40.091,0.7818,0.78195,0.60,3.20
2008.03.18 13:06:40.425,0.7818,0.782,0.60,9.90
2008.03.18 13:06:40.759,0.7818,0.782,0.60,9.90
2008.03.18 13:06:41.001,0.7818,0.78195,0.60,0.20
2008.03.18 13:06:41.218,0.7818,0.78195,0.60,0.20
2008.03.18 13:06:41.447,0.7818,0.78195,0.60,0.20
2008.03.18 13:06:41.675,0.7818,0.78195,0.60,0.20
2008.03.18 13:06:41.905,0.7818,0.7819,0.60,0.20
2008.03.18 13:06:42.239,0.7818,0.7819,0.60,0.20
2008.03.18 13:06:42.575,0.7818,0.7819,0.60,0.20
2008.03.18 13:06:42.907,0.7818,0.7819,0.60,0.20
2008.03.18 13:06:43.146,0.7818,0.7819,0.60,0.20
2008.03.18 13:06:43.387,0.7818,0.7819,0.60,0.20
2008.03.18 13:06:43.627,0.7818,0.7819,0.40,0.20
2008.03.18 13:06:43.867,0.7818,0.7819,0.40,0.20
2008.03.18 13:06:44.182,0.7818,0.7819,0.40,0.20
2008.03.18 13:06:44.497,0.7818,0.7819,0.40,0.40
2008.03.18 13:06:44.811,0.7818,0.7819,0.40,0.40
2008.03.18 13:06:45.147,0.7818,0.7819,0.40,0.40
2008.03.18 13:06:45.481,0.7818,0.7819,0.40,0.40
2008.03.18 13:06:45.828,0.7818,0.7819,0.40,0.40
2008.03.18 13:06:46.061,0.7818,0.7819,0.40,0.40
2008.03.18 13:06:46.296,0.7818,0.7819,0.60,0.20
2008.03.18 13:06:46.531,0.7818,0.7819,0.60,0.20
2008.03.18 13:06:46.765,0.7818,0.7819,0.60,0.20
2008.03.18 13:06:46.998,0.7818,0.7819,0.60,0.20
2008.03.18 13:06:47.334,0.7818,0.7819,0.60,0.20
2008.03.18 13:06:47.670,0.7818,0.7819,0.60,0.20
2008.03.18 13:06:48.006,0.7818,0.7819,0.60,0.20
2008.03.18 13:06:48.240,0.7818,0.7819,0.60,0.20
2008.03.18 13:06:48.475,0.7818,0.7819,0.60,0.20
2008.03.18 13:06:49.747,0.7818,0.7819,0.60,0.20
2008.03.18 13:06:49.881,0.7818,0.7819,0.60,0.20
2008.03.18 13:06:50.041,0.7818,0.7819,0.60,0.20
2008.03.18 13:06:50.174,0.7818,0.7819,0.60,0.20
2008.03.18 13:06:50.308,0.7818,0.7819,0.60,0.20
2008.03.18 13:06:50.442,0.7818,0.7819,0.60,0.20
2008.03.18 13:06:50.587,0.7818,0.7819,0.60,0.20
2008.03.18 13:06:50.712,0.7818,0.7819,0.60,0.20
2008.03.18 13:06:50.845,0.7818,0.7819,0.60,0.20
2008.03.18 13:06:51.180,0.7818,0.7819,0.60,0.20
2008.03.18 13:06:51.515,0.7818,0.7819,0.60,0.20
2008.03.18 13:06:51.848,0.7818,0.7819,0.60,0.20
2008.03.18 13:06:52.079,0.7818,0.7819,0.60,0.20
2008.03.18 13:06:52.316,0.7818,0.7819,0.60,0.20
2008.03.18 13:06:52.559,0.7818,0.7819,0.60,0.20
2008.03.18 13:06:52.774,0.7818,0.7819,0.60,0.20
2008.03.18 13:06:53.109,0.7818,0.7819,0.60,0.20
2008.03.18 13:06:53.443,0.7818,0.7819,0.60,0.20
2008.03.18 13:06:53.814,0.7818,0.7819,0.60,0.20
2008.03.18 13:06:54.042,0.7818,0.7819,0.60,0.20
2008.03.18 13:06:54.299,0.7818,0.7819,0.60,0.20
2008.03.18 13:06:54.530,0.7818,0.7819,0.60,0.20
2008.03.18 13:06:54.777,0.7818,0.7819,0.60,0.20
2008.03.18 13:06:55.020,0.7818,0.7819,0.60,0.20
2008.03.18 13:06:55.354,0.7818,0.7819,0.60,0.20
2008.03.18 13:06:55.687,0.7818,0.7819,0.60,0.20
2008.03.18 13:06:56.022,0.7818,0.7819,0.60,0.20
2008.03.18 13:06:56.251,0.7818,0.7819,0.60,0.20
2008.03.18 13:06:56.481,0.7818,0.7819,0.60,0.20
2008.03.18 13:06:56.709,0.7818,0.7819,0.60,0.20
2008.03.18 13:06:56.939,0.7818,0.7819,0.60,0.20
2008.03.18 13:06:57.257,0.7818,0.7819,0.60,0.20
2008.03.18 13:06:57.575,0.7818,0.7819,0.60,0.20
2008.03.18 13:06:57.896,0.7818,0.7819,0.60,0.20
2008.03.18 13:06:58.136,0.7818,0.7819,0.40,0.20
2008.03.18 13:06:58.376,0.7818,0.7819,0.60,0.20
2008.03.18 13:06:58.615,0.7818,0.7819,0.60,0.20
2008.03.18 13:06:58.856,0.7818,0.7819,0.60,0.20
2008.03.18 13:06:59.159,0.7818,0.7819,0.60,0.20
2008.03.18 13:06:59.465,0.7818,0.7819,0.60,0.20
2008.03.18 13:06:59.769,0.7818,0.7819,0.60,0.20
2008.03.18 13:07:00.074,0.7818,0.7819,0.60,0.20
2008.03.18 13:07:00.410,0.7818,0.7819,0.60,0.20
2008.03.18 13:07:00.743,0.7818,0.7819,0.60,0.20
2008.03.18 13:07:01.077,0.7818,0.7819,0.60,0.20
2008.03.18 13:07:01.321,0.7818,0.7819,0.60,0.20
2008.03.18 13:07:01.568,0.7818,0.7819,0.60,0.20
2008.03.18 13:07:01.814,0.7818,0.7819,0.60,0.20
2008.03.18 13:07:02.058,0.7818,0.7819,0.60,0.20
2008.03.18 13:07:02.354,0.7818,0.7819,0.60,0.20
2008.03.18 13:07:02.647,0.7818,0.7819,0.60,0.20
2008.03.18 13:07:02.943,0.7818,0.7819,0.60,0.20
2008.03.18 13:07:03.205,0.7818,0.7819,0.60,0.20
2008.03.18 13:07:03.466,0.7818,0.78195,0.40,0.80
2008.03.18 13:07:03.725,0.7818,0.782,0.40,1.90
2008.03.18 13:07:03.985,0.7818,0.782,0.40,1.90
2008.03.18 13:07:04.277,0.7818,0.782,0.40,1.90
2008.03.18 13:07:04.567,0.7818,0.78195,0.20,0.20
2008.03.18 13:07:04.857,0.7818,0.782,0.40,9.10
2008.03.18 13:07:05.146,0.7818,0.782,0.40,9.10
2008.03.18 13:07:05.482,0.78185,0.782,0.20,1.10
2008.03.18 13:07:05.816,0.7818,0.782,8.30,1.10
2008.03.18 13:07:06.150,0.7818,0.782,8.30,1.90
2008.03.18 13:07:06.379,0.7818,0.782,8.30,1.90
2008.03.18 13:07:06.609,0.7818,0.782,0.40,1.90
2008.03.18 13:07:06.849,0.7818,0.78195,0.20,0.20
2008.03.18 13:07:07.080,0.7818,0.78195,0.20,0.20
2008.03.18 13:07:07.386,0.78175,0.78195,6.40,2.50
2008.03.18 13:07:07.689,0.78175,0.78195,0.60,4.50
2008.03.18 13:07:07.996,0.78175,0.78195,0.60,4.80
2008.03.18 13:07:08.256,0.78175,0.78195,0.60,4.80
2008.03.18 13:07:08.534,0.78175,0.78195,0.60,4.80
2008.03.18 13:07:08.805,0.78175,0.78195,0.60,4.80
2008.03.18 13:07:09.048,0.78175,0.78195,0.60,4.80
2008.03.18 13:07:09.382,0.78175,0.78195,0.60,4.80
2008.03.18 13:07:09.717,0.78175,0.78195,0.60,4.80
2008.03.18 13:07:10.050,0.78175,0.78195,0.60,4.80
2008.03.18 13:07:10.281,0.78175,0.78195,0.60,4.80
2008.03.18 13:07:10.510,0.78175,0.78195,0.60,4.80
2008.03.18 13:07:10.740,0.78175,0.78195,0.60,4.80
2008.03.18 13:07:10.969,0.78175,0.78195,0.60,4.80
2008.03.18 13:07:11.199,0.78175,0.78195,0.60,4.80
2008.03.18 13:07:11.534,0.7818,0.78195,0.20,2.10
2008.03.18 13:07:11.870,0.7818,0.78195,0.20,0.20
2008.03.18 13:07:12.209,0.7818,0.7819,0.20,0.20
2008.03.18 13:07:12.436,0.78175,0.7819,0.40,0.40
2008.03.18 13:07:12.665,0.78175,0.7819,0.40,0.40
2008.03.18 13:07:12.895,0.78175,0.7819,0.40,0.40
2008.03.18 13:07:13.124,0.7817,0.7819,0.60,0.40
2008.03.18 13:07:13.433,0.7817,0.7819,0.60,0.40
2008.03.18 13:07:13.752,0.78175,0.7819,0.40,0.40
2008.03.18 13:07:14.063,0.7817,0.78185,0.60,0.20
2008.03.18 13:07:14.366,0.7817,0.78185,0.60,0.20
2008.03.18 13:07:14.700,0.7817,0.78185,0.60,0.20
2008.03.18 13:07:15.034,0.7817,0.78185,0.60,0.20
2008.03.18 13:07:15.366,0.7817,0.78185,0.60,0.20
2008.03.18 13:07:15.575,0.7817,0.78185,0.60,0.20
2008.03.18 13:07:15.785,0.7817,0.78185,0.60,0.20
2008.03.18 13:07:16.006,0.7817,0.78185,0.60,0.20
2008.03.18 13:07:16.203,0.7817,0.78185,0.60,0.20
2008.03.18 13:07:16.507,0.7817,0.7819,0.60,8.30
2008.03.18 13:07:16.810,0.7817,0.7819,0.60,1.10
2008.03.18 13:07:17.116,0.7817,0.7819,0.70,1.10
2008.03.18 13:07:17.420,0.7817,0.7819,0.70,1.10
2008.03.18 13:07:17.685,0.7817,0.7819,0.70,1.10
2008.03.18 13:07:17.954,0.7817,0.7819,0.70,1.10
2008.03.18 13:07:18.218,0.7817,0.7819,0.70,1.10
2008.03.18 13:07:18.478,0.7817,0.7819,0.70,1.10
2008.03.18 13:07:18.737,0.7817,0.7819,0.70,1.10
2008.03.18 13:07:18.995,0.7817,0.7819,0.70,1.10
2008.03.18 13:07:19.255,0.7817,0.7819,0.70,1.10
2008.03.18 13:07:19.588,0.7817,0.7819,0.70,1.10
2008.03.18 13:07:19.922,0.7817,0.7819,0.70,1.10
2008.03.18 13:07:20.268,0.7817,0.7819,0.70,1.10
2008.03.18 13:07:20.492,0.7817,0.7819,0.70,1.10
2008.03.18 13:07:20.716,0.7817,0.7819,0.70,1.10
2008.03.18 13:07:20.940,0.7817,0.7819,0.70,1.10
2008.03.18 13:07:21.164,0.7817,0.7819,0.70,1.10
2008.03.18 13:07:21.388,0.7817,0.7819,0.70,1.10
2008.03.18 13:07:21.721,0.7817,0.7819,0.70,1.10
2008.03.18 13:07:22.055,0.7817,0.7819,0.70,1.10
2008.03.18 13:07:22.403,0.7817,0.7819,0.70,1.10
2008.03.18 13:07:22.626,0.7817,0.7819,0.70,1.10
2008.03.18 13:07:22.851,0.7817,0.7819,0.70,1.10
2008.03.18 13:07:23.074,0.7817,0.7819,0.70,1.10
2008.03.18 13:07:23.299,0.7817,0.78185,0.70,0.20
2008.03.18 13:07:23.599,0.7817,0.7818,0.70,0.20
2008.03.18 13:07:23.900,0.7817,0.7819,0.70,1.10
2008.03.18 13:07:24.199,0.7817,0.7819,0.70,1.10
2008.03.18 13:07:24.498,0.7817,0.7819,0.70,1.10
2008.03.18 13:07:24.832,0.7817,0.7819,0.70,1.10
2008.03.18 13:07:25.168,0.7817,0.7819,0.70,1.10
2008.03.18 13:07:25.500,0.7817,0.7819,0.70,1.10
2008.03.18 13:07:25.709,0.7817,0.7819,0.70,1.10
2008.03.18 13:07:25.917,0.7817,0.7819,0.70,1.10
2008.03.18 13:07:26.126,0.7817,0.7819,0.70,1.10
2008.03.18 13:07:26.335,0.7817,0.7819,0.70,1.10
2008.03.18 13:07:26.546,0.7817,0.7819,0.70,1.10
2008.03.18 13:07:26.854,0.7817,0.7819,0.70,1.10
2008.03.18 13:07:27.165,0.7817,0.7819,0.70,1.10
2008.03.18 13:07:27.473,0.7817,0.7819,0.70,1.10
2008.03.18 13:07:27.722,0.7817,0.7819,0.70,1.10
2008.03.18 13:07:27.971,0.7817,0.7819,0.70,1.10
2008.03.18 13:07:28.221,0.7817,0.7819,0.70,1.10
2008.03.18 13:07:28.469,0.7817,0.7819,0.70,1.10
2008.03.18 13:07:28.722,0.7817,0.7819,0.70,1.10
2008.03.18 13:07:28.990,0.7817,0.7819,0.70,1.10
2008.03.18 13:07:29.244,0.7817,0.7819,0.70,1.10
2008.03.18 13:07:29.499,0.7817,0.7819,0.70,1.10
2008.03.18 13:07:29.831,0.7817,0.7819,0.70,1.10
2008.03.18 13:07:30.166,0.7817,0.7819,0.70,1.10
2008.03.18 13:07:30.499,0.7817,0.7819,0.70,1.10
2008.03.18 13:07:30.733,0.7817,0.7819,0.70,1.10
2008.03.18 13:07:30.968,0.7817,0.7819,0.70,1.10
2008.03.18 13:07:31.214,0.7817,0.7819,0.70,1.10
2008.03.18 13:07:31.436,0.7817,0.7819,0.70,1.10
2008.03.18 13:07:31.749,0.7817,0.7819,0.70,1.10
2008.03.18 13:07:32.062,0.7817,0.7819,0.70,1.10
2008.03.18 13:07:32.375,0.7817,0.7819,0.70,1.10
2008.03.18 13:07:32.689,0.7817,0.7819,0.70,1.10
2008.03.18 13:07:32.939,0.7817,0.7819,0.70,1.10
2008.03.18 13:07:33.188,0.7817,0.7819,0.60,1.10
2008.03.18 13:07:33.437,0.7817,0.7819,0.60,1.10
2008.03.18 13:07:33.685,0.7817,0.7819,0.60,1.10
2008.03.18 13:07:33.938,0.7817,0.7819,0.60,1.10
2008.03.18 13:07:34.192,0.7817,0.7819,0.60,1.10
2008.03.18 13:07:34.446,0.7817,0.7819,0.60,1.10
2008.03.18 13:07:34.780,0.7817,0.7819,0.60,1.10
2008.03.18 13:07:35.115,0.7817,0.7819,0.60,1.10
2008.03.18 13:07:35.448,0.7817,0.7819,0.60,1.10
2008.03.18 13:07:35.657,0.7817,0.7819,0.60,1.10
2008.03.18 13:07:35.867,0.7817,0.7819,0.60,1.10
2008.03.18 13:07:36.075,0.7817,0.7819,0.60,1.10
2008.03.18 13:07:36.284,0.7817,0.7819,0.60,1.10
2008.03.18 13:07:36.494,0.7817,0.78185,0.60,0.20
2008.03.18 13:07:36.828,0.7817,0.78185,0.60,0.20
2008.03.18 13:07:37.161,0.7817,0.78185,0.60,0.20
2008.03.18 13:07:37.494,0.7817,0.78185,0.60,0.20
2008.03.18 13:07:37.718,0.7817,0.78185,0.60,0.20
2008.03.18 13:07:37.941,0.7817,0.78185,0.60,0.20
2008.03.18 13:07:38.164,0.7817,0.78185,0.60,0.20
2008.03.18 13:07:38.387,0.7817,0.78185,0.60,0.20
2008.03.18 13:07:38.610,0.7817,0.78185,0.60,0.20
2008.03.18 13:07:38.919,0.7817,0.7818,0.40,0.20
2008.03.18 13:07:39.229,0.78165,0.7818,0.60,0.20
2008.03.18 13:07:39.538,0.78165,0.7818,2.40,0.20
2008.03.18 13:07:39.871,0.78165,0.7818,2.40,0.20
2008.03.18 13:07:40.206,0.78165,0.7818,2.40,0.20
2008.03.18 13:07:40.539,0.78165,0.7818,0.60,0.20
2008.03.18 13:07:40.764,0.78165,0.7818,0.60,0.20
2008.03.18 13:07:40.989,0.78165,0.7818,0.60,0.20
2008.03.18 13:07:41.223,0.78165,0.7818,0.60,0.20
2008.03.18 13:07:41.459,0.78165,0.7818,0.20,0.20
2008.03.18 13:07:41.683,0.78165,0.7818,0.20,0.20
2008.03.18 13:07:42.007,0.78165,0.7818,0.20,0.20
2008.03.18 13:07:42.330,0.78165,0.7818,0.20,0.20
2008.03.18 13:07:42.655,0.78165,0.7818,0.20,0.20
2008.03.18 13:07:42.882,0.78165,0.7818,0.20,0.20
2008.03.18 13:07:43.112,0.78165,0.7818,0.20,0.20
2008.03.18 13:07:43.340,0.78165,0.7818,0.20,0.20
2008.03.18 13:07:43.569,0.78165,0.7818,0.20,0.20
2008.03.18 13:07:43.863,0.78165,0.7818,0.60,0.20
2008.03.18 13:07:44.157,0.78165,0.7818,0.20,0.20
2008.03.18 13:07:44.450,0.78165,0.7818,0.20,0.20
2008.03.18 13:07:44.743,0.78165,0.7818,0.20,0.20
2008.03.18 13:07:45.076,0.78165,0.7818,0.20,0.20
2008.03.18 13:07:45.411,0.7816,0.7818,8.60,0.20
2008.03.18 13:07:45.746,0.7816,0.7818,8.60,0.40
2008.03.18 13:07:45.965,0.7816,0.7818,8.60,1.10
2008.03.18 13:07:46.199,0.7816,0.7818,8.60,1.10
2008.03.18 13:07:46.407,0.7816,0.7818,8.60,1.10
2008.03.18 13:07:46.626,0.7816,0.7818,0.60,1.10
2008.03.18 13:07:46.946,0.7816,0.7818,0.60,1.10
2008.03.18 13:07:47.267,0.7816,0.7818,0.60,0.90
2008.03.18 13:07:47.585,0.78165,0.7818,0.20,0.90
2008.03.18 13:07:47.931,0.7816,0.7818,8.60,0.90
2008.03.18 13:07:48.184,0.78165,0.7818,0.60,0.80
2008.03.18 13:07:48.434,0.78165,0.7818,0.60,0.80
2008.03.18 13:07:48.672,0.78165,0.7818,0.60,0.80
2008.03.18 13:07:48.992,0.78165,0.7818,0.60,0.80
2008.03.18 13:07:49.329,0.78165,0.78185,0.60,9.30
2008.03.18 13:07:49.661,0.78165,0.78185,0.60,4.50
2008.03.18 13:07:50.011,0.78165,0.7818,0.60,0.40
2008.03.18 13:07:50.346,0.78165,0.7818,0.20,0.40
2008.03.18 13:07:50.682,0.7816,0.7818,8.60,0.20
2008.03.18 13:07:50.930,0.7816,0.7818,8.60,0.20
2008.03.18 13:07:51.172,0.7816,0.7818,0.60,0.90
2008.03.18 13:07:51.418,0.7816,0.7818,0.60,0.90
2008.03.18 13:07:51.647,0.7816,0.7818,0.60,0.90
2008.03.18 13:07:51.877,0.7816,0.7818,0.60,0.90
2008.03.18 13:07:52.190,0.7816,0.7818,0.60,0.90
2008.03.18 13:07:52.518,0.7816,0.7818,0.60,0.90
2008.03.18 13:07:52.820,0.7816,0.7818,8.60,0.90
2008.03.18 13:07:53.108,0.7816,0.7818,0.60,0.90
2008.03.18 13:07:53.397,0.7816,0.7818,0.60,0.90
2008.03.18 13:07:53.686,0.7816,0.7818,0.60,0.90
2008.03.18 13:07:53.931,0.7816,0.7818,0.60,0.90
2008.03.18 13:07:54.176,0.7816,0.7818,0.60,0.90
2008.03.18 13:07:54.419,0.7816,0.7818,0.60,0.90
2008.03.18 13:07:54.663,0.7816,0.7818,0.60,0.90
2008.03.18 13:07:54.906,0.7816,0.7818,0.60,0.90
2008.03.18 13:07:55.241,0.7816,0.7818,0.60,0.90
2008.03.18 13:07:55.575,0.7816,0.7818,0.60,0.90
2008.03.18 13:07:55.909,0.7816,0.7818,8.60,0.90
2008.03.18 13:07:56.128,0.7816,0.7818,8.60,0.90
2008.03.18 13:07:56.361,0.7816,0.7818,8.60,0.90
2008.03.18 13:07:56.566,0.7816,0.7818,8.60,0.90
2008.03.18 13:07:56.785,0.7816,0.7818,8.60,0.90
2008.03.18 13:07:57.005,0.7816,0.7818,8.60,0.90
2008.03.18 13:07:57.322,0.7816,0.7818,8.60,0.90
2008.03.18 13:07:57.629,0.7816,0.7818,8.60,0.90
2008.03.18 13:07:57.938,0.78165,0.7818,0.40,0.90
2008.03.18 13:07:58.188,0.78165,0.7818,0.40,0.90
2008.03.18 13:07:58.446,0.78165,0.7818,0.60,0.90
2008.03.18 13:07:58.708,0.78165,0.7818,0.60,0.20
2008.03.18 13:07:58.972,0.78165,0.7818,0.60,0.20
2008.03.18 13:07:59.260,0.78165,0.7818,0.60,0.20
2008.03.18 13:07:59.546,0.78165,0.7818,0.60,0.20
2008.03.18 13:07:59.809,0.78165,0.7818,0.60,0.40
2008.03.18 13:08:00.083,0.78165,0.7818,0.40,0.40
2008.03.18 13:08:00.416,0.78165,0.7818,0.40,0.40
2008.03.18 13:08:00.751,0.78165,0.7818,0.40,0.40
2008.03.18 13:08:01.085,0.78165,0.7818,0.40,0.40
2008.03.18 13:08:01.330,0.7816,0.7818,8.60,1.10
2008.03.18 13:08:01.575,0.7816,0.7818,8.60,0.90
2008.03.18 13:08:01.819,0.7816,0.7818,8.60,0.90
2008.03.18 13:08:02.064,0.7816,0.7818,8.60,0.90
2008.03.18 13:08:02.364,0.7816,0.7818,8.60,0.90
2008.03.18 13:08:02.666,0.7816,0.7818,8.60,1.10
2008.03.18 13:08:02.972,0.7816,0.7818,8.60,1.10
2008.03.18 13:08:03.279,0.7816,0.7818,8.60,1.10
2008.03.18 13:08:03.569,0.7816,0.7818,8.60,1.10
2008.03.18 13:08:03.836,0.7816,0.7818,8.60,1.10
2008.03.18 13:08:04.117,0.7816,0.7818,8.60,0.90
2008.03.18 13:08:04.361,0.7816,0.7818,8.60,0.90
2008.03.18 13:08:04.607,0.7816,0.7818,8.60,0.90
2008.03.18 13:08:04.852,0.7816,0.7818,8.60,0.90
2008.03.18 13:08:05.097,0.7816,0.7818,8.60,0.90
2008.03.18 13:08:05.443,0.7816,0.7818,8.60,0.90
2008.03.18 13:08:05.790,0.7816,0.7818,8.60,0.90
2008.03.18 13:08:06.109,0.7816,0.7818,0.60,1.90
2008.03.18 13:08:06.332,0.7816,0.7818,0.60,1.90
2008.03.18 13:08:06.557,0.7816,0.7818,0.60,1.90
2008.03.18 13:08:06.783,0.7816,0.7818,8.60,1.90
2008.03.18 13:08:07.016,0.7816,0.7818,8.60,1.90
2008.03.18 13:08:07.229,0.7816,0.7818,8.60,1.90
2008.03.18 13:08:07.554,0.7816,0.7818,8.60,1.90
2008.03.18 13:08:07.879,0.78165,0.7818,0.20,1.90
2008.03.18 13:08:08.204,0.78165,0.7818,0.20,1.90
2008.03.18 13:08:08.439,0.7816,0.7818,8.60,1.90
2008.03.18 13:08:08.673,0.7816,0.7818,8.60,1.90
2008.03.18 13:08:08.908,0.78165,0.7818,0.20,1.90
2008.03.18 13:08:09.141,0.78165,0.7818,0.20,1.90
2008.03.18 13:08:09.377,0.78165,0.7818,0.40,1.90
2008.03.18 13:08:09.710,0.7816,0.7818,8.60,1.90
2008.03.18 13:08:10.046,0.7816,0.7818,8.60,1.90
2008.03.18 13:08:10.379,0.7816,0.7818,8.60,1.90
2008.03.18 13:08:10.608,0.7816,0.7818,0.60,1.90
2008.03.18 13:08:10.847,0.7816,0.7818,0.60,1.90
2008.03.18 13:08:11.075,0.7816,0.7818,0.60,1.90
2008.03.18 13:08:11.305,0.7816,0.7818,0.60,1.90
2008.03.18 13:08:11.634,0.7816,0.7818,0.60,1.90
2008.03.18 13:08:11.964,0.7816,0.7818,0.60,1.90
2008.03.18 13:08:12.292,0.7816,0.7818,0.60,1.90
2008.03.18 13:08:12.496,0.7816,0.7818,0.60,1.90
2008.03.18 13:08:12.699,0.7816,0.7818,0.60,1.90
2008.03.18 13:08:12.902,0.7816,0.7818,0.60,1.90
2008.03.18 13:08:13.105,0.7816,0.7818,0.60,1.90
2008.03.18 13:08:13.308,0.7816,0.7818,0.60,1.90
2008.03.18 13:08:13.643,0.7816,0.7818,0.60,1.90
2008.03.18 13:08:13.994,0.7816,0.78175,0.60,4.10
2008.03.18 13:08:14.330,0.7816,0.7817,0.60,0.20
2008.03.18 13:08:14.657,0.7816,0.7817,0.60,0.20
2008.03.18 13:08:14.982,0.7816,0.7817,0.60,0.20
2008.03.18 13:08:15.307,0.7816,0.7817,0.60,0.20
2008.03.18 13:08:15.645,0.7816,0.7817,0.60,0.20
2008.03.18 13:08:17.308,0.7816,0.7817,0.60,0.20
2008.03.18 13:08:17.368,0.7816,0.7817,0.60,0.20
2008.03.18 13:08:17.441,0.7816,0.7817,0.60,0.20
2008.03.18 13:08:17.516,0.7816,0.7817,0.60,0.20
2008.03.18 13:08:17.592,0.7816,0.7817,0.60,0.20
2008.03.18 13:08:17.677,0.7816,0.7817,0.60,0.20
2008.03.18 13:08:17.752,0.7816,0.7817,0.60,0.20
2008.03.18 13:08:17.828,0.7816,0.7817,0.60,0.20
2008.03.18 13:08:17.914,0.7816,0.7817,0.60,0.20
2008.03.18 13:08:17.992,0.7816,0.7817,0.60,0.20
2008.03.18 13:08:18.119,0.7816,0.7817,0.60,0.20
2008.03.18 13:08:18.176,0.7816,0.7817,0.20,0.20
2008.03.18 13:08:18.293,0.7816,0.7817,0.20,0.20
2008.03.18 13:08:18.631,0.7816,0.7817,0.20,0.20
2008.03.18 13:08:18.966,0.7816,0.7817,0.20,0.20
2008.03.18 13:08:19.297,0.7816,0.7817,0.20,0.20
2008.03.18 13:08:19.632,0.7816,0.7817,0.20,0.20
2008.03.18 13:08:19.968,0.7816,0.7817,0.20,0.20
2008.03.18 13:08:20.304,0.78155,0.7817,6.50,0.90
2008.03.18 13:08:20.543,0.78155,0.7817,6.50,0.90
2008.03.18 13:08:20.783,0.78155,0.7817,6.50,0.90
2008.03.18 13:08:21.022,0.78155,0.7817,3.30,1.10
2008.03.18 13:08:21.263,0.78155,0.7817,2.80,0.90
2008.03.18 13:08:21.503,0.7816,0.7817,0.20,0.90
2008.03.18 13:08:21.839,0.7816,0.7817,0.20,0.90
2008.03.18 13:08:22.173,0.7816,0.7817,0.20,0.90
2008.03.18 13:08:22.506,0.7816,0.7817,0.20,0.90
2008.03.18 13:08:22.750,0.7816,0.7817,0.20,0.90
2008.03.18 13:08:22.994,0.7816,0.7817,0.20,0.90
2008.03.18 13:08:23.250,0.7816,0.7817,0.20,0.90
2008.03.18 13:08:23.494,0.7816,0.7817,0.20,0.90
2008.03.18 13:08:23.808,0.7816,0.7817,0.20,0.90
2008.03.18 13:08:24.108,0.7815,0.7817,9.40,1.10
2008.03.18 13:08:24.409,0.78155,0.7817,0.40,1.10
2008.03.18 13:08:24.743,0.78155,0.7817,0.40,1.10
2008.03.18 13:08:25.078,0.78155,0.7817,0.50,0.40
2008.03.18 13:08:25.411,0.7815,0.7817,9.40,0.40
2008.03.18 13:08:25.640,0.7815,0.7817,9.40,1.10
2008.03.18 13:08:25.868,0.7815,0.7817,9.40,1.10
2008.03.18 13:08:26.098,0.7815,0.7817,9.40,1.10
2008.03.18 13:08:26.327,0.7816,0.7817,0.80,1.10
2008.03.18 13:08:26.566,0.7816,0.7817,0.80,1.10
2008.03.18 13:08:26.901,0.7816,0.7817,0.80,1.10
2008.03.18 13:08:27.236,0.7816,0.7817,0.80,1.10
2008.03.18 13:08:27.570,0.7816,0.7817,0.80,1.10
2008.03.18 13:08:27.790,0.7816,0.7817,0.80,1.10
2008.03.18 13:08:28.011,0.7816,0.7817,0.80,1.10
2008.03.18 13:08:28.230,0.7816,0.7817,0.80,1.10
2008.03.18 13:08:28.449,0.7816,0.7817,0.80,1.10
2008.03.18 13:08:28.785,0.7816,0.7817,0.80,1.90
2008.03.18 13:08:29.121,0.7816,0.7817,0.80,1.90
2008.03.18 13:08:29.455,0.7816,0.7817,0.80,1.90
2008.03.18 13:08:29.786,0.7816,0.7817,0.80,1.10
2008.03.18 13:08:30.114,0.7816,0.7817,0.80,1.10
2008.03.18 13:08:30.443,0.7816,0.7817,0.80,1.10
2008.03.18 13:08:30.677,0.7816,0.7817,0.80,1.10
2008.03.18 13:08:30.912,0.7816,0.7817,0.80,1.10
2008.03.18 13:08:31.145,0.7816,0.7817,0.80,1.10
2008.03.18 13:08:31.381,0.7816,0.7817,0.80,1.10
2008.03.18 13:08:31.616,0.7816,0.7817,0.80,1.10
2008.03.18 13:08:31.958,0.7816,0.7817,0.80,1.10
2008.03.18 13:08:32.284,0.7816,0.78165,0.80,0.80
2008.03.18 13:08:32.631,0.7816,0.78165,0.80,0.80
2008.03.18 13:08:32.834,0.7816,0.78165,0.80,0.80
2008.03.18 13:08:33.050,0.7816,0.78165,0.90,0.80
2008.03.18 13:08:33.264,0.7816,0.78165,0.90,0.80
2008.03.18 13:08:33.480,0.7816,0.78165,0.80,0.80
2008.03.18 13:08:33.814,0.7816,0.78165,0.90,0.80
2008.03.18 13:08:34.150,0.7816,0.7817,0.80,1.10
2008.03.18 13:08:34.484,0.7816,0.7817,0.80,1.10
2008.03.18 13:08:34.818,0.7816,0.7817,0.80,1.10
2008.03.18 13:08:35.151,0.78155,0.7817,0.80,1.10
2008.03.18 13:08:35.486,0.78155,0.7817,0.80,1.10
2008.03.18 13:08:35.821,0.7816,0.7817,0.80,1.10
2008.03.18 13:08:36.052,0.7816,0.7817,0.80,1.10
2008.03.18 13:08:36.281,0.78155,0.7817,1.10,1.10
2008.03.18 13:08:36.518,0.78155,0.7817,1.10,1.10
2008.03.18 13:08:36.846,0.78155,0.7817,1.10,1.10
2008.03.18 13:08:37.158,0.78155,0.7817,1.10,1.10
2008.03.18 13:08:37.472,0.78155,0.7817,1.10,1.10
2008.03.18 13:08:37.788,0.7816,0.7817,0.80,1.90
2008.03.18 13:08:38.047,0.7816,0.7817,0.80,1.90
2008.03.18 13:08:38.305,0.7816,0.7817,0.80,1.90
2008.03.18 13:08:38.565,0.7816,0.7817,0.80,1.90
2008.03.18 13:08:38.818,0.7816,0.7817,0.80,1.90
2008.03.18 13:08:39.073,0.7816,0.7817,0.80,1.10
2008.03.18 13:08:39.329,0.7816,0.7817,0.80,0.90
2008.03.18 13:08:39.584,0.7816,0.7817,1.20,0.20
2008.03.18 13:08:39.920,0.7816,0.7817,1.20,0.20
2008.03.18 13:08:40.254,0.7816,0.7817,0.60,0.20
2008.03.18 13:08:40.600,0.7816,0.7817,0.60,0.20
2008.03.18 13:08:40.815,0.7816,0.7817,0.60,0.20
2008.03.18 13:08:41.029,0.7816,0.7817,0.60,0.20
2008.03.18 13:08:41.245,0.7816,0.7817,0.60,0.20
2008.03.18 13:08:41.461,0.7816,0.7817,0.60,0.20
2008.03.18 13:08:41.674,0.7816,0.7817,0.60,0.20
2008.03.18 13:08:41.992,0.7816,0.7817,0.60,0.20
2008.03.18 13:08:42.311,0.7816,0.7817,0.20,0.20
2008.03.18 13:08:42.629,0.7816,0.7817,0.20,0.20
2008.03.18 13:08:42.948,0.7816,0.7817,0.20,0.20
2008.03.18 13:08:43.172,0.7816,0.7817,0.20,0.20
2008.03.18 13:08:43.395,0.7816,0.7817,0.20,0.20
2008.03.18 13:08:43.620,0.78155,0.7817,13.30,0.20
2008.03.18 13:08:43.846,0.78155,0.7817,11.20,0.40
2008.03.18 13:08:44.157,0.78155,0.7817,10.40,1.10
2008.03.18 13:08:44.467,0.78155,0.7817,2.40,1.90
2008.03.18 13:08:44.779,0.7815,0.7817,8.60,1.90
2008.03.18 13:08:45.088,0.7816,0.7817,0.80,1.90
2008.03.18 13:08:45.423,0.7816,0.7817,0.80,1.90
2008.03.18 13:08:45.758,0.7816,0.7817,0.90,1.70
2008.03.18 13:08:46.105,0.7816,0.7817,0.90,1.70
2008.03.18 13:08:46.322,0.7816,0.7817,0.90,1.70
2008.03.18 13:08:46.552,0.7816,0.7817,0.90,1.70
2008.03.18 13:08:46.783,0.7816,0.7817,0.90,0.90
2008.03.18 13:08:47.013,0.7816,0.7817,0.90,0.90
2008.03.18 13:08:47.329,0.7816,0.7817,0.90,0.90
2008.03.18 13:08:47.648,0.7816,0.7817,0.90,0.90
2008.03.18 13:08:47.974,0.7816,0.7817,0.90,0.90
2008.03.18 13:08:48.188,0.7816,0.7817,0.90,0.90
2008.03.18 13:08:48.402,0.7816,0.7817,0.90,0.20
2008.03.18 13:08:48.619,0.7816,0.7817,0.90,0.20
2008.03.18 13:08:48.836,0.7816,0.7817,0.90,0.20
2008.03.18 13:08:49.049,0.7816,0.7817,0.90,0.20
2008.03.18 13:08:49.383,0.7816,0.7817,0.90,0.20
2008.03.18 13:08:49.717,0.7816,0.7817,0.90,0.20
2008.03.18 13:08:50.051,0.7816,0.7817,0.90,0.20
2008.03.18 13:08:50.391,0.7816,0.7817,0.90,0.20
2008.03.18 13:08:50.734,0.7816,0.7817,0.90,0.20
2008.03.18 13:08:51.078,0.7816,0.7817,0.90,0.20
2008.03.18 13:08:51.320,0.7816,0.7817,0.90,0.20
2008.03.18 13:08:51.548,0.7816,0.7817,0.90,0.20
2008.03.18 13:08:51.776,0.7816,0.7817,0.90,0.20
2008.03.18 13:08:52.009,0.7816,0.7817,0.90,0.20
2008.03.18 13:08:52.321,0.7816,0.7817,0.90,0.90
2008.03.18 13:08:52.636,0.7816,0.7817,0.90,0.90
2008.03.18 13:08:52.949,0.7816,0.7817,0.90,0.90
2008.03.18 13:08:53.266,0.7816,0.7817,0.90,0.90
2008.03.18 13:08:53.533,0.7816,0.7817,0.80,0.90
2008.03.18 13:08:53.807,0.7816,0.7817,0.80,0.90
2008.03.18 13:08:54.060,0.7816,0.7817,0.80,1.10
2008.03.18 13:08:54.313,0.7816,0.7817,0.80,1.10
2008.03.18 13:08:54.566,0.7816,0.7817,0.80,1.10
2008.03.18 13:08:54.828,0.7816,0.7817,0.80,1.10
2008.03.18 13:08:55.098,0.7816,0.7817,0.80,1.10
2008.03.18 13:08:55.435,0.78155,0.7817,0.40,1.10
2008.03.18 13:08:55.782,0.78155,0.7817,0.40,1.10
2008.03.18 13:08:56.115,0.78155,0.7817,0.40,1.90
2008.03.18 13:08:56.353,0.78155,0.7817,0.40,1.90
2008.03.18 13:08:56.593,0.78155,0.7817,0.40,1.90
2008.03.18 13:08:56.831,0.78155,0.7817,0.40,1.90
2008.03.18 13:08:57.068,0.78155,0.7817,0.40,1.90
2008.03.18 13:08:57.362,0.78155,0.7817,0.40,1.90
2008.03.18 13:08:57.655,0.78155,0.7817,0.40,1.90
2008.03.18 13:08:57.949,0.78155,0.7817,0.40,1.90
2008.03.18 13:08:58.245,0.7816,0.7817,0.20,1.70
2008.03.18 13:08:58.506,0.7816,0.7817,0.20,0.90
2008.03.18 13:08:58.766,0.7816,0.7817,0.20,0.90
2008.03.18 13:08:59.026,0.7816,0.7817,0.20,0.90
2008.03.18 13:08:59.285,0.7816,0.7817,0.20,0.90
2008.03.18 13:08:59.590,0.7816,0.7817,0.90,0.90
2008.03.18 13:08:59.878,0.7816,0.7817,1.20,0.90
2008.03.18 13:09:00.169,0.7816,0.7817,1.40,0.90
2008.03.18 13:09:00.504,0.7816,0.7817,1.20,0.20
2008.03.18 13:09:00.839,0.7816,0.7817,1.20,0.20
2008.03.18 13:09:01.174,0.7816,0.7817,0.90,0.20
2008.03.18 13:09:01.404,0.7816,0.7817,0.80,0.40
2008.03.18 13:09:01.633,0.7816,0.7817,0.20,1.10
2008.03.18 13:09:01.863,0.78155,0.7817,2.00,1.10
2008.03.18 13:09:02.094,0.7816,0.7817,0.20,0.90
2008.03.18 13:09:02.334,0.7816,0.7817,0.20,1.10
2008.03.18 13:09:02.662,0.7816,0.7817,0.20,0.90
2008.03.18 13:09:02.993,0.7816,0.7817,0.20,0.90
2008.03.18 13:09:03.322,0.7816,0.7817,0.20,0.90
2008.03.18 13:09:03.567,0.7816,0.7817,0.20,0.90
2008.03.18 13:09:03.811,0.7816,0.7817,0.20,0.90
2008.03.18 13:09:04.054,0.7816,0.7817,0.20,0.90
2008.03.18 13:09:04.298,0.7816,0.7817,0.20,0.90
2008.03.18 13:09:04.603,0.7816,0.7817,0.20,1.10
2008.03.18 13:09:04.907,0.7816,0.7817,0.20,1.10
2008.03.18 13:09:05.213,0.7816,0.7817,0.20,1.10
2008.03.18 13:09:05.549,0.7816,0.7817,0.20,0.90
2008.03.18 13:09:05.882,0.7816,0.7817,0.20,0.90
2008.03.18 13:09:06.218,0.7816,0.7817,0.20,1.10
2008.03.18 13:09:06.458,0.78155,0.7817,4.30,1.10
2008.03.18 13:09:06.708,0.7816,0.7817,0.60,0.90
2008.03.18 13:09:06.955,0.7816,0.7817,0.60,0.90
2008.03.18 13:09:07.177,0.7816,0.7817,0.80,0.90
2008.03.18 13:09:07.493,0.7816,0.7817,0.80,0.20
2008.03.18 13:09:07.808,0.7816,0.7817,1.20,0.20
2008.03.18 13:09:08.136,0.7816,0.7817,1.20,0.40
2008.03.18 13:09:08.464,0.7816,0.7817,0.80,1.10
2008.03.18 13:09:08.714,0.7816,0.7817,0.80,1.10
2008.03.18 13:09:08.941,0.7816,0.7817,0.80,1.10
2008.03.18 13:09:09.180,0.7816,0.7817,0.80,1.10
2008.03.18 13:09:09.420,0.7816,0.7817,0.80,1.10
2008.03.18 13:09:09.754,0.7816,0.7817,0.90,1.10
2008.03.18 13:09:10.090,0.7816,0.7817,0.80,1.10
2008.03.18 13:09:10.425,0.7816,0.7817,0.80,1.10
2008.03.18 13:09:10.660,0.7816,0.7817,0.80,0.40
2008.03.18 13:09:10.896,0.78155,0.7817,0.80,1.10
2008.03.18 13:09:11.142,0.78155,0.7817,0.80,1.10
2008.03.18 13:09:11.377,0.78155,0.7817,0.80,1.10
2008.03.18 13:09:11.708,0.7816,0.7817,0.80,1.10
2008.03.18 13:09:12.036,0.7816,0.7817,0.80,1.10
2008.03.18 13:09:12.367,0.7816,0.7817,0.80,1.10
2008.03.18 13:09:12.613,0.7816,0.7817,0.80,1.10
2008.03.18 13:09:12.848,0.7816,0.7817,0.80,1.10
2008.03.18 13:09:13.082,0.7816,0.7817,0.80,1.10
2008.03.18 13:09:13.316,0.7816,0.7817,0.80,1.10
2008.03.18 13:09:13.616,0.7816,0.7817,0.80,1.10
2008.03.18 13:09:13.915,0.7816,0.7817,0.80,1.10
2008.03.18 13:09:14.215,0.7816,0.7817,0.90,1.10
2008.03.18 13:09:14.516,0.7816,0.7817,0.80,1.90
2008.03.18 13:09:14.866,0.7816,0.7817,0.80,1.90
2008.03.18 13:09:15.185,0.7815,0.7817,8.60,1.90
2008.03.18 13:09:15.518,0.7815,0.7817,8.60,1.90
2008.03.18 13:09:15.764,0.7815,0.7817,8.60,1.90
2008.03.18 13:09:16.009,0.7816,0.7817,0.80,1.90
2008.03.18 13:09:16.252,0.7816,0.7817,0.80,1.90
2008.03.18 13:09:16.495,0.7816,0.7817,0.80,1.90
2008.03.18 13:09:16.788,0.7816,0.7817,0.80,1.90
2008.03.18 13:09:17.082,0.7815,0.7817,0.60,1.90
2008.03.18 13:09:17.375,0.7815,0.7817,8.60,1.90
2008.03.18 13:09:17.670,0.78155,0.7817,0.20,1.90
2008.03.18 13:09:17.965,0.7816,0.7817,0.20,1.70
2008.03.18 13:09:18.260,0.7816,0.7817,0.20,0.90
2008.03.18 13:09:18.555,0.7816,0.7817,0.20,0.90
2008.03.18 13:09:18.798,0.7816,0.7817,0.20,1.10
2008.03.18 13:09:19.043,0.7816,0.7817,1.70,0.90
2008.03.18 13:09:19.287,0.7816,0.7817,1.70,0.90
2008.03.18 13:09:19.531,0.7816,0.7817,0.20,0.90
2008.03.18 13:09:19.865,0.7816,0.7817,0.20,0.90
2008.03.18 13:09:20.201,0.78155,0.78165,0.20,0.80
2008.03.18 13:09:20.535,0.78155,0.78165,0.20,0.80
2008.03.18 13:09:20.783,0.7815,0.7817,0.60,1.10
2008.03.18 13:09:21.025,0.7815,0.7817,0.60,1.10
2008.03.18 13:09:21.269,0.7815,0.7817,8.60,1.10
2008.03.18 13:09:21.513,0.78155,0.7817,0.20,1.10
2008.03.18 13:09:21.758,0.78155,0.7817,0.20,1.10
2008.03.18 13:09:22.077,0.78155,0.7817,0.20,0.90
2008.03.18 13:09:22.395,0.78155,0.7817,0.20,1.10
2008.03.18 13:09:22.716,0.7816,0.7817,0.20,0.20
2008.03.18 13:09:22.960,0.78155,0.7817,4.90,0.40
2008.03.18 13:09:23.205,0.78155,0.7817,0.90,0.20
2008.03.18 13:09:23.450,0.7816,0.7817,0.20,0.90
2008.03.18 13:09:23.695,0.7816,0.7817,0.20,0.90
2008.03.18 13:09:23.984,0.7816,0.7817,1.70,0.90
2008.03.18 13:09:24.272,0.7816,0.7817,1.70,0.90
2008.03.18 13:09:24.562,0.7816,0.7817,1.70,0.90
2008.03.18 13:09:24.851,0.7816,0.7817,1.70,0.90
2008.03.18 13:09:25.186,0.7816,0.7817,1.70,0.90
2008.03.18 13:09:25.521,0.7816,0.7817,1.70,0.90
2008.03.18 13:09:25.857,0.7816,0.7817,1.70,0.90
2008.03.18 13:09:26.086,0.7816,0.7817,1.70,0.90
2008.03.18 13:09:26.317,0.7816,0.7817,1.60,0.90
