2014.06.13 01:00:00.332,0.80001,0.8001,1.00,2.07
2014.06.13 01:00:01.361,0.80003,0.80011,1.25,1.69
2014.06.13 01:00:01.463,0.80003,0.80012,2.07,1.00
2014.06.13 01:00:01.971,0.80004,0.80013,2.44,1.25
2014.06.13 01:00:02.867,0.80005,0.80013,1.00,1.32
2014.06.13 01:00:03.399,0.80004,0.80013,2.07,1.32
2014.06.13 01:00:03.937,0.80005,0.80013,1.00,1.32
2014.06.13 01:00:09.377,0.80005,0.80013,1.69,1.25
2014.06.13 01:00:12.404,0.80005,0.80014,1.00,1.69
2014.06.13 01:00:12.707,0.80005,0.8001,1.00,1.25
2014.06.13 01:00:12.809,0.80003,0.8001,1.25,1.25
2014.06.13 01:00:13.927,0.80004,0.80012,1.19,1.25
2014.06.13 01:00:14.918,0.80003,0.80013,3.57,1.69
2014.06.13 01:00:15.523,0.80003,0.80011,2.44,1.19
2014.06.13 01:00:16.556,0.80003,0.80011,1.50,1.25
2014.06.13 01:00:19.544,0.80003,0.80011,1.50,1.19
2014.06.13 01:00:22.648,0.80003,0.80011,1.00,1.69
2014.06.13 01:00:23.710,0.80003,0.8001,1.00,1.00
2014.06.13 01:00:24.755,0.80003,0.80009,1.00,1.25
2014.06.13 01:00:31.608,0.80003,0.8001,1.69,1.25
2014.06.13 01:00:32.114,0.80004,0.80011,1.00,1.69
2014.06.13 01:00:32.703,0.80004,0.80013,1.25,1.69
2014.06.13 01:00:33.740,0.80004,0.80013,2.07,1.00
2014.06.13 01:00:34.283,0.80004,0.80014,3.57,1.69
2014.06.13 01:00:36.844,0.80004,0.80013,2.44,1.25
2014.06.13 01:00:41.536,0.80005,0.80014,1.00,2.82
2014.06.13 01:00:43.094,0.80005,0.80014,1.25,2.82
2014.06.13 01:00:43.703,0.80005,0.80013,1.69,1.25
2014.06.13 01:00:51.786,0.80005,0.80012,1.00,1.25
2014.06.13 01:00:52.310,0.80004,0.80012,1.50,1.25
2014.06.13 01:01:05.092,0.80004,0.80009,1.00,1.25
2014.06.13 01:01:05.244,0.80002,0.80009,1.69,1.25
2014.06.13 01:01:07.193,0.80001,0.8001,1.00,2.07
2014.06.13 01:01:07.804,0.8,0.8001,2.44,2.07
2014.06.13 01:01:08.461,0.80001,0.80008,1.69,1.25
2014.06.13 01:01:10.052,0.80001,0.80009,1.00,2.07
2014.06.13 01:01:11.056,0.80001,0.80009,1.00,2.07
2014.06.13 01:01:13.092,0.80001,0.80008,1.00,1.19
2014.06.13 01:01:14.072,0.80001,0.80009,1.00,2.07
2014.06.13 01:01:15.125,0.80001,0.80009,2.82,1.00
2014.06.13 01:01:15.642,0.80003,0.80011,1.00,1.69
2014.06.13 01:01:17.301,0.80003,0.80011,1.25,1.00
2014.06.13 01:01:31.775,0.80004,0.80011,1.25,1.25
2014.06.13 01:01:36.785,0.80003,0.80013,2.44,1.69
2014.06.13 01:01:42.905,0.80004,0.80013,1.00,1.69
2014.06.13 01:01:43.822,0.80004,0.80013,1.25,1.69
2014.06.13 01:01:44.929,0.80003,0.80012,2.44,1.25
2014.06.13 01:01:48.536,0.80003,0.80012,1.69,1.63
2014.06.13 01:01:56.076,0.80003,0.80011,1.69,1.69
2014.06.13 01:01:59.076,0.80003,0.80011,1.00,2.82
2014.06.13 01:02:00.620,0.80003,0.80011,1.00,2.82
2014.06.13 01:02:00.957,0.80001,0.8001,2.25,1.32
2014.06.13 01:02:05.891,0.80001,0.80011,3.57,1.69
2014.06.13 01:02:06.921,0.80003,0.8001,1.25,1.25
2014.06.13 01:02:11.215,0.80003,0.80011,1.00,1.25
2014.06.13 01:02:11.881,0.80002,0.80011,1.25,1.32
2014.06.13 01:02:12.390,0.80001,0.8001,1.69,1.25
2014.06.13 01:02:16.149,0.80003,0.80011,1.00,1.25
2014.06.13 01:02:16.683,0.80002,0.80011,1.32,1.25
2014.06.13 01:02:17.311,0.80003,0.80011,1.00,1.25
2014.06.13 01:02:23.754,0.80002,0.80009,1.69,1.00
2014.06.13 01:02:24.057,0.80001,0.80009,1.50,2.07
2014.06.13 01:02:24.563,0.8,0.80009,1.25,1.69
2014.06.13 01:02:25.370,0.8,0.80009,1.00,1.69
2014.06.13 01:02:28.502,0.8,0.80008,1.69,1.69
2014.06.13 01:02:29.493,0.8,0.80008,1.00,1.25
2014.06.13 01:02:32.644,0.79999,0.80008,2.44,1.25
2014.06.13 01:02:33.482,0.79999,0.80008,1.00,2.07
2014.06.13 01:02:35.041,0.79998,0.80008,2.82,2.07
2014.06.13 01:02:36.701,0.79999,0.80008,1.00,2.07
2014.06.13 01:02:37.264,0.79998,0.80008,2.07,2.07
2014.06.13 01:02:37.903,0.79998,0.80008,2.07,2.07
2014.06.13 01:02:40.065,0.79997,0.80005,2.44,1.25
2014.06.13 01:02:40.915,0.79997,0.80005,1.00,1.32
2014.06.13 01:02:41.950,0.79998,0.80006,1.25,1.19
2014.06.13 01:02:44.967,0.79997,0.80007,1.69,2.44
2014.06.13 01:02:47.942,0.79997,0.80007,1.69,2.44
2014.06.13 01:02:49.186,0.79997,0.80007,1.69,2.07
2014.06.13 01:02:51.806,0.79996,0.80005,2.25,1.19
2014.06.13 01:02:52.110,0.79994,0.80001,2.25,1.19
2014.06.13 01:02:54.077,0.79994,0.80001,1.00,1.25
2014.06.13 01:02:55.086,0.79994,0.8,1.00,1.19
2014.06.13 01:02:56.126,0.79994,0.8,1.00,1.25
2014.06.13 01:02:58.089,0.79994,0.80001,1.00,1.32
2014.06.13 01:02:58.995,0.79994,0.79998,1.00,1.25
2014.06.13 01:02:59.249,0.79991,0.79998,2.25,1.25
2014.06.13 01:02:59.453,0.79991,0.79999,2.07,1.19
2014.06.13 01:02:59.504,0.79991,0.8,2.82,1.50
2014.06.13 01:02:59.707,0.79995,0.8,1.19,1.00
2014.06.13 01:02:59.859,0.79996,0.80005,1.69,1.25
2014.06.13 01:02:59.910,0.79998,0.80006,1.69,1.69
2014.06.13 01:03:00.125,0.79999,0.80008,1.25,1.32
2014.06.13 01:03:00.375,0.80001,0.80009,1.00,1.19
2014.06.13 01:03:00.910,0.80002,0.80009,1.00,1.19
2014.06.13 01:03:01.487,0.80002,0.8001,1.00,2.07
2014.06.13 01:03:04.127,0.80002,0.80009,1.00,1.32
2014.06.13 01:03:05.182,0.80002,0.8001,1.50,2.07
2014.06.13 01:03:05.707,0.80001,0.8001,1.25,1.63
2014.06.13 01:03:21.496,0.80001,0.80009,1.69,1.32
2014.06.13 01:03:22.500,0.80001,0.8001,1.00,1.57
2014.06.13 01:03:26.917,0.80001,0.8001,1.25,1.25
2014.06.13 01:03:27.921,0.80001,0.8001,1.00,1.19
2014.06.13 01:03:28.847,0.80001,0.8001,1.25,1.25
2014.06.13 01:03:29.831,0.80001,0.8001,1.00,1.19
2014.06.13 01:03:32.206,0.8,0.8001,3.94,1.19
2014.06.13 01:03:36.669,0.80001,0.8001,1.00,1.19
2014.06.13 01:03:39.562,0.80001,0.8001,1.25,1.25
2014.06.13 01:03:43.583,0.80001,0.8001,1.00,1.19
2014.06.13 01:03:49.636,0.80001,0.8001,1.25,1.25
2014.06.13 01:03:54.631,0.80002,0.8001,1.25,1.19
2014.06.13 01:03:58.785,0.8,0.8001,3.19,1.25
2014.06.13 01:03:59.650,0.8,0.8001,3.19,1.19
2014.06.13 01:04:06.683,0.80001,0.80009,1.25,1.19
2014.06.13 01:04:13.698,0.8,0.8001,1.25,2.07
2014.06.13 01:04:24.336,0.79999,0.80009,2.44,2.07
2014.06.13 01:04:24.841,0.79999,0.80008,2.25,2.07
2014.06.13 01:04:25.475,0.79999,0.80007,2.44,1.25
2014.06.13 01:04:29.497,0.79999,0.80008,3.57,1.32
2014.06.13 01:04:37.486,0.79999,0.80007,3.57,1.25
2014.06.13 01:04:38.259,0.80001,0.80007,1.00,1.25
2014.06.13 01:04:38.965,0.80001,0.80008,1.00,1.32
2014.06.13 01:04:40.156,0.8,0.80008,1.13,1.25
2014.06.13 01:04:40.472,0.80002,0.80008,1.00,1.25
2014.06.13 01:04:41.119,0.80002,0.80009,1.00,1.25
2014.06.13 01:04:44.343,0.80002,0.80011,1.25,2.44
2014.06.13 01:04:45.539,0.80002,0.8001,1.69,1.19
2014.06.13 01:04:50.284,0.80001,0.8001,1.00,1.19
2014.06.13 01:04:55.378,0.80001,0.80011,2.44,2.82
2014.06.13 01:04:58.434,0.80001,0.80011,2.07,2.44
2014.06.13 01:04:59.586,0.80003,0.80011,1.00,1.25
2014.06.13 01:05:00.089,0.80002,0.80011,2.82,1.25
2014.06.13 01:05:00.717,0.80002,0.80011,2.82,1.00
2014.06.13 01:05:01.751,0.80004,0.80011,1.25,1.25
2014.06.13 01:05:03.706,0.80003,0.80011,1.25,1.00
2014.06.13 01:05:06.765,0.80002,0.80011,2.82,1.25
2014.06.13 01:05:07.725,0.80002,0.80011,2.82,1.00
2014.06.13 01:05:11.742,0.80002,0.80011,2.82,1.25
2014.06.13 01:05:16.249,0.80003,0.80011,1.19,1.69
2014.06.13 01:05:21.402,0.80002,0.80011,2.44,1.25
2014.06.13 01:05:27.898,0.8,0.80009,1.69,1.25
2014.06.13 01:05:28.201,0.79999,0.80008,1.00,1.69
2014.06.13 01:05:30.291,0.79998,0.80008,1.69,2.07
2014.06.13 01:05:30.796,0.79997,0.80007,1.69,2.82
2014.06.13 01:05:32.758,0.79997,0.80007,2.07,1.69
2014.06.13 01:05:33.792,0.79997,0.80007,2.07,1.69
2014.06.13 01:05:34.721,0.79997,0.80007,2.07,1.69
2014.06.13 01:05:35.726,0.79997,0.80007,2.07,1.69
2014.06.13 01:05:36.729,0.79998,0.80006,1.19,1.25
2014.06.13 01:05:42.877,0.79997,0.80006,1.69,1.25
2014.06.13 01:05:47.869,0.79997,0.80005,2.44,1.19
2014.06.13 01:05:48.873,0.79998,0.80006,1.25,1.19
2014.06.13 01:05:49.876,0.79997,0.80007,2.44,2.82
2014.06.13 01:05:51.884,0.79997,0.80005,2.44,1.25
2014.06.13 01:05:52.901,0.79998,0.80006,1.19,1.25
2014.06.13 01:05:58.858,0.79999,0.80006,2.07,1.25
2014.06.13 01:05:59.364,0.8,0.80007,1.19,1.00
2014.06.13 01:06:03.342,0.79999,0.80007,1.50,1.25
2014.06.13 01:06:05.653,0.79999,0.80006,1.00,1.00
2014.06.13 01:06:12.866,0.79998,0.80006,1.69,1.00
2014.06.13 01:06:26.967,0.79996,0.80006,2.82,1.69
2014.06.13 01:06:27.567,0.79996,0.80005,2.07,1.00
2014.06.13 01:06:28.937,0.79996,0.80005,2.07,1.25
2014.06.13 01:06:37.998,0.79997,0.80005,1.25,1.69
2014.06.13 01:06:52.300,0.79997,0.80005,1.19,1.00
2014.06.13 01:06:52.824,0.79997,0.80006,1.32,1.13
2014.06.13 01:06:53.806,0.79997,0.80006,1.32,1.32
2014.06.13 01:06:55.111,0.79997,0.80006,1.32,1.00
2014.06.13 01:06:58.150,0.79999,0.80006,1.25,1.25
2014.06.13 01:06:59.124,0.79997,0.80006,1.32,1.00
2014.06.13 01:07:02.136,0.79997,0.80006,1.32,1.25
2014.06.13 01:07:03.269,0.79997,0.80006,1.63,1.25
2014.06.13 01:07:04.256,0.79998,0.80006,2.07,1.25
2014.06.13 01:07:08.182,0.79999,0.80007,1.19,1.00
2014.06.13 01:07:08.437,0.8,0.80009,1.63,1.69
2014.06.13 01:07:08.939,0.80001,0.80009,1.32,1.69
2014.06.13 01:07:09.680,0.80001,0.80009,1.32,1.00
2014.06.13 01:07:13.406,0.80001,0.80009,1.32,1.69
2014.06.13 01:07:14.292,0.8,0.80009,2.82,1.00
2014.06.13 01:07:19.322,0.80001,0.80009,1.32,1.00
2014.06.13 01:07:20.325,0.80001,0.80009,1.32,1.00
2014.06.13 01:07:21.377,0.80001,0.80009,1.32,1.00
2014.06.13 01:07:22.349,0.80001,0.80009,1.32,1.00
2014.06.13 01:07:27.118,0.80001,0.8001,1.32,1.25
2014.06.13 01:07:32.781,0.80001,0.8001,1.69,1.25
2014.06.13 01:07:33.554,0.80001,0.8001,1.69,2.07
2014.06.13 01:07:34.222,0.80001,0.8001,1.50,2.07
2014.06.13 01:07:35.237,0.80001,0.80009,2.44,1.32
2014.06.13 01:07:36.203,0.80001,0.8001,1.50,2.07
2014.06.13 01:07:36.622,0.80002,0.80012,1.69,2.44
2014.06.13 01:07:37.731,0.80001,0.80011,2.07,2.44
2014.06.13 01:07:38.847,0.80001,0.80011,1.69,2.82
2014.06.13 01:07:39.827,0.80001,0.80011,1.69,2.82
2014.06.13 01:07:40.816,0.80002,0.8001,1.19,1.25
2014.06.13 01:07:41.855,0.80002,0.80011,1.25,2.82
2014.06.13 01:07:43.853,0.80002,0.8001,1.25,1.19
2014.06.13 01:07:45.886,0.80001,0.80011,2.07,2.82
2014.06.13 01:07:48.855,0.80003,0.80011,1.25,2.07
2014.06.13 01:07:51.866,0.80002,0.80011,1.32,1.00
2014.06.13 01:07:52.431,0.80002,0.80012,1.69,1.32
2014.06.13 01:08:05.111,0.80002,0.80012,2.82,1.63
2014.06.13 01:08:10.643,0.80003,0.80013,1.25,4.32
2014.06.13 01:08:11.149,0.80003,0.80013,3.19,1.25
2014.06.13 01:08:21.341,0.80004,0.80012,1.25,1.00
2014.06.13 01:08:21.631,0.80002,0.80012,2.44,1.57
2014.06.13 01:08:22.705,0.80001,0.80011,1.69,2.82
2014.06.13 01:08:26.519,0.80001,0.80009,1.69,1.25
2014.06.13 01:08:27.541,0.80001,0.8001,1.00,2.07
2014.06.13 01:08:29.473,0.8,0.8001,1.69,2.07
2014.06.13 01:08:29.978,0.80001,0.8001,1.00,2.07
2014.06.13 01:08:30.496,0.8,0.8001,1.25,2.82
2014.06.13 01:08:33.103,0.80001,0.80009,1.00,1.25
2014.06.13 01:08:33.616,0.80001,0.8001,1.25,1.69
2014.06.13 01:08:37.079,0.80002,0.8001,1.00,1.25
2014.06.13 01:08:37.611,0.80001,0.80011,1.69,2.82
2014.06.13 01:08:39.852,0.80002,0.8001,1.00,1.25
2014.06.13 01:08:40.364,0.80003,0.80011,1.25,1.69
2014.06.13 01:08:40.608,0.80004,0.80012,1.25,1.00
2014.06.13 01:08:41.610,0.80004,0.80013,2.44,1.25
2014.06.13 01:08:49.127,0.80004,0.80013,1.69,1.63
2014.06.13 01:08:49.229,0.80004,0.80011,1.00,1.63
2014.06.13 01:08:49.381,0.80002,0.80011,1.25,1.63
2014.06.13 01:08:49.914,0.80001,0.80009,1.19,1.13
2014.06.13 01:08:50.439,0.79998,0.80008,2.44,1.32
2014.06.13 01:08:58.785,0.79997,0.80004,1.00,1.25
2014.06.13 01:08:59.045,0.79994,0.80004,1.69,2.82
2014.06.13 01:08:59.559,0.79994,0.80003,1.19,1.88
2014.06.13 01:08:59.610,0.79993,0.80002,1.25,2.07
2014.06.13 01:09:00.575,0.79993,0.80002,1.00,2.07
2014.06.13 01:09:05.607,0.79993,0.80001,1.69,1.25
2014.06.13 01:09:07.619,0.79993,0.80002,1.00,2.07
2014.06.13 01:09:10.724,0.79993,0.80002,1.25,2.07
2014.06.13 01:09:11.643,0.79993,0.80001,1.69,1.19
2014.06.13 01:09:15.652,0.79993,0.80002,1.00,1.32
2014.06.13 01:09:17.665,0.79993,0.80001,1.69,1.19
2014.06.13 01:09:18.687,0.79993,0.80002,1.00,1.32
2014.06.13 01:09:21.674,0.79993,0.80002,1.25,1.32
2014.06.13 01:09:22.725,0.79993,0.80002,1.00,1.32
2014.06.13 01:09:26.515,0.79992,0.80001,1.25,1.25
2014.06.13 01:09:26.821,0.7999,0.8,2.44,1.19
2014.06.13 01:09:33.509,0.7999,0.79999,2.44,1.63
2014.06.13 01:09:34.468,0.7999,0.79999,1.69,1.69
2014.06.13 01:09:35.149,0.79991,0.79999,1.00,1.69
2014.06.13 01:09:35.301,0.79993,0.80002,1.32,2.44
2014.06.13 01:09:35.352,0.79995,0.80002,1.69,1.00
2014.06.13 01:09:35.857,0.79995,0.80003,2.07,1.25
2014.06.13 01:09:36.378,0.79997,0.80006,1.25,1.69
2014.06.13 01:09:36.581,0.79999,0.80006,1.25,1.00
2014.06.13 01:09:36.632,0.79999,0.80008,1.25,1.25
2014.06.13 01:09:40.577,0.79999,0.80008,1.32,1.88
2014.06.13 01:09:41.575,0.79999,0.80008,1.32,2.07
2014.06.13 01:09:43.363,0.79999,0.80008,1.25,2.07
2014.06.13 01:09:44.184,0.79999,0.80007,1.25,1.32
2014.06.13 01:09:44.488,0.79999,0.80009,2.44,1.69
2014.06.13 01:09:44.590,0.80002,0.80009,1.19,1.00
2014.06.13 01:09:45.098,0.80002,0.8001,1.69,1.69
2014.06.13 01:09:46.579,0.80001,0.8001,3.57,1.25
2014.06.13 01:09:47.370,0.80001,0.80009,3.19,1.00
2014.06.13 01:09:48.044,0.80001,0.8001,3.57,1.69
2014.06.13 01:09:58.324,0.80002,0.8001,1.32,1.00
2014.06.13 01:10:00.331,0.80001,0.8001,3.57,1.00
2014.06.13 01:10:05.060,0.80002,0.8001,1.63,1.00
2014.06.13 01:10:07.081,0.80002,0.8001,1.32,1.00
2014.06.13 01:10:07.718,0.80002,0.8001,1.32,1.00
2014.06.13 01:10:11.555,0.80003,0.8001,1.69,1.00
2014.06.13 01:10:12.594,0.80003,0.80009,1.00,1.19
2014.06.13 01:10:12.898,0.80001,0.80009,2.82,1.19
2014.06.13 01:10:13.590,0.80001,0.8001,1.88,2.07
2014.06.13 01:10:14.280,0.80001,0.8001,1.88,1.69
2014.06.13 01:10:15.616,0.80001,0.8001,2.82,1.25
2014.06.13 01:10:18.463,0.80001,0.8001,2.44,1.25
2014.06.13 01:10:19.399,0.80001,0.8001,2.82,1.25
2014.06.13 01:10:19.925,0.80001,0.80009,2.82,1.25
2014.06.13 01:10:24.636,0.80001,0.80009,2.82,1.19
2014.06.13 01:10:25.639,0.80001,0.8001,2.07,1.69
2014.06.13 01:10:32.902,0.80001,0.8001,1.88,1.69
2014.06.13 01:10:35.727,0.80001,0.8001,1.88,2.82
2014.06.13 01:10:45.836,0.80001,0.80009,1.50,1.19
2014.06.13 01:10:52.733,0.80001,0.8001,1.50,2.44
2014.06.13 01:10:53.739,0.80001,0.80009,2.44,1.19
2014.06.13 01:10:55.752,0.80001,0.8001,2.82,1.25
2014.06.13 01:11:10.816,0.80001,0.8001,1.50,2.44
2014.06.13 01:11:35.948,0.8,0.80009,2.07,1.25
2014.06.13 01:11:36.466,0.8,0.80009,2.07,1.00
2014.06.13 01:11:40.018,0.8,0.80009,1.69,1.25
2014.06.13 01:11:41.052,0.8,0.80009,1.69,1.00
2014.06.13 01:11:44.353,0.8,0.8001,1.69,2.82
2014.06.13 01:11:48.058,0.8,0.8001,1.69,2.82
2014.06.13 01:11:49.063,0.8,0.8001,1.69,2.82
2014.06.13 01:11:51.041,0.8,0.8001,1.69,2.82
2014.06.13 01:11:54.680,0.8,0.8001,2.07,1.69
2014.06.13 01:11:55.185,0.80002,0.8001,1.25,1.69
2014.06.13 01:12:02.125,0.80001,0.8001,1.32,1.00
2014.06.13 01:12:03.090,0.80002,0.8001,1.25,1.69
2014.06.13 01:12:04.107,0.80001,0.8001,1.32,1.25
2014.06.13 01:12:04.768,0.80001,0.8001,1.25,1.63
2014.06.13 01:12:06.110,0.80001,0.8001,1.25,1.69
2014.06.13 01:12:08.103,0.80002,0.8001,1.25,1.69
2014.06.13 01:12:11.111,0.80001,0.8001,1.69,1.25
2014.06.13 01:12:16.080,0.80001,0.8001,1.63,1.69
2014.06.13 01:12:17.206,0.80002,0.8001,1.32,1.69
2014.06.13 01:12:17.661,0.80002,0.8001,2.07,1.69
2014.06.13 01:12:18.173,0.80003,0.8001,2.07,1.00
2014.06.13 01:12:22.197,0.80003,0.80011,1.63,1.00
2014.06.13 01:12:23.550,0.80003,0.80011,2.44,1.00
2014.06.13 01:12:23.853,0.80002,0.8001,1.69,1.69
2014.06.13 01:12:28.569,0.80002,0.8001,1.50,1.69
2014.06.13 01:12:32.417,0.80004,0.80011,1.13,1.00
2014.06.13 01:12:42.417,0.80005,0.80011,1.25,1.00
2014.06.13 01:12:45.665,0.80003,0.80011,2.07,1.00
2014.06.13 01:12:52.627,0.80003,0.80011,2.07,1.00
2014.06.13 01:12:58.816,0.80004,0.80011,1.25,1.00
2014.06.13 01:12:59.714,0.80003,0.80011,2.07,1.00
2014.06.13 01:13:04.718,0.80003,0.80011,2.07,1.00
2014.06.13 01:13:06.640,0.80003,0.80011,2.07,1.00
2014.06.13 01:13:14.139,0.80005,0.80011,1.32,1.00
2014.06.13 01:13:16.168,0.80004,0.80011,1.57,1.00
2014.06.13 01:13:17.795,0.80004,0.80012,1.57,1.00
2014.06.13 01:13:19.138,0.80004,0.80012,1.32,1.00
2014.06.13 01:13:21.152,0.80004,0.80013,1.32,1.25
2014.06.13 01:13:22.147,0.80004,0.80013,1.32,1.00
2014.06.13 01:13:27.261,0.80005,0.80013,1.32,1.69
2014.06.13 01:13:32.174,0.80004,0.80013,1.63,1.25
2014.06.13 01:13:37.401,0.80004,0.80012,1.63,1.00
2014.06.13 01:13:38.298,0.80005,0.80012,1.32,1.00
2014.06.13 01:13:40.429,0.80003,0.80012,1.63,1.25
2014.06.13 01:13:42.519,0.80004,0.80012,1.32,1.69
2014.06.13 01:13:51.556,0.80003,0.80012,2.07,1.00
2014.06.13 01:13:52.560,0.80004,0.80012,1.32,1.69
2014.06.13 01:13:53.582,0.80004,0.80012,1.32,1.00
2014.06.13 01:13:58.784,0.80002,0.80012,2.07,1.69
2014.06.13 01:13:58.835,0.80002,0.80012,2.07,1.69
2014.06.13 01:13:59.903,0.80004,0.80012,1.25,1.69
2014.06.13 01:14:05.934,0.80002,0.80012,2.07,2.44
2014.06.13 01:14:07.917,0.80004,0.80012,1.25,2.44
2014.06.13 01:14:08.951,0.80003,0.80012,1.32,1.69
2014.06.13 01:14:13.940,0.80004,0.80012,1.19,2.44
2014.06.13 01:14:15.975,0.80003,0.80012,1.32,1.50
2014.06.13 01:14:17.981,0.80003,0.80012,1.32,1.69
2014.06.13 01:14:19.397,0.80003,0.80011,1.32,1.00
2014.06.13 01:14:22.996,0.80003,0.80011,1.32,1.00
2014.06.13 01:14:30.098,0.80003,0.80011,1.25,1.00
2014.06.13 01:14:30.918,0.80003,0.80012,1.25,1.69
2014.06.13 01:14:32.348,0.80003,0.80012,1.32,1.50
2014.06.13 01:14:34.326,0.80004,0.80011,1.25,1.00
2014.06.13 01:14:35.340,0.80004,0.80011,1.19,1.00
2014.06.13 01:14:36.445,0.80004,0.80012,1.19,2.44
2014.06.13 01:14:38.392,0.80004,0.80012,1.25,1.00
2014.06.13 01:14:42.923,0.80004,0.80013,1.25,1.25
2014.06.13 01:14:46.477,0.80003,0.80011,1.19,1.00
2014.06.13 01:14:47.070,0.80003,0.8001,1.19,1.00
2014.06.13 01:14:47.593,0.80003,0.8001,1.25,1.00
2014.06.13 01:14:48.642,0.80003,0.80011,1.25,1.00
2014.06.13 01:14:59.447,0.80003,0.80011,1.19,1.69
2014.06.13 01:15:00.529,0.80002,0.80011,1.69,1.25
2014.06.13 01:15:02.839,0.80002,0.80011,2.44,1.00
2014.06.13 01:15:12.923,0.80004,0.80011,1.25,1.00
2014.06.13 01:15:13.427,0.80003,0.80011,1.69,1.00
2014.06.13 01:15:15.814,0.80002,0.80011,1.13,1.00
2014.06.13 01:15:21.874,0.80002,0.80012,2.25,1.13
2014.06.13 01:15:23.191,0.80002,0.80012,2.25,1.13
2014.06.13 01:15:24.656,0.80002,0.80011,1.50,1.00
2014.06.13 01:15:28.009,0.80002,0.80011,1.38,1.38
2014.06.13 01:15:28.566,0.8,0.80011,4.88,1.13
2014.06.13 01:15:29.205,0.80001,0.80011,1.38,1.38
2014.06.13 01:15:29.860,0.80001,0.80011,1.38,1.13
2014.06.13 01:15:34.232,0.80002,0.80011,1.38,1.38
2014.06.13 01:15:35.838,0.80001,0.80011,1.88,2.07
2014.06.13 01:15:36.403,0.80001,0.80011,1.38,2.07
2014.06.13 01:15:36.912,0.80001,0.80011,1.38,1.32
2014.06.13 01:15:45.879,0.80002,0.8001,2.44,1.25
2014.06.13 01:15:52.106,0.80002,0.80011,2.44,1.25
2014.06.13 01:15:54.074,0.80002,0.80011,2.25,1.32
2014.06.13 01:15:55.504,0.80001,0.80009,1.88,1.25
2014.06.13 01:15:57.523,0.80001,0.80009,2.07,1.19
2014.06.13 01:15:58.902,0.80001,0.8001,2.82,1.69
2014.06.13 01:16:01.111,0.80002,0.80011,2.07,1.69
2014.06.13 01:16:12.165,0.80003,0.80011,2.07,1.69
2014.06.13 01:16:20.595,0.80003,0.80011,1.00,1.25
2014.06.13 01:16:40.083,0.80004,0.80011,1.00,1.00
2014.06.13 01:16:47.043,0.80004,0.80012,1.25,1.00
2014.06.13 01:16:49.959,0.80004,0.80012,2.82,1.69
2014.06.13 01:16:50.935,0.80004,0.80012,1.88,1.25
2014.06.13 01:16:55.070,0.80005,0.80012,1.25,1.25
2014.06.13 01:17:23.658,0.80004,0.80012,2.07,1.00
2014.06.13 01:17:30.137,0.80004,0.80013,2.07,1.25
2014.06.13 01:17:30.974,0.80004,0.80013,2.82,1.00
2014.06.13 01:17:35.368,0.80004,0.80013,2.07,1.25
2014.06.13 01:17:39.684,0.80004,0.80013,2.07,1.00
2014.06.13 01:17:41.995,0.80004,0.80013,2.07,1.25
2014.06.13 01:17:46.085,0.80004,0.80012,2.07,1.00
2014.06.13 01:17:47.184,0.80004,0.80013,2.07,1.25
2014.06.13 01:17:47.336,0.80006,0.80013,1.25,1.00
2014.06.13 01:17:54.448,0.80007,0.80013,1.25,1.00
2014.06.13 01:17:58.300,0.80006,0.80013,1.00,1.32
2014.06.13 01:17:58.604,0.80004,0.80011,1.00,1.00
2014.06.13 01:17:59.144,0.80003,0.80011,1.25,1.00
2014.06.13 01:17:59.652,0.80004,0.80011,1.00,1.00
2014.06.13 01:18:00.157,0.80003,0.80012,2.07,1.00
2014.06.13 01:18:00.915,0.80003,0.80012,2.07,1.25
2014.06.13 01:18:01.829,0.80004,0.80012,1.00,1.25
2014.06.13 01:18:02.133,0.80003,0.8001,1.00,1.00
2014.06.13 01:18:02.564,0.80004,0.80012,1.00,1.25
2014.06.13 01:18:03.147,0.80003,0.80012,1.00,1.25
2014.06.13 01:18:06.795,0.80004,0.80012,1.00,1.69
2014.06.13 01:18:07.437,0.80004,0.8001,1.00,1.25
2014.06.13 01:18:07.488,0.80002,0.8001,1.00,1.25
2014.06.13 01:18:07.995,0.8,0.8001,3.57,1.69
2014.06.13 01:18:09.427,0.8,0.8001,2.82,1.69
2014.06.13 01:18:10.093,0.8,0.8001,1.69,1.69
2014.06.13 01:18:10.831,0.8,0.80008,1.25,1.00
2014.06.13 01:18:13.884,0.79998,0.80008,1.50,3.94
2014.06.13 01:18:14.390,0.8,0.80008,1.00,1.69
2014.06.13 01:18:16.178,0.8,0.80008,1.69,1.69
2014.06.13 01:18:17.153,0.8,0.80008,1.00,1.69
2014.06.13 01:18:18.345,0.79999,0.80008,1.69,1.25
2014.06.13 01:18:19.182,0.79999,0.80007,1.32,1.25
2014.06.13 01:18:20.183,0.79998,0.80008,2.82,2.07
2014.06.13 01:18:25.585,0.79999,0.80008,1.32,2.07
2014.06.13 01:18:27.033,0.79999,0.80007,1.13,1.19
2014.06.13 01:18:27.539,0.79997,0.80005,1.63,1.00
2014.06.13 01:18:32.646,0.79997,0.80006,2.07,1.00
2014.06.13 01:18:33.206,0.79997,0.80007,2.82,2.44
2014.06.13 01:18:34.679,0.79998,0.80006,1.32,1.00
2014.06.13 01:18:35.193,0.79997,0.80007,2.82,1.69
2014.06.13 01:18:35.497,0.79999,0.80005,1.00,1.00
2014.06.13 01:18:35.750,0.79998,0.80007,1.69,1.25
2014.06.13 01:18:36.388,0.79998,0.80007,2.07,1.25
2014.06.13 01:18:36.893,0.79998,0.80007,1.25,1.69
2014.06.13 01:18:38.784,0.79999,0.80007,1.00,1.69
2014.06.13 01:18:38.834,0.79999,0.80004,1.00,1.00
2014.06.13 01:18:38.936,0.79997,0.80004,1.25,1.00
2014.06.13 01:18:39.593,0.79998,0.80004,1.00,1.00
2014.06.13 01:18:40.104,0.79996,0.80004,2.44,1.00
2014.06.13 01:18:44.557,0.79996,0.80003,1.69,1.00
2014.06.13 01:18:45.064,0.79995,0.80003,1.32,1.69
2014.06.13 01:18:45.617,0.79994,0.80003,1.69,1.25
2014.06.13 01:18:51.491,0.79994,0.80003,2.07,1.25
2014.06.13 01:18:59.633,0.79994,0.80003,1.32,1.69
2014.06.13 01:19:04.308,0.79995,0.80003,1.00,1.69
2014.06.13 01:19:04.814,0.79994,0.80002,1.32,1.25
2014.06.13 01:19:06.456,0.79995,0.80003,1.00,2.44
2014.06.13 01:19:12.526,0.79995,0.80003,2.07,2.44
2014.06.13 01:19:14.588,0.79995,0.80003,1.13,1.69
2014.06.13 01:19:16.493,0.79995,0.80003,1.32,2.44
2014.06.13 01:19:17.497,0.79994,0.80003,2.07,1.69
2014.06.13 01:19:28.760,0.79994,0.80003,1.69,1.69
2014.06.13 01:19:29.588,0.79994,0.80003,2.07,1.50
2014.06.13 01:19:32.533,0.79994,0.80003,2.07,1.50
2014.06.13 01:19:33.128,0.79994,0.80003,1.69,1.50
2014.06.13 01:19:35.575,0.79994,0.80003,1.69,1.69
2014.06.13 01:19:37.574,0.79995,0.80003,1.19,2.44
2014.06.13 01:19:47.632,0.79995,0.80003,1.25,1.19
2014.06.13 01:19:48.674,0.79995,0.80004,1.25,1.25
2014.06.13 01:19:49.914,0.79995,0.80004,1.63,1.25
2014.06.13 01:20:00.691,0.79996,0.80003,1.25,1.25
2014.06.13 01:20:07.108,0.79996,0.80005,1.00,3.94
2014.06.13 01:20:11.323,0.79996,0.80002,1.00,1.00
2014.06.13 01:20:14.220,0.79995,0.80003,1.19,1.00
2014.06.13 01:20:14.726,0.79995,0.80004,1.69,1.00
2014.06.13 01:20:19.863,0.79997,0.80004,1.00,1.25
2014.06.13 01:20:21.126,0.79995,0.80004,1.25,1.25
2014.06.13 01:20:21.228,0.79995,0.80002,1.25,1.00
2014.06.13 01:20:21.984,0.79994,0.80002,1.25,1.00
2014.06.13 01:20:27.456,0.79995,0.80002,1.00,1.00
2014.06.13 01:20:32.846,0.79993,0.80002,3.57,1.00
2014.06.13 01:20:35.568,0.79995,0.80002,1.25,1.25
2014.06.13 01:20:38.192,0.79993,0.80002,2.82,1.69
2014.06.13 01:20:40.106,0.79994,0.80002,1.00,1.69
2014.06.13 01:20:40.667,0.79993,0.80002,2.82,1.69
2014.06.13 01:20:44.176,0.79995,0.80002,1.00,1.25
2014.06.13 01:20:44.287,0.79993,0.80002,3.57,1.25
2014.06.13 01:20:48.031,0.79994,0.80002,1.00,1.25
2014.06.13 01:20:48.811,0.79993,0.80002,2.82,1.25
2014.06.13 01:20:50.183,0.79994,0.80002,1.19,1.69
2014.06.13 01:20:51.196,0.79993,0.80002,2.82,1.00
2014.06.13 01:21:00.216,0.79993,0.80002,3.57,1.25
2014.06.13 01:21:01.015,0.79995,0.80002,1.00,1.25
2014.06.13 01:21:01.327,0.79993,0.80002,3.57,1.25
2014.06.13 01:21:02.229,0.79993,0.80002,3.57,1.00
2014.06.13 01:21:03.239,0.79993,0.80002,3.57,1.25
2014.06.13 01:21:03.788,0.79994,0.80003,1.00,2.44
2014.06.13 01:21:04.344,0.79994,0.80003,1.69,2.44
2014.06.13 01:21:07.407,0.79996,0.80003,1.00,1.25
2014.06.13 01:21:09.599,0.79996,0.80005,1.50,2.44
2014.06.13 01:21:10.811,0.79997,0.80005,1.00,1.69
2014.06.13 01:21:10.913,0.79997,0.80006,1.25,1.69
2014.06.13 01:21:12.910,0.79998,0.80006,1.25,1.19
2014.06.13 01:21:17.900,0.79998,0.80007,1.32,1.25
2014.06.13 01:21:19.909,0.79999,0.80007,1.19,1.25
2014.06.13 01:21:20.928,0.79999,0.80009,3.19,1.69
2014.06.13 01:21:23.934,0.80001,0.80009,1.25,1.19
2014.06.13 01:21:24.487,0.80001,0.80009,1.63,1.19
2014.06.13 01:21:24.953,0.8,0.8001,1.19,1.69
2014.06.13 01:21:25.933,0.8,0.8001,2.44,1.19
2014.06.13 01:21:28.715,0.80002,0.8001,1.00,1.19
2014.06.13 01:21:29.280,0.8,0.8001,2.44,1.25
2014.06.13 01:21:35.991,0.8,0.8001,2.82,2.44
2014.06.13 01:21:37.978,0.8,0.8001,2.82,2.44
2014.06.13 01:21:38.981,0.80002,0.8001,1.25,2.44
2014.06.13 01:21:43.697,0.80001,0.8001,1.32,1.69
2014.06.13 01:21:44.700,0.80001,0.8001,1.32,1.50
2014.06.13 01:21:47.027,0.80001,0.8001,1.25,1.69
2014.06.13 01:22:01.756,0.80001,0.80009,1.25,1.19
2014.06.13 01:22:02.768,0.8,0.8001,2.44,2.07
2014.06.13 01:22:07.276,0.8,0.8001,2.82,2.07
2014.06.13 01:22:08.335,0.8,0.8001,2.44,1.69
2014.06.13 01:22:09.070,0.8,0.8001,2.82,2.07
2014.06.13 01:22:09.988,0.8,0.8001,2.07,3.57
2014.06.13 01:22:11.995,0.80001,0.80009,1.19,1.32
2014.06.13 01:22:15.061,0.80001,0.80009,1.25,1.32
2014.06.13 01:22:17.018,0.8,0.8001,1.69,3.57
2014.06.13 01:22:20.130,0.8,0.8001,1.69,4.32
2014.06.13 01:22:20.584,0.8,0.8001,1.69,4.32
2014.06.13 01:22:21.171,0.8,0.8001,2.44,4.32
2014.06.13 01:22:27.082,0.80001,0.80009,1.19,1.32
2014.06.13 01:22:28.104,0.8,0.8001,1.69,2.07
2014.06.13 01:22:29.087,0.80001,0.80009,1.19,1.25
2014.06.13 01:22:29.398,0.79999,0.80008,1.25,2.44
2014.06.13 01:22:31.413,0.79998,0.80008,3.57,3.57
2014.06.13 01:22:32.423,0.79999,0.80007,1.63,1.19
2014.06.13 01:22:36.422,0.79998,0.80007,3.19,1.32
2014.06.13 01:22:38.472,0.79999,0.80007,1.63,1.32
2014.06.13 01:22:39.433,0.79999,0.80008,1.38,3.57
2014.06.13 01:22:49.241,0.79999,0.80007,1.38,1.32
2014.06.13 01:22:53.205,0.79998,0.80007,2.44,1.32
2014.06.13 01:22:55.558,0.79998,0.80007,1.50,2.07
2014.06.13 01:22:58.541,0.79998,0.80007,1.69,2.07
2014.06.13 01:23:01.374,0.79998,0.80007,1.69,2.07
2014.06.13 01:23:04.870,0.79998,0.80007,1.69,2.07
2014.06.13 01:23:05.379,0.79998,0.80007,1.50,2.07
2014.06.13 01:23:08.986,0.79997,0.80006,3.00,1.32
2014.06.13 01:23:09.988,0.79997,0.80006,3.19,1.32
2014.06.13 01:23:19.005,0.79998,0.80006,2.44,3.19
2014.06.13 01:23:22.050,0.79998,0.80006,1.50,1.25
2014.06.13 01:23:26.047,0.79998,0.80006,1.13,1.69
2014.06.13 01:23:27.070,0.79998,0.80006,1.13,1.69
2014.06.13 01:23:28.585,0.79998,0.80003,1.13,1.25
2014.06.13 01:23:29.188,0.79996,0.80003,1.63,1.69
2014.06.13 01:23:31.662,0.79996,0.80002,1.38,1.25
2014.06.13 01:23:32.667,0.79996,0.80003,1.38,1.25
2014.06.13 01:23:39.694,0.79996,0.80002,1.38,1.25
2014.06.13 01:23:41.741,0.79996,0.80003,1.38,1.25
2014.06.13 01:23:50.637,0.79996,0.80002,1.38,1.19
2014.06.13 01:23:51.302,0.79996,0.80002,1.38,1.50
2014.06.13 01:23:52.957,0.79996,0.80001,1.13,1.25
2014.06.13 01:23:57.962,0.79994,0.80002,1.38,2.07
2014.06.13 01:23:59.845,0.79994,0.80001,1.38,1.50
2014.06.13 01:24:01.070,0.79994,0.80001,1.00,1.50
2014.06.13 01:24:05.917,0.79994,0.80001,1.50,1.25
2014.06.13 01:24:15.414,0.79993,0.80001,1.50,1.25
2014.06.13 01:24:18.591,0.79993,0.8,1.00,1.32
2014.06.13 01:24:18.844,0.79991,0.8,1.00,1.32
2014.06.13 01:24:19.391,0.79992,0.8,1.00,4.32
2014.06.13 01:24:19.594,0.7999,0.79999,1.69,1.25
2014.06.13 01:24:20.313,0.79991,0.79999,1.00,2.44
2014.06.13 01:24:21.334,0.7999,0.79999,2.44,1.69
2014.06.13 01:24:21.870,0.79991,0.79999,1.69,2.44
2014.06.13 01:24:22.420,0.79992,0.79999,1.00,2.44
2014.06.13 01:24:23.426,0.79993,0.79999,1.00,1.19
2014.06.13 01:24:23.820,0.79993,0.8,1.00,2.44
2014.06.13 01:24:25.183,0.79994,0.8,1.00,2.44
2014.06.13 01:24:28.837,0.79994,0.79999,1.00,1.25
2014.06.13 01:24:29.039,0.79992,0.79999,1.25,1.69
2014.06.13 01:24:29.399,0.79994,0.79999,1.00,1.69
2014.06.13 01:24:29.933,0.79993,0.8,1.00,1.69
2014.06.13 01:24:30.936,0.79994,0.8,1.00,3.19
2014.06.13 01:24:31.534,0.79993,0.8,1.25,3.57
2014.06.13 01:24:36.866,0.79992,0.8,1.50,2.82
2014.06.13 01:24:37.527,0.79992,0.8,1.38,2.82
2014.06.13 01:24:38.893,0.79992,0.8,1.88,2.82
2014.06.13 01:25:06.328,0.79992,0.8,1.88,1.25
2014.06.13 01:25:07.398,0.79992,0.8,1.50,1.25
2014.06.13 01:25:14.139,0.79991,0.8,2.82,1.25
2014.06.13 01:25:18.403,0.79992,0.8,1.25,3.19
2014.06.13 01:25:22.421,0.79991,0.8,2.07,1.69
2014.06.13 01:25:27.821,0.79992,0.8,1.00,1.69
2014.06.13 01:25:29.142,0.79991,0.8,2.07,1.69
2014.06.13 01:25:47.330,0.79991,0.79999,2.44,1.00
2014.06.13 01:25:52.006,0.79991,0.79999,2.44,1.00
2014.06.13 01:25:53.227,0.79991,0.8,2.44,2.44
2014.06.13 01:25:58.064,0.79991,0.8,2.25,2.44
2014.06.13 01:26:11.343,0.79992,0.8,1.38,3.19
2014.06.13 01:26:11.849,0.79991,0.8,2.25,3.19
2014.06.13 01:26:25.905,0.79991,0.79998,1.50,1.50
2014.06.13 01:26:26.211,0.79989,0.79995,1.00,1.69
2014.06.13 01:26:26.718,0.79989,0.79995,1.38,1.25
2014.06.13 01:26:27.483,0.79989,0.79996,1.38,1.25
2014.06.13 01:26:32.886,0.79989,0.79996,1.32,1.25
2014.06.13 01:26:33.813,0.79989,0.79997,1.13,2.82
2014.06.13 01:26:34.817,0.79989,0.79996,1.32,1.25
2014.06.13 01:26:35.821,0.79989,0.79997,1.13,1.69
2014.06.13 01:26:39.751,0.79988,0.79997,1.32,3.57
2014.06.13 01:26:40.054,0.79988,0.79994,1.00,1.25
2014.06.13 01:26:40.105,0.79985,0.79994,1.25,1.25
2014.06.13 01:26:41.071,0.79985,0.79994,1.50,1.69
2014.06.13 01:26:44.085,0.79985,0.79992,1.00,1.19
2014.06.13 01:26:44.440,0.79983,0.7999,1.00,1.00
2014.06.13 01:26:44.491,0.79983,0.79989,1.00,1.32
2014.06.13 01:26:44.998,0.7998,0.79988,4.13,1.19
2014.06.13 01:26:50.595,0.7998,0.79987,1.38,1.32
2014.06.13 01:26:53.606,0.7998,0.79987,2.63,1.32
2014.06.13 01:27:03.753,0.7998,0.79988,1.38,1.25
2014.06.13 01:27:08.096,0.7998,0.7999,3.19,2.44
2014.06.13 01:27:08.615,0.79984,0.79992,1.63,3.19
2014.06.13 01:27:09.524,0.79984,0.79992,1.38,3.19
2014.06.13 01:27:11.821,0.79984,0.79992,1.38,2.07
2014.06.13 01:27:12.125,0.79984,0.79989,1.00,1.19
2014.06.13 01:27:12.176,0.79982,0.79989,1.13,1.19
2014.06.13 01:27:15.167,0.79981,0.79988,1.88,1.25
2014.06.13 01:27:15.678,0.79981,0.79989,2.82,1.25
2014.06.13 01:27:16.206,0.79981,0.79991,2.82,4.69
2014.06.13 01:27:28.280,0.79982,0.79988,1.38,1.25
2014.06.13 01:27:28.331,0.79982,0.79988,1.13,1.25
2014.06.13 01:27:28.483,0.79979,0.79986,1.50,1.19
2014.06.13 01:27:28.787,0.79978,0.79984,1.00,1.19
2014.06.13 01:27:29.091,0.79978,0.79984,1.50,1.19
2014.06.13 01:27:29.611,0.79978,0.79984,1.00,1.19
2014.06.13 01:27:29.836,0.79978,0.79985,1.38,1.25
2014.06.13 01:27:30.800,0.79978,0.79985,1.00,1.19
2014.06.13 01:27:33.844,0.79978,0.79985,1.38,1.25
2014.06.13 01:27:37.338,0.79978,0.79984,1.00,1.25
2014.06.13 01:27:39.455,0.79978,0.79986,1.38,1.19
2014.06.13 01:27:44.866,0.79979,0.79987,1.88,1.25
2014.06.13 01:27:45.170,0.79982,0.7999,1.69,1.50
2014.06.13 01:27:45.424,0.79983,0.79991,1.38,1.25
2014.06.13 01:27:45.829,0.79986,0.79991,1.00,1.25
2014.06.13 01:27:46.334,0.79985,0.79991,1.00,1.25
2014.06.13 01:27:46.942,0.79985,0.79993,1.00,1.69
2014.06.13 01:27:49.409,0.79985,0.79993,1.13,1.69
2014.06.13 01:27:50.398,0.79985,0.79993,1.13,1.69
2014.06.13 01:27:52.075,0.79985,0.79993,1.38,1.69
2014.06.13 01:27:53.243,0.79986,0.79994,1.38,1.25
2014.06.13 01:27:53.641,0.79986,0.79992,1.00,1.19
2014.06.13 01:27:53.692,0.79982,0.79992,3.19,1.32
2014.06.13 01:27:53.996,0.79983,0.79993,1.50,1.69
2014.06.13 01:27:54.349,0.79985,0.7999,1.00,1.25
2014.06.13 01:27:54.451,0.79982,0.7999,2.07,1.25
2014.06.13 01:27:54.773,0.79984,0.79993,3.00,1.69
2014.06.13 01:27:55.326,0.79985,0.79993,1.00,1.25
2014.06.13 01:27:55.839,0.79985,0.79992,1.00,1.25
2014.06.13 01:27:55.991,0.79983,0.79992,1.00,1.69
2014.06.13 01:27:56.525,0.79984,0.79992,2.25,1.25
2014.06.13 01:27:57.054,0.79984,0.79993,2.25,1.25
2014.06.13 01:27:57.589,0.79985,0.79993,1.00,2.07
2014.06.13 01:27:59.677,0.79986,0.79994,1.00,1.69
2014.06.13 01:28:00.184,0.79987,0.79994,1.88,1.19
2014.06.13 01:28:00.666,0.79987,0.79995,1.88,1.25
2014.06.13 01:28:07.315,0.79987,0.79995,2.25,1.25
2014.06.13 01:28:07.416,0.79987,0.79996,1.25,1.63
2014.06.13 01:28:07.518,0.79984,0.79994,2.44,1.63
2014.06.13 01:28:07.671,0.79983,0.7999,1.00,1.00
2014.06.13 01:28:07.977,0.79983,0.79989,1.00,1.19
2014.06.13 01:28:08.281,0.79981,0.79987,1.00,1.19
2014.06.13 01:28:08.646,0.79979,0.79987,1.50,1.19
2014.06.13 01:28:09.164,0.7998,0.79987,1.00,1.19
2014.06.13 01:28:09.670,0.79979,0.79987,1.00,1.25
2014.06.13 01:28:10.401,0.79978,0.79987,1.00,1.19
2014.06.13 01:28:11.842,0.79977,0.79987,2.82,1.69
2014.06.13 01:28:12.403,0.79977,0.79986,1.88,1.19
2014.06.13 01:28:15.398,0.79977,0.79985,1.88,1.25
2014.06.13 01:28:16.418,0.79977,0.79985,1.88,1.19
2014.06.13 01:28:17.614,0.79977,0.79985,2.25,1.19
2014.06.13 01:28:17.665,0.79977,0.79986,2.44,1.25
2014.06.13 01:28:18.356,0.79978,0.79987,1.69,1.25
2014.06.13 01:28:18.406,0.79978,0.79987,2.82,1.25
2014.06.13 01:28:18.912,0.79981,0.79989,1.13,1.19
2014.06.13 01:28:19.317,0.79983,0.79989,1.00,1.19
2014.06.13 01:28:19.820,0.79983,0.7999,1.00,1.19
2014.06.13 01:28:20.611,0.79983,0.79988,1.00,1.00
2014.06.13 01:28:20.662,0.7998,0.79988,1.69,1.00
2014.06.13 01:28:20.814,0.7998,0.79988,2.07,1.00
2014.06.13 01:28:21.469,0.79982,0.7999,1.13,1.19
2014.06.13 01:28:27.688,0.79982,0.7999,1.13,1.25
2014.06.13 01:28:28.637,0.79982,0.7999,1.38,1.25
2014.06.13 01:28:30.838,0.79983,0.79992,1.13,2.82
2014.06.13 01:28:36.447,0.79982,0.7999,1.25,1.00
2014.06.13 01:28:36.751,0.79984,0.79993,1.88,1.25
2014.06.13 01:28:36.853,0.79984,0.79993,1.50,1.32
2014.06.13 01:28:37.005,0.79983,0.79992,1.25,1.38
2014.06.13 01:28:37.308,0.79985,0.79993,1.00,1.25
2014.06.13 01:28:37.359,0.79983,0.79993,4.69,1.25
2014.06.13 01:28:37.410,0.79983,0.79993,4.69,1.63
2014.06.13 01:28:37.714,0.79984,0.79993,1.38,1.25
2014.06.13 01:28:37.867,0.79984,0.79992,1.25,1.25
2014.06.13 01:28:37.972,0.79983,0.79991,1.50,1.19
2014.06.13 01:28:38.370,0.79984,0.79993,1.38,1.69
2014.06.13 01:28:38.423,0.79983,0.79991,1.50,1.00
2014.06.13 01:28:38.626,0.79984,0.79991,1.38,1.00
2014.06.13 01:28:38.778,0.79984,0.79993,1.38,2.44
2014.06.13 01:28:38.829,0.79984,0.79993,1.00,2.44
2014.06.13 01:28:38.880,0.79982,0.79991,2.25,1.50
2014.06.13 01:28:39.184,0.79984,0.79991,1.38,1.00
2014.06.13 01:28:39.235,0.79984,0.79993,1.88,1.69
2014.06.13 01:28:45.079,0.79984,0.79992,2.63,1.19
2014.06.13 01:28:45.131,0.79984,0.79991,1.00,1.32
2014.06.13 01:28:45.333,0.79984,0.79991,1.38,1.32
2014.06.13 01:28:45.587,0.79984,0.79991,2.25,1.25
2014.06.13 01:28:45.891,0.79983,0.79992,2.63,1.00
2014.06.13 01:28:46.246,0.79984,0.79992,1.00,1.13
2014.06.13 01:28:46.348,0.79985,0.79993,1.38,2.44
2014.06.13 01:28:48.624,0.79985,0.79993,2.25,1.25
2014.06.13 01:28:48.777,0.79985,0.79991,1.00,1.25
2014.06.13 01:28:49.133,0.79983,0.79991,1.50,1.25
2014.06.13 01:28:50.807,0.79983,0.7999,1.00,1.19
2014.06.13 01:28:51.303,0.79981,0.79987,1.00,1.19
2014.06.13 01:28:51.354,0.79979,0.79987,1.00,1.19
2014.06.13 01:28:51.405,0.79978,0.79984,3.00,1.25
2014.06.13 01:28:51.557,0.79976,0.79984,1.88,1.25
2014.06.13 01:28:52.118,0.79977,0.79984,1.00,1.25
2014.06.13 01:28:52.668,0.79976,0.79984,1.13,1.25
2014.06.13 01:28:53.508,0.79976,0.79983,1.32,1.25
2014.06.13 01:28:56.502,0.79976,0.79983,1.88,1.19
2014.06.13 01:28:57.505,0.79976,0.79984,1.88,1.19
2014.06.13 01:28:58.509,0.79976,0.79983,1.88,1.19
2014.06.13 01:29:00.541,0.79976,0.79984,1.88,1.25
2014.06.13 01:29:04.802,0.79976,0.79985,1.88,1.19
2014.06.13 01:29:04.854,0.79979,0.79987,1.00,1.69
2014.06.13 01:29:05.361,0.79977,0.79984,1.50,1.69
2014.06.13 01:29:05.668,0.79974,0.7998,1.00,1.19
2014.06.13 01:29:05.820,0.79972,0.7998,1.25,1.19
2014.06.13 01:29:06.073,0.7997,0.79978,1.00,1.25
2014.06.13 01:29:06.579,0.79973,0.79981,1.38,1.00
2014.06.13 01:29:06.782,0.79974,0.79983,2.63,1.69
2014.06.13 01:29:08.132,0.79978,0.79984,1.00,1.19
2014.06.13 01:29:10.244,0.79979,0.79984,1.00,1.19
2014.06.13 01:29:10.599,0.79978,0.79985,1.13,1.25
2014.06.13 01:29:11.121,0.79979,0.79985,1.00,1.25
2014.06.13 01:29:14.104,0.79978,0.79985,1.13,1.25
2014.06.13 01:29:17.256,0.79978,0.79987,2.07,1.32
2014.06.13 01:29:17.407,0.79981,0.79987,1.00,1.32
2014.06.13 01:29:17.610,0.79978,0.79987,2.07,1.32
2014.06.13 01:29:17.712,0.7998,0.79987,1.00,1.32
2014.06.13 01:29:18.218,0.79979,0.79987,1.00,1.32
2014.06.13 01:29:18.727,0.79979,0.79987,1.00,2.07
2014.06.13 01:29:19.265,0.7998,0.79987,1.00,2.07
2014.06.13 01:29:20.054,0.7998,0.79987,1.00,2.07
2014.06.13 01:29:20.600,0.79978,0.79986,2.82,1.63
2014.06.13 01:29:21.333,0.79978,0.79986,1.88,1.63
2014.06.13 01:29:24.993,0.79978,0.79986,1.13,1.25
2014.06.13 01:29:25.549,0.79978,0.79985,1.50,1.25
2014.06.13 01:29:33.179,0.79978,0.79985,1.00,1.19
2014.06.13 01:29:36.411,0.79979,0.79986,1.00,1.32
2014.06.13 01:29:37.504,0.79979,0.79986,1.00,1.32
2014.06.13 01:29:42.238,0.79979,0.79985,1.00,1.19
2014.06.13 01:29:42.440,0.79976,0.79983,1.00,1.25
2014.06.13 01:29:42.962,0.79975,0.79983,1.50,1.25
2014.06.13 01:29:44.603,0.79975,0.79983,2.63,1.25
2014.06.13 01:29:45.109,0.79977,0.79984,1.50,1.19
2014.06.13 01:29:46.250,0.79977,0.79985,2.25,1.32
2014.06.13 01:29:46.782,0.79977,0.79985,2.63,1.32
2014.06.13 01:29:48.360,0.79979,0.79987,1.88,2.82
2014.06.13 01:29:56.380,0.79979,0.79987,1.88,1.32
2014.06.13 01:29:57.400,0.79979,0.79987,1.88,1.32
2014.06.13 01:29:57.909,0.7998,0.79987,1.00,1.32
2014.06.13 01:29:58.454,0.79979,0.79987,1.88,1.63
2014.06.13 01:29:58.557,0.79979,0.79987,1.88,1.32
2014.06.13 01:29:59.434,0.79979,0.79986,1.13,1.19
2014.06.13 01:29:59.746,0.79977,0.79986,1.00,1.57
2014.06.13 01:30:02.813,0.79977,0.79983,1.00,1.32
2014.06.13 01:30:03.832,0.79977,0.79984,1.00,1.63
2014.06.13 01:30:04.529,0.79976,0.79984,1.13,1.63
2014.06.13 01:30:05.997,0.79975,0.79985,2.82,2.07
2014.06.13 01:30:07.913,0.79977,0.79985,1.00,2.07
2014.06.13 01:30:08.318,0.79979,0.79985,1.00,1.00
2014.06.13 01:30:08.470,0.7998,0.79988,1.00,1.32
2014.06.13 01:30:11.576,0.7998,0.7999,3.19,2.07
2014.06.13 01:30:11.627,0.79982,0.7999,1.00,2.07
2014.06.13 01:30:12.463,0.79982,0.7999,1.00,1.32
2014.06.13 01:30:13.063,0.79981,0.7999,1.69,1.25
2014.06.13 01:30:14.986,0.79981,0.79989,1.69,1.00
2014.06.13 01:30:15.290,0.79984,0.79992,1.38,1.38
2014.06.13 01:30:15.493,0.79983,0.79992,1.50,1.38
2014.06.13 01:30:15.544,0.79983,0.79991,1.13,1.38
2014.06.13 01:30:15.848,0.79985,0.79993,1.88,1.63
2014.06.13 01:30:18.287,0.79985,0.79994,2.63,1.57
2014.06.13 01:30:25.854,0.79985,0.79992,1.50,2.07
2014.06.13 01:30:26.158,0.7998,0.79987,1.00,1.69
2014.06.13 01:30:26.462,0.7998,0.79987,1.88,1.19
2014.06.13 01:30:26.665,0.79984,0.79992,1.38,3.94
2014.06.13 01:30:26.867,0.79983,0.79989,3.75,1.25
2014.06.13 01:30:27.184,0.79984,0.79992,1.38,1.69
2014.06.13 01:30:27.388,0.79984,0.79993,3.19,1.63
2014.06.13 01:30:27.894,0.79983,0.79993,2.82,2.82
2014.06.13 01:30:28.419,0.79983,0.79993,2.82,2.82
2014.06.13 01:30:29.040,0.79983,0.79992,1.32,1.63
2014.06.13 01:30:29.984,0.79983,0.7999,1.13,1.19
2014.06.13 01:30:30.491,0.79981,0.79989,1.38,1.19
2014.06.13 01:30:30.896,0.79979,0.79988,1.50,3.57
2014.06.13 01:30:31.542,0.79979,0.79986,1.00,1.00
2014.06.13 01:30:33.203,0.79981,0.79986,1.00,1.25
2014.06.13 01:30:33.406,0.79979,0.79986,1.00,1.25
2014.06.13 01:30:33.812,0.7998,0.79986,1.00,1.63
2014.06.13 01:30:33.863,0.79977,0.79986,1.69,1.63
2014.06.13 01:30:37.068,0.79977,0.79984,1.38,1.25
2014.06.13 01:30:39.021,0.79977,0.79985,1.38,1.25
2014.06.13 01:30:40.350,0.79978,0.79986,1.13,1.32
2014.06.13 01:30:41.200,0.79978,0.79986,1.13,1.63
2014.06.13 01:30:41.707,0.79977,0.79985,2.07,1.32
2014.06.13 01:30:42.366,0.79977,0.79986,1.63,1.63
2014.06.13 01:30:47.767,0.79977,0.79985,1.69,1.19
2014.06.13 01:30:47.869,0.79977,0.79985,2.82,1.19
2014.06.13 01:30:48.072,0.79977,0.79984,1.50,1.25
2014.06.13 01:30:48.579,0.79977,0.79984,1.38,1.25
2014.06.13 01:30:50.907,0.79977,0.79983,1.38,1.19
2014.06.13 01:30:51.446,0.79977,0.79983,1.00,1.19
2014.06.13 01:30:52.067,0.79977,0.79983,1.00,1.25
2014.06.13 01:30:57.394,0.79975,0.79983,1.38,1.69
2014.06.13 01:30:57.698,0.79973,0.7998,1.00,2.07
2014.06.13 01:30:57.799,0.79973,0.7998,1.00,1.69
2014.06.13 01:30:57.850,0.79973,0.7998,1.38,1.00
2014.06.13 01:30:58.053,0.79974,0.79982,1.38,3.19
2014.06.13 01:30:58.154,0.79974,0.79981,1.50,1.25
2014.06.13 01:30:58.407,0.79973,0.79982,1.88,1.50
2014.06.13 01:30:59.582,0.79975,0.79983,1.00,1.32
2014.06.13 01:30:59.886,0.79975,0.79983,1.88,1.69
2014.06.13 01:31:01.949,0.79976,0.79985,3.57,1.25
2014.06.13 01:31:02.957,0.79976,0.79985,2.63,1.19
2014.06.13 01:31:04.526,0.79976,0.79985,2.25,1.32
2014.06.13 01:31:05.271,0.79976,0.79985,2.44,1.25
2014.06.13 01:31:08.998,0.79976,0.79985,2.25,1.19
2014.06.13 01:31:11.383,0.79977,0.79986,1.19,1.50
2014.06.13 01:31:11.689,0.79979,0.79988,1.25,2.44
2014.06.13 01:31:12.205,0.7998,0.79988,1.00,1.69
2014.06.13 01:31:12.793,0.7998,0.79988,1.69,1.69
2014.06.13 01:31:15.420,0.79979,0.79989,2.44,2.82
2014.06.13 01:31:15.470,0.79979,0.79988,2.44,1.63
2014.06.13 01:31:24.878,0.79978,0.79986,1.00,1.32
2014.06.13 01:31:25.499,0.79978,0.79987,1.69,1.38
2014.06.13 01:31:25.804,0.79978,0.79988,2.44,2.82
2014.06.13 01:31:25.855,0.79978,0.79988,2.44,2.82
2014.06.13 01:31:26.361,0.79978,0.79986,2.25,1.32
2014.06.13 01:31:27.909,0.79978,0.79986,2.25,1.32
2014.06.13 01:31:34.604,0.79978,0.79987,1.69,1.00
2014.06.13 01:31:35.111,0.79979,0.79988,1.69,1.32
2014.06.13 01:31:35.830,0.79979,0.79989,2.44,2.07
2014.06.13 01:31:37.832,0.79979,0.79989,1.25,1.50
2014.06.13 01:31:37.884,0.79983,0.79991,1.50,1.50
2014.06.13 01:31:38.187,0.79983,0.79989,1.00,1.32
2014.06.13 01:31:38.390,0.79979,0.79987,1.50,1.50
2014.06.13 01:31:38.442,0.79982,0.79987,1.00,1.50
2014.06.13 01:31:38.746,0.79979,0.79984,1.00,1.69
2014.06.13 01:31:38.847,0.79978,0.79984,1.00,1.69
2014.06.13 01:31:39.354,0.79978,0.79984,1.00,1.25
2014.06.13 01:31:39.661,0.79979,0.79986,1.00,1.00
2014.06.13 01:31:40.255,0.79978,0.79986,1.25,1.00
2014.06.13 01:31:42.481,0.79978,0.79986,1.00,2.07
2014.06.13 01:31:42.785,0.79976,0.79985,1.25,1.32
2014.06.13 01:31:43.326,0.79977,0.79985,1.00,1.63
2014.06.13 01:31:43.984,0.79977,0.79984,1.00,1.32
2014.06.13 01:31:44.537,0.79976,0.79984,1.69,2.07
2014.06.13 01:31:53.499,0.79976,0.79985,1.69,1.63
2014.06.13 01:31:59.320,0.79976,0.79984,2.44,1.32
2014.06.13 01:32:00.309,0.79976,0.79984,1.50,1.32
2014.06.13 01:32:02.418,0.79976,0.79983,1.00,1.25
2014.06.13 01:32:06.449,0.79976,0.79983,1.00,1.19
2014.06.13 01:32:07.205,0.79975,0.79983,1.25,1.19
2014.06.13 01:32:10.446,0.79974,0.79983,4.50,1.25
2014.06.13 01:32:10.801,0.79974,0.79983,2.44,2.07
2014.06.13 01:32:11.307,0.79974,0.79983,1.25,2.07
2014.06.13 01:32:12.008,0.79973,0.79982,1.13,1.57
2014.06.13 01:32:14.910,0.79973,0.79981,1.88,1.63
2014.06.13 01:32:15.214,0.79975,0.79979,1.00,1.00
2014.06.13 01:32:15.574,0.79973,0.79979,1.00,1.19
2014.06.13 01:32:16.113,0.79974,0.7998,1.00,1.19
2014.06.13 01:32:16.164,0.79972,0.7998,2.25,1.19
2014.06.13 01:32:16.856,0.79971,0.7998,1.50,1.19
2014.06.13 01:32:18.118,0.7997,0.79979,2.07,1.32
2014.06.13 01:32:19.113,0.7997,0.79978,2.07,1.19
2014.06.13 01:32:20.336,0.7997,0.79979,1.25,1.25
2014.06.13 01:32:23.963,0.79971,0.79979,1.00,1.32
2014.06.13 01:32:24.598,0.79972,0.7998,1.00,2.07
2014.06.13 01:32:24.851,0.79974,0.7998,1.00,1.25
2014.06.13 01:32:25.812,0.79972,0.7998,2.44,1.32
2014.06.13 01:32:28.596,0.79974,0.7998,1.00,1.32
2014.06.13 01:32:29.194,0.79972,0.7998,2.44,1.32
2014.06.13 01:32:29.733,0.79972,0.79981,1.69,1.63
2014.06.13 01:32:32.385,0.79972,0.79979,1.25,1.25
2014.06.13 01:32:34.113,0.79972,0.79979,1.63,1.25
2014.06.13 01:32:34.215,0.79972,0.79983,2.44,1.88
2014.06.13 01:32:34.720,0.79972,0.79981,1.25,1.32
2014.06.13 01:32:38.037,0.79972,0.79981,1.25,1.63
2014.06.13 01:32:38.240,0.7997,0.79979,1.69,1.32
2014.06.13 01:32:38.697,0.79972,0.79978,1.00,1.00
2014.06.13 01:32:39.001,0.79968,0.79976,1.25,1.19
2014.06.13 01:32:39.509,0.79969,0.79976,1.00,1.19
2014.06.13 01:32:39.900,0.79969,0.79977,1.00,1.32
2014.06.13 01:32:40.906,0.79969,0.79977,1.69,1.69
2014.06.13 01:32:41.946,0.79969,0.79977,1.00,1.25
2014.06.13 01:32:47.342,0.79971,0.79977,1.00,1.00
2014.06.13 01:32:47.494,0.79971,0.79979,1.00,2.07
2014.06.13 01:32:48.000,0.79972,0.7998,3.94,1.00
2014.06.13 01:32:48.607,0.79973,0.79982,1.13,2.07
2014.06.13 01:32:49.109,0.79973,0.79982,1.32,2.07
2014.06.13 01:32:49.645,0.79975,0.79982,1.00,2.07
2014.06.13 01:32:50.002,0.79975,0.7998,1.00,1.00
2014.06.13 01:32:50.063,0.79973,0.7998,1.00,1.00
2014.06.13 01:32:50.165,0.79975,0.7998,1.00,1.00
2014.06.13 01:32:50.266,0.79973,0.7998,1.00,1.00
2014.06.13 01:32:50.787,0.79971,0.7998,3.57,1.00
2014.06.13 01:32:51.317,0.79971,0.7998,3.57,1.25
2014.06.13 01:32:51.956,0.79971,0.7998,3.57,1.00
2014.06.13 01:32:55.677,0.79973,0.7998,1.00,1.00
2014.06.13 01:32:56.194,0.79973,0.79981,1.69,1.25
2014.06.13 01:32:56.922,0.79973,0.79983,1.69,2.82
2014.06.13 01:32:59.188,0.79973,0.79981,1.69,1.25
2014.06.13 01:33:02.210,0.79973,0.79981,1.32,1.63
2014.06.13 01:33:02.753,0.79971,0.79981,3.19,1.57
2014.06.13 01:33:03.186,0.79971,0.79981,1.69,1.57
2014.06.13 01:33:03.692,0.7997,0.79979,2.44,2.07
2014.06.13 01:33:04.320,0.7997,0.79979,2.25,2.07
2014.06.13 01:33:05.362,0.7997,0.79978,2.44,1.25
2014.06.13 01:33:07.347,0.7997,0.7998,2.44,2.82
2014.06.13 01:33:08.105,0.79972,0.7998,1.00,2.07
2014.06.13 01:33:08.613,0.79972,0.7998,1.00,2.07
2014.06.13 01:33:18.421,0.79971,0.7998,1.69,1.32
2014.06.13 01:33:23.039,0.79972,0.7998,1.00,2.07
2014.06.13 01:33:24.392,0.79972,0.79981,1.69,1.32
2014.06.13 01:33:30.364,0.79971,0.79981,1.69,2.07
2014.06.13 01:33:30.943,0.79971,0.79981,1.69,2.07
2014.06.13 01:33:31.756,0.79971,0.79979,1.69,1.25
2014.06.13 01:33:32.059,0.79973,0.79981,1.19,2.07
2014.06.13 01:33:33.133,0.79973,0.79982,1.69,1.32
2014.06.13 01:33:36.178,0.79974,0.79982,1.19,1.69
2014.06.13 01:33:37.147,0.79973,0.79982,2.07,1.00
2014.06.13 01:33:37.939,0.79975,0.79982,1.00,1.00
2014.06.13 01:33:40.089,0.79975,0.79983,1.00,1.32
2014.06.13 01:33:43.443,0.79976,0.79984,1.00,2.82
2014.06.13 01:33:51.423,0.79977,0.79984,1.00,2.82
2014.06.13 01:33:54.407,0.79977,0.79984,1.00,1.50
2014.06.13 01:33:58.168,0.79978,0.79984,1.00,1.69
2014.06.13 01:34:04.113,0.79977,0.79984,1.00,1.00
2014.06.13 01:34:05.570,0.79977,0.79983,1.00,1.25
2014.06.13 01:34:06.093,0.79978,0.79983,1.00,1.25
2014.06.13 01:34:06.702,0.79978,0.79984,1.00,1.69
2014.06.13 01:34:08.625,0.79977,0.79984,1.00,1.00
2014.06.13 01:34:10.645,0.79977,0.79985,1.69,1.00
2014.06.13 01:34:29.816,0.79976,0.79985,3.19,1.25
2014.06.13 01:34:30.558,0.79977,0.79985,1.50,1.25
2014.06.13 01:34:31.064,0.79978,0.79986,1.00,2.07
2014.06.13 01:34:31.700,0.79978,0.79986,1.00,2.07
2014.06.13 01:34:34.693,0.79978,0.79985,1.00,1.19
2014.06.13 01:34:35.710,0.79978,0.79986,1.00,1.69
2014.06.13 01:34:36.125,0.79981,0.79986,1.00,1.00
2014.06.13 01:34:36.176,0.79981,0.79989,2.07,1.19
2014.06.13 01:34:36.583,0.79981,0.7999,1.00,1.00
2014.06.13 01:34:36.635,0.79984,0.79992,1.00,1.00
2014.06.13 01:34:37.143,0.79984,0.7999,1.25,1.00
2014.06.13 01:34:37.396,0.79985,0.79992,1.00,1.69
2014.06.13 01:34:37.700,0.79985,0.79991,1.00,1.69
2014.06.13 01:34:37.802,0.79983,0.79991,1.00,1.69
2014.06.13 01:34:38.704,0.79983,0.79991,1.00,1.69
2014.06.13 01:34:39.398,0.79984,0.79991,1.00,1.69
2014.06.13 01:34:40.928,0.79982,0.79991,2.44,1.25
2014.06.13 01:34:44.791,0.79985,0.79991,1.00,1.69
2014.06.13 01:34:45.297,0.79986,0.79992,1.00,1.00
2014.06.13 01:34:46.406,0.79984,0.79992,2.82,1.00
2014.06.13 01:34:47.694,0.79984,0.79994,3.57,2.07
2014.06.13 01:34:48.248,0.79984,0.79992,3.57,1.25
2014.06.13 01:34:50.295,0.79984,0.79993,1.50,2.07
2014.06.13 01:34:53.399,0.79985,0.79992,1.00,1.25
2014.06.13 01:34:53.904,0.79986,0.79992,1.00,1.25
2014.06.13 01:34:54.413,0.79986,0.79994,1.00,1.19
2014.06.13 01:34:57.973,0.79985,0.79993,1.50,1.25
2014.06.13 01:34:58.327,0.79983,0.79992,1.25,1.00
2014.06.13 01:34:58.429,0.79986,0.79993,1.00,1.69
2014.06.13 01:34:58.733,0.79984,0.79993,1.00,2.07
2014.06.13 01:34:59.036,0.79986,0.79993,1.00,1.25
2014.06.13 01:35:02.307,0.79986,0.79992,1.00,1.19
2014.06.13 01:35:02.461,0.79983,0.79991,1.00,1.32
2014.06.13 01:35:02.714,0.79981,0.7999,2.25,1.19
2014.06.13 01:35:03.069,0.79982,0.7999,1.38,1.19
2014.06.13 01:35:03.119,0.79984,0.79991,1.00,1.00
2014.06.13 01:35:03.626,0.79985,0.79991,1.00,1.00
2014.06.13 01:35:03.980,0.79982,0.79991,2.07,1.63
2014.06.13 01:35:04.081,0.79982,0.79991,2.07,1.25
2014.06.13 01:35:04.132,0.79984,0.79991,1.50,1.00
2014.06.13 01:35:04.638,0.79984,0.79992,1.50,1.25
2014.06.13 01:35:05.161,0.79984,0.79993,1.50,1.69
2014.06.13 01:35:07.274,0.79984,0.79992,2.25,1.00
2014.06.13 01:35:07.578,0.79982,0.79991,1.00,1.00
2014.06.13 01:35:07.679,0.79984,0.79992,1.00,1.00
2014.06.13 01:35:08.375,0.79984,0.79993,1.50,3.19
2014.06.13 01:35:08.679,0.79984,0.79992,1.00,2.07
2014.06.13 01:35:09.238,0.79983,0.79992,1.00,2.07
2014.06.13 01:35:09.697,0.79984,0.7999,1.00,1.19
2014.06.13 01:35:11.662,0.79984,0.79991,1.00,1.25
2014.06.13 01:35:12.361,0.79982,0.79991,2.44,1.25
2014.06.13 01:35:19.404,0.79982,0.7999,2.44,1.25
2014.06.13 01:35:19.828,0.79983,0.79992,1.69,2.44
2014.06.13 01:35:20.333,0.79986,0.79992,1.00,1.25
2014.06.13 01:35:20.945,0.79986,0.79994,1.69,1.00
2014.06.13 01:35:21.148,0.79988,0.79995,1.50,1.25
2014.06.13 01:35:21.649,0.79988,0.79996,1.69,2.07
2014.06.13 01:35:22.363,0.79988,0.79995,1.25,1.25
2014.06.13 01:35:33.032,0.79989,0.79995,1.00,1.25
2014.06.13 01:35:44.211,0.79989,0.79997,1.00,1.32
2014.06.13 01:35:49.062,0.79989,0.79999,1.69,2.82
2014.06.13 01:35:49.113,0.79991,0.79999,1.00,2.07
2014.06.13 01:35:49.468,0.79991,0.80001,2.44,1.69
2014.06.13 01:35:50.039,0.79991,0.79999,1.00,1.19
2014.06.13 01:35:50.545,0.79991,0.80001,1.69,2.82
2014.06.13 01:35:51.178,0.79993,0.80001,1.00,1.63
2014.06.13 01:35:51.237,0.79993,0.80001,1.00,1.25
2014.06.13 01:35:51.782,0.79993,0.80001,1.00,1.63
2014.06.13 01:35:52.861,0.79993,0.80001,1.00,1.32
2014.06.13 01:35:53.373,0.79992,0.8,2.44,1.00
2014.06.13 01:35:53.890,0.79993,0.80001,1.00,1.32
2014.06.13 01:36:00.299,0.79995,0.80003,1.00,2.82
2014.06.13 01:36:00.350,0.79995,0.80003,1.00,2.07
2014.06.13 01:36:00.602,0.79996,0.80002,1.00,1.19
2014.06.13 01:36:00.653,0.79994,0.80002,1.50,1.19
2014.06.13 01:36:00.805,0.79993,0.80003,1.50,2.82
2014.06.13 01:36:00.855,0.79994,0.80003,1.50,2.07
2014.06.13 01:36:01.362,0.79995,0.80003,1.00,1.63
2014.06.13 01:36:02.170,0.79994,0.80002,2.25,1.19
2014.06.13 01:36:02.474,0.79996,0.80003,1.00,1.63
2014.06.13 01:36:03.810,0.79996,0.80003,1.50,1.25
2014.06.13 01:36:03.911,0.79994,0.80003,2.25,1.69
2014.06.13 01:36:03.962,0.79994,0.80003,1.00,2.07
2014.06.13 01:36:04.064,0.79994,0.80003,1.00,2.07
2014.06.13 01:36:04.612,0.79995,0.80003,2.25,1.32
2014.06.13 01:36:05.335,0.79995,0.80003,2.25,1.63
2014.06.13 01:36:05.922,0.79996,0.80003,1.00,1.63
2014.06.13 01:36:06.571,0.79997,0.80003,1.00,1.63
2014.06.13 01:36:07.597,0.79998,0.80004,1.00,1.19
2014.06.13 01:36:07.648,0.79998,0.80004,1.00,1.19
2014.06.13 01:36:08.410,0.79998,0.80004,1.00,1.57
2014.06.13 01:36:08.919,0.79998,0.80003,1.00,1.25
2014.06.13 01:36:09.440,0.79998,0.80003,1.00,1.19
2014.06.13 01:36:10.425,0.79998,0.80003,1.00,1.25
2014.06.13 01:36:26.170,0.79999,0.80003,1.00,1.25
2014.06.13 01:36:28.547,0.79999,0.80004,1.00,1.25
2014.06.13 01:36:29.520,0.79999,0.80004,1.00,1.19
2014.06.13 01:36:31.516,0.79999,0.80004,1.00,1.25
2014.06.13 01:36:32.555,0.79999,0.80003,1.00,1.25
2014.06.13 01:36:39.594,0.79999,0.80004,1.00,1.25
2014.06.13 01:36:42.599,0.79999,0.80005,1.00,1.25
2014.06.13 01:36:46.616,0.79999,0.80005,1.00,1.19
2014.06.13 01:36:47.624,0.8,0.80006,1.00,1.32
2014.06.13 01:36:51.650,0.8,0.80007,1.25,1.32
2014.06.13 01:36:52.602,0.8,0.80007,1.25,1.63
2014.06.13 01:36:53.631,0.8,0.80007,1.00,1.32
2014.06.13 01:36:53.682,0.8,0.80007,1.00,1.63
2014.06.13 01:36:54.458,0.8,0.80007,1.00,1.32
2014.06.13 01:37:00.578,0.8,0.80009,1.00,1.57
2014.06.13 01:37:01.090,0.8,0.80008,1.69,1.32
2014.06.13 01:37:01.655,0.8,0.80009,1.00,1.57
2014.06.13 01:37:02.164,0.8,0.80009,1.00,1.57
2014.06.13 01:37:04.163,0.8,0.80007,1.00,1.32
2014.06.13 01:37:05.165,0.8,0.80008,1.00,1.63
2014.06.13 01:37:05.671,0.8,0.80008,1.00,2.07
2014.06.13 01:37:10.106,0.8,0.80007,1.00,1.00
2014.06.13 01:37:16.187,0.8,0.80008,1.00,1.32
2014.06.13 01:37:16.807,0.8,0.80007,1.00,1.00
2014.06.13 01:37:17.729,0.8,0.80006,1.00,1.00
2014.06.13 01:37:23.765,0.8,0.80005,1.00,1.00
2014.06.13 01:37:23.866,0.8,0.80007,1.00,1.32
2014.06.13 01:37:30.430,0.8,0.80007,1.00,1.63
2014.06.13 01:37:32.997,0.8,0.80007,1.25,1.25
2014.06.13 01:37:33.901,0.8,0.80008,1.00,1.32
2014.06.13 01:37:34.407,0.80001,0.80008,1.00,1.32
2014.06.13 01:37:38.174,0.80002,0.80009,1.00,1.19
2014.06.13 01:37:39.331,0.80002,0.80009,1.00,1.25
2014.06.13 01:37:41.676,0.80001,0.80009,1.00,1.25
2014.06.13 01:37:42.384,0.80003,0.80009,1.00,1.19
2014.06.13 01:37:43.380,0.80003,0.80009,1.00,1.32
2014.06.13 01:37:46.159,0.80003,0.80011,1.50,1.32
2014.06.13 01:37:48.166,0.80003,0.80009,1.00,1.25
2014.06.13 01:37:50.189,0.80003,0.8001,1.00,1.32
2014.06.13 01:37:51.642,0.80005,0.8001,1.00,1.25
2014.06.13 01:37:53.519,0.80003,0.80011,1.00,1.57
2014.06.13 01:37:54.735,0.80003,0.80009,1.00,1.25
2014.06.13 01:37:57.096,0.80003,0.8001,1.38,1.32
2014.06.13 01:37:57.660,0.80003,0.8001,1.38,1.32
2014.06.13 01:37:59.852,0.80003,0.80011,1.38,1.32
2014.06.13 01:38:00.401,0.80003,0.80011,1.88,1.63
2014.06.13 01:38:02.361,0.80002,0.8001,1.88,2.07
2014.06.13 01:38:03.375,0.80002,0.8001,2.63,1.32
2014.06.13 01:38:06.229,0.80002,0.8001,1.38,1.63
2014.06.13 01:38:09.419,0.80002,0.80011,2.63,1.32
2014.06.13 01:38:10.350,0.80003,0.80011,1.38,1.32
2014.06.13 01:38:13.483,0.80003,0.80011,1.38,1.63
2014.06.13 01:38:13.995,0.80003,0.80011,1.38,1.32
2014.06.13 01:38:14.505,0.80003,0.80011,1.38,1.63
2014.06.13 01:38:16.799,0.80003,0.80011,1.38,1.32
2014.06.13 01:38:32.861,0.80003,0.80012,1.38,2.07
2014.06.13 01:38:41.066,0.80002,0.80011,2.07,1.63
2014.06.13 01:38:41.573,0.80002,0.8001,1.88,1.32
2014.06.13 01:38:42.408,0.80002,0.80008,1.88,1.25
2014.06.13 01:38:44.386,0.80002,0.8001,1.88,2.07
2014.06.13 01:38:46.596,0.80002,0.80011,1.88,1.32
2014.06.13 01:38:48.521,0.80002,0.80009,1.88,1.25
2014.06.13 01:38:49.026,0.80001,0.80009,1.38,1.63
2014.06.13 01:38:53.836,0.8,0.80007,1.50,1.19
2014.06.13 01:38:57.899,0.8,0.80008,1.38,1.63
2014.06.13 01:39:03.215,0.8,0.80008,1.38,1.32
2014.06.13 01:39:05.291,0.8,0.80008,2.25,1.63
2014.06.13 01:39:05.411,0.8,0.80008,1.38,1.32
2014.06.13 01:39:07.222,0.8,0.80008,1.88,1.63
2014.06.13 01:39:07.751,0.8,0.80008,1.88,1.63
2014.06.13 01:39:09.836,0.8,0.80008,2.63,1.57
2014.06.13 01:39:26.360,0.8,0.80007,1.38,1.32
2014.06.13 01:39:28.989,0.8,0.80007,1.38,1.32
2014.06.13 01:39:36.983,0.8,0.80006,1.38,1.19
2014.06.13 01:39:39.221,0.79999,0.80006,1.38,1.25
2014.06.13 01:39:42.207,0.79999,0.80005,1.38,1.25
2014.06.13 01:39:43.210,0.79999,0.80006,1.38,1.25
2014.06.13 01:39:44.626,0.79999,0.80006,1.38,1.25
2014.06.13 01:39:45.133,0.79999,0.80006,1.88,1.25
2014.06.13 01:39:45.639,0.79999,0.80005,1.88,1.19
2014.06.13 01:39:48.648,0.79999,0.80005,1.88,1.25
2014.06.13 01:39:51.664,0.79999,0.80005,1.38,1.19
2014.06.13 01:39:55.689,0.79999,0.80006,1.38,1.19
2014.06.13 01:40:03.753,0.79999,0.80005,1.88,1.25
2014.06.13 01:40:04.074,0.79999,0.80004,1.00,1.19
2014.06.13 01:40:04.581,0.79998,0.80004,1.38,1.00
2014.06.13 01:40:05.114,0.79997,0.80004,1.38,1.19
2014.06.13 01:40:05.654,0.79997,0.80004,1.88,1.25
2014.06.13 01:40:07.425,0.79997,0.80003,1.00,1.19
2014.06.13 01:40:09.432,0.79997,0.80003,1.38,1.25
2014.06.13 01:40:16.971,0.79997,0.80005,1.38,1.25
2014.06.13 01:40:17.378,0.79996,0.80007,2.07,3.00
2014.06.13 01:40:23.228,0.79998,0.80004,1.00,1.25
2014.06.13 01:40:31.241,0.79998,0.80006,1.00,1.32
2014.06.13 01:40:35.307,0.79998,0.80005,1.38,1.25
2014.06.13 01:40:36.785,0.79998,0.80004,1.50,1.00
2014.06.13 01:40:37.309,0.79998,0.80005,1.88,1.69
2014.06.13 01:40:38.009,0.79998,0.80005,1.50,1.19
2014.06.13 01:40:38.536,0.79998,0.80003,1.50,1.25
2014.06.13 01:40:41.694,0.79998,0.80004,1.38,1.50
2014.06.13 01:40:42.460,0.79998,0.80004,1.38,1.69
2014.06.13 01:40:44.474,0.79998,0.80004,1.00,1.69
2014.06.13 01:40:46.477,0.79998,0.80004,1.88,1.69
2014.06.13 01:40:47.121,0.79998,0.80006,1.38,1.50
2014.06.13 01:40:47.635,0.79999,0.80006,1.38,1.50
2014.06.13 01:40:49.190,0.79999,0.80006,1.38,1.69
2014.06.13 01:40:51.335,0.79999,0.80006,1.50,1.69
2014.06.13 01:40:51.841,0.79999,0.80006,1.88,1.69
2014.06.13 01:40:52.347,0.79999,0.80006,1.38,1.25
2014.06.13 01:40:56.365,0.79999,0.80005,1.88,1.00
2014.06.13 01:40:59.536,0.79999,0.80005,1.00,1.69
2014.06.13 01:41:11.389,0.79998,0.80003,1.00,1.25
2014.06.13 01:41:14.148,0.79998,0.80004,1.00,1.19
2014.06.13 01:41:16.809,0.79998,0.80004,1.00,1.25
2014.06.13 01:41:19.449,0.79998,0.80006,1.38,2.25
2014.06.13 01:41:20.160,0.79998,0.80004,1.00,1.19
2014.06.13 01:41:21.437,0.79998,0.80004,1.00,1.25
2014.06.13 01:41:22.448,0.79998,0.80004,1.00,1.19
2014.06.13 01:41:23.460,0.79998,0.80002,1.00,1.25
2014.06.13 01:41:29.209,0.79998,0.80003,1.00,1.25
2014.06.13 01:41:30.869,0.79998,0.80003,1.00,1.19
2014.06.13 01:41:33.520,0.79998,0.80005,1.38,1.25
2014.06.13 01:41:36.653,0.79998,0.80005,1.13,1.25
2014.06.13 01:41:37.495,0.79997,0.80005,1.38,1.19
2014.06.13 01:41:41.181,0.79997,0.80003,1.38,1.00
2014.06.13 01:41:41.885,0.79997,0.80003,1.13,1.00
2014.06.13 01:41:41.936,0.79996,0.80001,1.88,1.00
2014.06.13 01:41:42.189,0.79995,0.80002,3.38,1.13
2014.06.13 01:41:42.342,0.79993,0.80002,1.13,1.00
2014.06.13 01:41:42.443,0.79994,0.80002,1.88,1.00
2014.06.13 01:41:42.646,0.79995,0.80002,1.00,1.69
2014.06.13 01:41:43.072,0.79993,0.80002,1.63,2.44
2014.06.13 01:41:43.530,0.79995,0.80003,1.38,1.69
2014.06.13 01:41:44.352,0.79994,0.80002,1.00,1.69
2014.06.13 01:41:44.403,0.79993,0.80002,2.63,2.07
2014.06.13 01:41:44.606,0.79995,0.80002,1.38,1.00
2014.06.13 01:41:45.111,0.79995,0.80002,1.88,1.25
2014.06.13 01:41:46.264,0.79996,0.80002,1.00,1.25
2014.06.13 01:41:46.770,0.79995,0.80002,1.50,1.69
2014.06.13 01:41:47.285,0.79996,0.80002,1.00,1.00
2014.06.13 01:41:49.175,0.79995,0.80002,1.00,1.25
2014.06.13 01:41:52.184,0.79995,0.80003,1.50,2.44
2014.06.13 01:41:53.187,0.79995,0.80001,1.00,1.25
2014.06.13 01:41:54.393,0.79995,0.80001,1.00,1.19
2014.06.13 01:42:11.073,0.79995,0.80003,1.00,2.44
2014.06.13 01:42:11.591,0.79996,0.80002,1.00,1.00
2014.06.13 01:42:12.406,0.79996,0.80003,1.00,1.69
2014.06.13 01:42:12.913,0.79996,0.80002,1.00,1.00
2014.06.13 01:42:15.585,0.79996,0.80003,1.00,1.69
2014.06.13 01:42:18.344,0.79996,0.80001,1.00,1.25
2014.06.13 01:42:18.850,0.79996,0.80002,1.00,1.25
2014.06.13 01:42:27.078,0.79996,0.80002,1.38,3.19
2014.06.13 01:42:27.591,0.79998,0.80003,1.00,1.25
2014.06.13 01:42:31.207,0.79999,0.80004,1.00,1.69
2014.06.13 01:42:31.713,0.79998,0.80004,1.88,1.19
2014.06.13 01:42:32.376,0.79998,0.80005,1.13,1.69
2014.06.13 01:42:36.959,0.79998,0.80004,1.13,1.00
2014.06.13 01:42:41.105,0.79998,0.80005,1.13,1.25
2014.06.13 01:42:41.611,0.79999,0.80006,1.00,1.69
2014.06.13 01:42:42.190,0.79999,0.80004,1.00,1.00
2014.06.13 01:42:59.386,0.79999,0.80006,1.00,1.69
2014.06.13 01:43:03.522,0.79999,0.80004,1.00,1.00
2014.06.13 01:43:04.882,0.79999,0.80006,1.00,1.69
2014.06.13 01:43:10.949,0.79999,0.80007,1.00,2.07
2014.06.13 01:43:11.808,0.79999,0.80007,1.88,1.69
2014.06.13 01:43:12.322,0.79999,0.80007,2.82,1.69
2014.06.13 01:43:12.833,0.8,0.80007,1.00,1.19
2014.06.13 01:43:13.444,0.8,0.80005,1.00,1.00
2014.06.13 01:43:13.953,0.8,0.80007,1.00,1.69
2014.06.13 01:43:17.283,0.8,0.80005,1.00,1.19
2014.06.13 01:43:17.840,0.79998,0.80005,1.00,1.19
2014.06.13 01:43:18.214,0.79998,0.80006,2.63,1.25
2014.06.13 01:43:19.996,0.79999,0.80008,2.82,1.25
2014.06.13 01:43:20.502,0.8,0.80008,1.50,1.32
2014.06.13 01:43:21.157,0.8,0.80007,1.50,1.00
2014.06.13 01:43:27.465,0.8,0.80009,1.00,1.32
2014.06.13 01:43:41.174,0.80002,0.80008,1.00,1.25
2014.06.13 01:43:41.426,0.80001,0.8001,1.25,1.69
2014.06.13 01:43:41.528,0.80003,0.8001,1.50,1.69
2014.06.13 01:43:42.553,0.80002,0.8001,1.00,1.25
2014.06.13 01:43:43.108,0.80002,0.80011,1.25,1.69
2014.06.13 01:43:51.740,0.80003,0.80011,1.25,1.69
2014.06.13 01:43:54.357,0.80001,0.80009,1.69,1.19
2014.06.13 01:43:55.374,0.8,0.80009,1.25,2.07
2014.06.13 01:44:06.484,0.8,0.80009,1.25,1.25
2014.06.13 01:44:07.387,0.80001,0.80009,1.25,1.19
2014.06.13 01:44:13.404,0.8,0.80009,1.25,1.25
2014.06.13 01:44:16.438,0.80001,0.80009,1.25,1.19
2014.06.13 01:44:21.473,0.8,0.80009,1.25,1.32
2014.06.13 01:44:22.434,0.80001,0.80009,1.25,1.32
2014.06.13 01:44:25.539,0.8,0.80009,1.25,1.32
2014.06.13 01:44:33.533,0.80001,0.80009,1.00,1.25
2014.06.13 01:44:34.040,0.80001,0.80009,1.69,1.69
2014.06.13 01:44:35.618,0.80001,0.8001,1.00,2.82
2014.06.13 01:44:36.583,0.80001,0.8001,1.25,2.07
2014.06.13 01:44:39.693,0.80001,0.80007,1.25,1.13
2014.06.13 01:44:39.998,0.8,0.80007,1.00,1.63
2014.06.13 01:44:40.099,0.8,0.80007,1.00,1.32
2014.06.13 01:44:40.739,0.8,0.80007,1.00,2.07
2014.06.13 01:44:43.727,0.8,0.80008,1.00,2.07
2014.06.13 01:44:45.261,0.8,0.80008,1.25,1.00
2014.06.13 01:44:45.969,0.8,0.80009,1.25,2.82
2014.06.13 01:44:46.509,0.8,0.80008,1.00,1.25
2014.06.13 01:44:50.542,0.8,0.80008,1.50,1.19
2014.06.13 01:45:14.621,0.8,0.80008,1.50,1.32
2014.06.13 01:45:15.651,0.8,0.80007,1.69,1.25
2014.06.13 01:45:16.631,0.8,0.80008,1.50,1.32
2014.06.13 01:45:20.654,0.8,0.80008,1.50,1.32
2014.06.13 01:45:29.779,0.8,0.80009,1.50,1.32
2014.06.13 01:45:31.924,0.8,0.80009,1.69,1.32
2014.06.13 01:45:32.830,0.8,0.80009,1.50,1.32
2014.06.13 01:45:37.949,0.8,0.80009,2.07,1.25
2014.06.13 01:45:38.203,0.80002,0.80009,1.00,1.25
2014.06.13 01:45:38.927,0.80002,0.80011,1.00,1.32
2014.06.13 01:45:48.151,0.80002,0.8001,1.69,1.19
2014.06.13 01:45:51.166,0.80002,0.80011,1.00,1.32
2014.06.13 01:45:52.197,0.80002,0.80009,1.25,1.25
2014.06.13 01:45:53.167,0.80002,0.8001,1.00,1.25
2014.06.13 01:45:55.235,0.80001,0.8001,1.25,1.32
2014.06.13 01:45:56.210,0.80001,0.80009,1.69,1.25
2014.06.13 01:45:58.189,0.80001,0.8001,1.00,1.32
2014.06.13 01:45:59.194,0.80001,0.8001,1.25,1.32
2014.06.13 01:46:00.198,0.80001,0.80009,1.69,1.25
2014.06.13 01:46:01.507,0.80002,0.80012,1.19,3.57
2014.06.13 01:46:01.557,0.80002,0.80012,1.19,3.57
2014.06.13 01:46:02.099,0.80004,0.80013,1.69,1.25
2014.06.13 01:46:02.608,0.80004,0.80014,1.63,2.82
2014.06.13 01:46:03.122,0.80004,0.80014,1.57,2.82
2014.06.13 01:46:03.641,0.80004,0.80013,1.19,1.00
2014.06.13 01:46:04.443,0.80004,0.80013,1.25,1.25
2014.06.13 01:46:05.154,0.80004,0.80013,1.19,1.00
2014.06.13 01:46:06.223,0.80004,0.80013,1.32,1.25
2014.06.13 01:46:07.880,0.80005,0.80014,1.25,1.50
2014.06.13 01:46:07.982,0.80008,0.80015,1.25,2.44
2014.06.13 01:46:08.642,0.80008,0.80016,2.44,1.57
2014.06.13 01:46:09.166,0.80008,0.80016,1.69,1.32
2014.06.13 01:46:09.724,0.80008,0.80017,1.25,1.63
2014.06.13 01:46:10.270,0.80008,0.80017,1.25,1.25
2014.06.13 01:46:11.082,0.80009,0.80017,1.13,1.25
2014.06.13 01:46:11.587,0.8001,0.80018,1.00,1.32
2014.06.13 01:46:23.397,0.80011,0.80019,1.00,1.32
2014.06.13 01:46:24.418,0.80012,0.8002,1.19,2.07
2014.06.13 01:46:24.950,0.80012,0.8002,1.19,2.07
2014.06.13 01:46:25.529,0.80011,0.8002,1.69,1.63
2014.06.13 01:46:29.620,0.80011,0.80019,1.69,2.07
2014.06.13 01:46:30.662,0.80011,0.80021,2.07,3.57
2014.06.13 01:46:36.654,0.80012,0.8002,1.19,1.32
2014.06.13 01:46:37.297,0.80013,0.80021,1.19,2.63
2014.06.13 01:46:37.803,0.80013,0.80021,1.32,1.50
2014.06.13 01:46:38.481,0.80012,0.80021,1.00,1.69
2014.06.13 01:46:38.829,0.8001,0.80019,1.69,1.00
2014.06.13 01:46:39.592,0.8001,0.80019,1.00,1.69
2014.06.13 01:46:42.615,0.80011,0.80019,1.19,1.00
2014.06.13 01:46:42.922,0.80013,0.8002,1.19,1.00
2014.06.13 01:46:43.530,0.80012,0.8002,3.19,1.00
2014.06.13 01:46:45.945,0.80012,0.80019,3.19,1.00
2014.06.13 01:46:47.516,0.80012,0.80019,3.19,1.00
2014.06.13 01:46:48.517,0.80012,0.80019,2.44,1.00
2014.06.13 01:46:51.999,0.80012,0.8002,3.00,1.25
2014.06.13 01:46:54.649,0.80013,0.80021,1.25,1.50
2014.06.13 01:47:01.394,0.80012,0.80021,1.32,2.82
2014.06.13 01:47:01.608,0.80011,0.80019,1.00,1.25
2014.06.13 01:47:02.141,0.8001,0.80018,1.69,1.13
2014.06.13 01:47:02.698,0.80011,0.80019,1.00,2.07
2014.06.13 01:47:03.206,0.8001,0.80019,1.00,1.69
2014.06.13 01:47:03.963,0.8001,0.80019,1.25,1.32
2014.06.13 01:47:05.943,0.8001,0.80018,1.25,1.00
2014.06.13 01:47:12.212,0.8001,0.80019,1.25,1.32
2014.06.13 01:47:13.469,0.8001,0.80018,1.25,1.00
2014.06.13 01:47:14.189,0.8001,0.80019,1.25,2.07
2014.06.13 01:47:15.289,0.8001,0.80018,1.25,1.00
2014.06.13 01:47:18.593,0.8001,0.80019,1.25,1.32
2014.06.13 01:47:40.756,0.8001,0.80018,1.69,1.25
2014.06.13 01:47:45.639,0.8001,0.80018,1.69,1.63
2014.06.13 01:47:46.189,0.8001,0.80018,1.69,1.25
2014.06.13 01:47:50.817,0.8001,0.8002,1.69,3.57
2014.06.13 01:47:54.034,0.8001,0.80018,1.69,1.00
2014.06.13 01:47:54.540,0.8001,0.80019,2.07,1.25
2014.06.13 01:47:54.844,0.80012,0.8002,1.19,2.44
2014.06.13 01:47:55.351,0.80014,0.8002,1.00,1.69
2014.06.13 01:47:55.857,0.80013,0.8002,1.25,1.69
2014.06.13 01:47:58.702,0.80013,0.8002,2.07,1.00
2014.06.13 01:48:00.675,0.80014,0.80021,1.00,2.07
2014.06.13 01:48:01.215,0.80013,0.80021,1.00,2.07
2014.06.13 01:48:01.718,0.80012,0.80021,1.25,2.07
2014.06.13 01:48:02.841,0.80013,0.80021,1.25,2.07
2014.06.13 01:48:06.859,0.80012,0.80021,1.69,1.69
2014.06.13 01:48:07.586,0.80013,0.80021,1.00,1.69
2014.06.13 01:48:13.895,0.80012,0.80021,1.25,2.07
2014.06.13 01:48:25.895,0.80013,0.80022,1.00,2.07
2014.06.13 01:48:29.103,0.80014,0.80022,1.00,2.07
2014.06.13 01:48:29.659,0.80014,0.80022,1.00,1.69
2014.06.13 01:48:30.202,0.80014,0.80022,1.00,1.63
2014.06.13 01:48:33.266,0.80014,0.80022,1.38,1.25
2014.06.13 01:48:33.367,0.80013,0.80022,1.25,1.25
2014.06.13 01:48:33.993,0.80013,0.8002,1.25,1.00
2014.06.13 01:48:35.126,0.80012,0.8002,1.69,1.00
2014.06.13 01:48:35.851,0.80013,0.8002,1.00,1.00
2014.06.13 01:48:35.902,0.80014,0.80022,1.50,1.13
2014.06.13 01:48:36.409,0.80013,0.80023,3.75,2.82
2014.06.13 01:48:36.460,0.80015,0.80023,1.00,2.07
2014.06.13 01:48:37.058,0.80015,0.80023,1.00,1.63
2014.06.13 01:48:37.597,0.80015,0.80023,1.00,1.69
2014.06.13 01:48:37.749,0.80013,0.80022,1.25,1.13
2014.06.13 01:48:38.361,0.80014,0.80022,2.44,1.13
2014.06.13 01:48:45.585,0.80015,0.80022,1.00,1.13
2014.06.13 01:48:46.117,0.80015,0.80024,1.50,1.19
2014.06.13 01:48:46.724,0.80015,0.80024,1.69,1.25
2014.06.13 01:48:49.237,0.80016,0.80024,1.00,1.25
2014.06.13 01:48:49.288,0.80016,0.80023,1.00,1.19
2014.06.13 01:48:50.334,0.80015,0.80023,2.44,1.19
2014.06.13 01:48:51.292,0.80015,0.80024,1.50,1.19
2014.06.13 01:48:51.812,0.80016,0.80024,1.00,1.19
2014.06.13 01:48:52.542,0.80016,0.80025,1.69,1.69
2014.06.13 01:48:53.418,0.80017,0.80025,1.00,1.25
2014.06.13 01:48:56.243,0.80018,0.80025,1.50,1.25
2014.06.13 01:48:56.751,0.80019,0.80026,1.25,1.25
2014.06.13 01:48:57.455,0.80018,0.80025,1.25,1.25
2014.06.13 01:49:00.132,0.80019,0.80026,1.00,1.32
2014.06.13 01:49:00.386,0.8002,0.80028,1.25,1.88
2014.06.13 01:49:00.487,0.8002,0.8003,2.44,2.44
2014.06.13 01:49:00.590,0.80022,0.8003,1.00,2.07
2014.06.13 01:49:00.692,0.8002,0.8003,2.44,2.07
2014.06.13 01:49:01.198,0.80021,0.80028,1.00,1.00
2014.06.13 01:49:01.706,0.80019,0.80028,1.19,1.50
2014.06.13 01:49:02.470,0.80019,0.80028,1.25,1.69
2014.06.13 01:49:06.555,0.8002,0.80028,1.00,2.07
2014.06.13 01:49:06.757,0.80018,0.80028,1.69,3.57
2014.06.13 01:49:10.696,0.80019,0.80028,1.00,2.82
2014.06.13 01:49:12.128,0.80018,0.80028,2.44,2.82
2014.06.13 01:49:17.436,0.80019,0.80028,1.00,2.07
2014.06.13 01:49:17.992,0.80018,0.80027,1.25,1.32
2014.06.13 01:49:18.845,0.80018,0.80027,1.00,1.32
2014.06.13 01:49:25.949,0.80018,0.80026,1.69,1.19
2014.06.13 01:49:26.954,0.80018,0.80027,1.00,1.32
2014.06.13 01:49:28.069,0.80019,0.80028,1.25,1.69
2014.06.13 01:49:29.182,0.8002,0.80028,1.25,1.69
2014.06.13 01:49:30.300,0.8002,0.80028,2.07,1.00
2014.06.13 01:49:32.168,0.8002,0.80028,1.63,1.00
2014.06.13 01:49:32.693,0.8002,0.80029,2.82,1.00
2014.06.13 01:49:33.061,0.8002,0.80029,2.07,1.00
2014.06.13 01:49:33.567,0.80021,0.80028,1.25,1.25
2014.06.13 01:49:39.943,0.80019,0.80028,1.25,1.69
2014.06.13 01:49:42.139,0.80018,0.80028,2.44,2.82
2014.06.13 01:49:44.146,0.80019,0.80027,1.25,1.19
2014.06.13 01:49:45.149,0.80018,0.80028,3.19,3.57
2014.06.13 01:49:47.157,0.80018,0.80028,3.19,3.57
2014.06.13 01:49:48.586,0.80019,0.80028,1.00,2.82
2014.06.13 01:49:49.246,0.80018,0.80028,3.19,2.82
2014.06.13 01:49:57.834,0.80019,0.80027,1.25,1.19
2014.06.13 01:49:58.803,0.80018,0.80028,3.19,2.07
2014.06.13 01:50:00.367,0.80019,0.80028,1.00,2.07
2014.06.13 01:50:00.905,0.80019,0.80028,1.25,2.07
2014.06.13 01:50:17.467,0.80019,0.80028,2.07,1.25
2014.06.13 01:50:17.973,0.8002,0.8003,1.69,2.07
2014.06.13 01:50:18.581,0.8002,0.80028,1.69,1.25
2014.06.13 01:50:19.603,0.8002,0.80029,2.44,1.25
2014.06.13 01:50:23.590,0.80022,0.80029,1.00,1.25
2014.06.13 01:50:24.131,0.80022,0.8003,2.44,1.25
2014.06.13 01:50:24.644,0.80022,0.80031,1.69,1.25
2014.06.13 01:50:38.664,0.80022,0.8003,2.44,1.25
2014.06.13 01:50:42.709,0.80024,0.80032,1.25,1.69
2014.06.13 01:50:44.797,0.80025,0.80031,1.19,1.13
2014.06.13 01:50:45.805,0.80023,0.80031,3.57,1.13
2014.06.13 01:50:47.112,0.80025,0.80031,1.00,1.13
2014.06.13 01:50:47.633,0.80024,0.80031,2.07,1.13
2014.06.13 01:50:51.819,0.80025,0.80031,1.25,1.13
2014.06.13 01:50:54.842,0.80026,0.80031,1.25,1.13
2014.06.13 01:50:55.859,0.80024,0.80031,2.07,1.13
2014.06.13 01:50:58.441,0.80027,0.80033,1.00,1.00
2014.06.13 01:50:58.593,0.80025,0.80033,1.25,2.63
2014.06.13 01:51:02.802,0.80024,0.80032,1.50,1.38
2014.06.13 01:51:03.156,0.80025,0.80034,1.32,2.82
2014.06.13 01:51:04.111,0.80025,0.80034,1.32,2.63
2014.06.13 01:51:06.238,0.80024,0.80033,2.07,1.38
2014.06.13 01:51:11.310,0.80024,0.80033,1.69,1.63
2014.06.13 01:51:11.824,0.80024,0.80032,1.69,1.38
2014.06.13 01:51:12.640,0.80025,0.80032,1.25,1.63
2014.06.13 01:51:13.185,0.80026,0.80032,1.00,1.25
2014.06.13 01:51:16.193,0.80024,0.80031,1.32,1.38
2014.06.13 01:51:16.730,0.80024,0.80033,1.13,2.25
2014.06.13 01:51:17.294,0.80023,0.80033,2.07,3.19
2014.06.13 01:51:27.598,0.80023,0.80031,1.69,1.38
2014.06.13 01:51:33.217,0.80022,0.8003,2.07,1.38
2014.06.13 01:51:34.228,0.80022,0.8003,2.07,1.38
2014.06.13 01:51:36.713,0.80022,0.80031,2.82,2.63
2014.06.13 01:51:37.227,0.80025,0.80031,1.25,1.50
2014.06.13 01:51:38.318,0.80024,0.80031,1.25,1.88
2014.06.13 01:51:42.333,0.80024,0.80031,1.69,1.50
2014.06.13 01:51:44.867,0.80024,0.80031,2.07,1.88
2014.06.13 01:51:48.160,0.80025,0.80031,1.00,1.50
2014.06.13 01:51:55.637,0.80023,0.80031,2.82,1.88
2014.06.13 01:51:56.621,0.80023,0.80031,1.00,2.07
2014.06.13 01:51:58.473,0.80023,0.8003,1.00,1.38
2014.06.13 01:51:59.064,0.80023,0.8003,1.69,1.88
2014.06.13 01:52:01.113,0.80023,0.8003,1.19,1.00
2014.06.13 01:52:01.759,0.80023,0.80031,1.19,1.25
2014.06.13 01:52:03.931,0.80024,0.80032,1.13,1.69
2014.06.13 01:52:13.494,0.80023,0.80032,2.07,1.25
2014.06.13 01:52:16.995,0.80024,0.80032,1.00,1.25
2014.06.13 01:52:17.643,0.80026,0.80032,1.25,1.00
2014.06.13 01:52:22.791,0.80026,0.80035,1.25,3.94
2014.06.13 01:52:23.146,0.80026,0.80033,1.25,1.00
2014.06.13 01:52:26.013,0.80025,0.80033,1.25,1.50
2014.06.13 01:52:28.556,0.80025,0.80032,1.25,1.00
2014.06.13 01:52:28.658,0.80023,0.80031,2.07,1.00
2014.06.13 01:52:30.699,0.80022,0.80031,1.32,1.25
2014.06.13 01:52:33.808,0.80023,0.80031,1.19,1.69
2014.06.13 01:52:37.801,0.80023,0.80031,1.69,1.69
2014.06.13 01:52:40.807,0.80023,0.80031,1.25,1.00
2014.06.13 01:52:44.702,0.80023,0.80031,1.38,1.25
2014.06.13 01:52:45.662,0.80025,0.80031,1.57,1.00
2014.06.13 01:52:45.915,0.80028,0.80034,1.00,1.00
2014.06.13 01:52:46.016,0.80028,0.80036,2.44,6.08
2014.06.13 01:52:46.522,0.80028,0.80036,1.50,3.19
2014.06.13 01:52:47.029,0.80028,0.80036,1.50,3.00
2014.06.13 01:52:48.097,0.80027,0.80036,1.69,1.00
2014.06.13 01:52:51.528,0.80027,0.80035,1.25,1.00
2014.06.13 01:52:52.624,0.80026,0.80035,1.25,2.44
2014.06.13 01:52:54.596,0.80026,0.80034,1.69,1.19
2014.06.13 01:52:57.610,0.80024,0.80033,1.32,1.50
2014.06.13 01:53:01.641,0.80025,0.80033,1.25,1.69
2014.06.13 01:53:02.629,0.80026,0.80033,1.25,1.25
2014.06.13 01:53:04.629,0.80026,0.80033,1.19,1.00
2014.06.13 01:53:07.643,0.80026,0.80033,1.25,1.00
2014.06.13 01:53:08.643,0.80027,0.80033,1.19,1.00
2014.06.13 01:53:11.664,0.80025,0.80033,1.25,1.00
2014.06.13 01:53:13.502,0.80026,0.80034,1.00,1.25
2014.06.13 01:53:14.014,0.80027,0.80035,1.69,3.00
2014.06.13 01:53:14.776,0.80027,0.80035,1.69,3.00
2014.06.13 01:53:17.118,0.80027,0.80035,1.69,3.00
2014.06.13 01:53:19.333,0.80027,0.80036,1.69,6.75
2014.06.13 01:53:19.979,0.80027,0.80035,1.25,1.50
2014.06.13 01:53:21.009,0.80026,0.80035,2.07,2.07
2014.06.13 01:53:22.126,0.80027,0.80035,1.25,1.00
2014.06.13 01:53:23.137,0.80026,0.80034,1.50,1.19
2014.06.13 01:53:23.542,0.80024,0.80034,2.44,1.69
2014.06.13 01:53:24.153,0.80024,0.80034,3.94,1.69
2014.06.13 01:53:24.659,0.80024,0.80033,1.32,1.13
2014.06.13 01:53:25.200,0.80023,0.80032,3.57,1.00
2014.06.13 01:53:25.453,0.80025,0.80034,1.69,1.25
2014.06.13 01:53:26.555,0.80027,0.80035,1.25,1.69
2014.06.13 01:53:28.585,0.80027,0.80035,1.69,1.50
2014.06.13 01:53:30.371,0.80028,0.80035,1.00,1.50
2014.06.13 01:53:32.361,0.80029,0.80035,1.00,1.50
2014.06.13 01:53:32.874,0.80028,0.80035,1.69,5.07
2014.06.13 01:53:33.390,0.80028,0.80034,1.69,1.00
2014.06.13 01:53:34.653,0.80026,0.80034,2.44,1.00
2014.06.13 01:53:35.173,0.80027,0.80035,1.69,3.00
2014.06.13 01:53:40.146,0.80028,0.80035,1.00,3.75
2014.06.13 01:53:40.651,0.80027,0.80034,1.25,1.50
2014.06.13 01:53:41.259,0.80027,0.80033,1.25,1.00
2014.06.13 01:53:41.821,0.80025,0.80033,1.28,1.00
2014.06.13 01:53:42.428,0.80026,0.80034,1.19,1.00
2014.06.13 01:53:55.077,0.80026,0.80034,1.25,2.25
2014.06.13 01:53:55.423,0.80026,0.80032,1.25,1.00
2014.06.13 01:53:55.928,0.80024,0.80031,1.32,1.00
2014.06.13 01:54:01.986,0.80025,0.80031,1.69,1.00
2014.06.13 01:54:02.494,0.80025,0.8003,1.19,1.00
2014.06.13 01:54:02.990,0.80023,0.8003,1.63,1.00
2014.06.13 01:54:03.885,0.80021,0.8003,1.69,1.25
2014.06.13 01:54:04.391,0.80021,0.8003,2.07,1.69
2014.06.13 01:54:06.886,0.80022,0.8003,1.63,1.00
2014.06.13 01:54:07.391,0.80024,0.80031,1.32,1.25
2014.06.13 01:54:10.840,0.80023,0.8003,1.32,1.00
2014.06.13 01:54:11.434,0.80022,0.8003,2.07,1.00
2014.06.13 01:54:11.979,0.80022,0.80031,2.07,1.00
2014.06.13 01:54:14.836,0.80024,0.80031,1.19,1.00
2014.06.13 01:54:19.050,0.80023,0.80031,1.32,1.00
2014.06.13 01:54:19.949,0.80024,0.80032,1.00,1.69
2014.06.13 01:54:22.704,0.80025,0.80032,1.00,1.50
2014.06.13 01:54:24.088,0.80025,0.80032,1.69,1.50
2014.06.13 01:54:28.805,0.80024,0.80032,2.07,1.00
2014.06.13 01:54:39.591,0.80023,0.8003,1.38,1.00
2014.06.13 01:54:39.796,0.80023,0.80032,2.07,1.50
2014.06.13 01:54:53.538,0.80023,0.80033,2.82,3.19
2014.06.13 01:54:53.639,0.80023,0.80031,2.82,1.00
2014.06.13 01:54:53.744,0.80023,0.80033,2.82,3.19
2014.06.13 01:54:54.279,0.80024,0.80033,1.32,2.25
2014.06.13 01:54:55.188,0.80024,0.80033,1.32,2.44
2014.06.13 01:54:57.387,0.80024,0.80032,1.19,1.25
2014.06.13 01:54:58.304,0.80023,0.80033,2.07,4.69
2014.06.13 01:54:59.640,0.80024,0.80033,1.00,4.69
2014.06.13 01:55:00.324,0.80024,0.80033,1.69,3.94
2014.06.13 01:55:02.464,0.80024,0.80033,2.07,3.75
2014.06.13 01:55:06.454,0.80024,0.80033,1.69,2.44
2014.06.13 01:55:08.467,0.80024,0.80033,2.07,2.44
2014.06.13 01:55:13.548,0.80025,0.80033,1.32,3.19
2014.06.13 01:55:13.977,0.80025,0.80031,1.32,1.00
2014.06.13 01:55:14.777,0.80023,0.80031,2.07,1.00
2014.06.13 01:55:16.145,0.80023,0.80031,2.07,1.00
2014.06.13 01:55:16.935,0.80023,0.80031,2.07,1.69
2014.06.13 01:55:17.462,0.80023,0.80031,1.69,1.69
2014.06.13 01:55:23.228,0.80023,0.80031,1.25,1.00
2014.06.13 01:55:27.248,0.80023,0.80031,1.69,1.69
2014.06.13 01:55:31.299,0.80023,0.80032,1.00,1.19
2014.06.13 01:55:32.261,0.80023,0.80032,1.69,1.25
2014.06.13 01:55:33.266,0.80023,0.80031,2.44,1.25
2014.06.13 01:55:35.292,0.80023,0.80031,2.44,1.19
2014.06.13 01:55:35.794,0.80024,0.80031,1.00,1.19
2014.06.13 01:55:36.511,0.80024,0.80032,1.00,1.19
2014.06.13 01:55:41.096,0.80024,0.80031,1.00,1.19
2014.06.13 01:55:42.100,0.80024,0.80032,1.00,1.19
2014.06.13 01:55:42.634,0.80023,0.80031,1.13,1.25
2014.06.13 01:55:43.346,0.80023,0.80031,1.13,1.69
2014.06.13 01:55:44.143,0.80022,0.8003,1.00,1.25
2014.06.13 01:55:44.751,0.80022,0.80029,1.25,1.25
2014.06.13 01:55:45.310,0.80022,0.8003,1.00,1.69
2014.06.13 01:55:47.113,0.80021,0.8003,1.32,1.25
2014.06.13 01:55:49.346,0.80021,0.80031,2.82,2.44
2014.06.13 01:55:50.240,0.80021,0.80031,2.82,1.69
2014.06.13 01:55:51.022,0.80021,0.80031,2.82,1.69
2014.06.13 01:55:52.825,0.80021,0.80031,2.82,2.07
2014.06.13 01:55:56.685,0.80021,0.80031,2.82,2.07
2014.06.13 01:56:08.478,0.80021,0.80031,2.82,1.25
2014.06.13 01:56:08.985,0.80023,0.80032,1.63,1.25
2014.06.13 01:56:12.683,0.80025,0.80032,1.25,1.25
2014.06.13 01:56:13.640,0.80023,0.80032,1.57,1.00
2014.06.13 01:56:14.759,0.80024,0.80032,1.63,1.00
2014.06.13 01:56:29.017,0.80024,0.80032,1.25,1.00
2014.06.13 01:56:29.874,0.80023,0.80032,1.57,1.00
2014.06.13 01:56:36.156,0.80024,0.80032,1.25,1.00
2014.06.13 01:56:36.871,0.80025,0.80032,1.32,1.25
2014.06.13 01:56:41.855,0.80024,0.80032,1.32,1.00
2014.06.13 01:56:45.873,0.80023,0.80032,1.32,1.69
2014.06.13 01:56:46.877,0.80023,0.80032,1.32,1.50
2014.06.13 01:56:47.779,0.80023,0.80032,1.57,1.50
2014.06.13 01:56:48.000,0.80023,0.80032,1.32,1.69
2014.06.13 01:56:48.883,0.80023,0.80032,1.32,1.00
2014.06.13 01:56:49.888,0.80024,0.80032,1.19,1.69
2014.06.13 01:56:54.944,0.80024,0.80033,1.25,1.69
2014.06.13 01:56:57.054,0.80023,0.80031,1.25,1.19
2014.06.13 01:56:58.148,0.80021,0.80031,1.25,2.82
2014.06.13 01:57:09.254,0.80021,0.8003,1.00,1.69
2014.06.13 01:57:10.302,0.80021,0.80029,1.69,1.25
2014.06.13 01:57:11.294,0.80021,0.8003,1.00,2.07
2014.06.13 01:57:12.493,0.8002,0.8003,2.44,2.82
2014.06.13 01:57:18.328,0.8002,0.8003,2.44,1.32
2014.06.13 01:57:19.313,0.80021,0.80031,1.69,1.69
2014.06.13 01:57:20.307,0.80022,0.8003,1.25,1.19
2014.06.13 01:57:22.340,0.8002,0.8003,2.44,2.07
2014.06.13 01:57:23.637,0.80023,0.80031,1.25,1.00
2014.06.13 01:57:23.941,0.80025,0.80031,1.25,1.00
2014.06.13 01:57:24.640,0.80025,0.80032,1.25,2.25
2014.06.13 01:57:24.943,0.80022,0.80031,1.00,2.82
2014.06.13 01:57:37.352,0.80022,0.8003,1.00,1.32
2014.06.13 01:57:44.980,0.8002,0.80029,1.19,1.00
2014.06.13 01:57:49.140,0.80022,0.80029,1.00,1.00
2014.06.13 01:57:51.958,0.8002,0.80029,1.69,1.00
2014.06.13 01:58:14.508,0.80021,0.80029,1.69,1.69
2014.06.13 01:58:17.499,0.80021,0.80029,1.25,1.69
2014.06.13 01:58:19.513,0.8002,0.80029,1.32,1.00
2014.06.13 01:58:22.551,0.80021,0.80029,1.25,2.44
2014.06.13 01:58:29.593,0.80019,0.80029,2.07,2.44
2014.06.13 01:58:33.866,0.80018,0.80027,2.82,1.25
2014.06.13 01:58:34.373,0.80019,0.80027,1.38,1.25
2014.06.13 01:58:44.251,0.8002,0.80027,2.07,1.00
2014.06.13 01:58:46.270,0.8002,0.80028,1.32,1.69
2014.06.13 01:58:48.464,0.8002,0.80028,1.32,1.00
2014.06.13 01:58:53.638,0.80021,0.80028,1.25,1.25
2014.06.13 01:59:18.050,0.8002,0.80028,1.69,1.00
2014.06.13 01:59:20.371,0.8002,0.80028,2.07,1.69
2014.06.13 01:59:21.218,0.8002,0.80028,2.07,1.00
2014.06.13 01:59:22.250,0.8002,0.80028,2.07,1.69
2014.06.13 01:59:28.243,0.8002,0.80028,1.00,1.25
2014.06.13 01:59:35.267,0.8002,0.80028,2.44,1.69
2014.06.13 01:59:41.287,0.8002,0.80028,2.82,1.00
2014.06.13 01:59:42.309,0.8002,0.80028,2.07,1.69
2014.06.13 01:59:45.844,0.80019,0.80028,1.63,1.25
2014.06.13 01:59:46.381,0.80019,0.80028,1.25,1.69
2014.06.13 01:59:47.820,0.80018,0.80028,2.44,2.82
2014.06.13 01:59:57.729,0.80018,0.80027,1.63,1.25
2014.06.13 01:59:58.258,0.80017,0.80026,1.32,1.50
2014.06.13 01:59:58.793,0.80018,0.80026,2.07,1.69
2014.06.13 01:59:59.398,0.80018,0.80026,2.07,1.69
