2015.06.12 15:00:00.082,0.72376,0.7238,1.00,1.00
2015.06.12 15:00:00.368,0.72379,0.72383,1.00,1.00
2015.06.12 15:00:00.571,0.72377,0.72385,1.00,1.50
2015.06.12 15:00:00.876,0.72375,0.72385,1.10,2.62
2015.06.12 15:00:01.029,0.72376,0.72382,1.00,1.00
2015.06.12 15:00:01.508,0.72374,0.72382,1.50,1.10
2015.06.12 15:00:02.016,0.72377,0.72382,1.00,1.20
2015.06.12 15:00:02.761,0.72377,0.72385,1.10,1.87
2015.06.12 15:00:03.445,0.72376,0.7238,1.10,1.00
2015.06.12 15:00:03.953,0.72377,0.72381,1.00,1.00
2015.06.12 15:00:04.208,0.72373,0.72379,1.12,1.00
2015.06.12 15:00:04.310,0.72372,0.72381,2.62,1.00
2015.06.12 15:00:04.412,0.72375,0.72383,1.00,1.95
2015.06.12 15:00:04.721,0.72375,0.72381,1.10,1.00
2015.06.12 15:00:05.229,0.72375,0.72382,1.87,1.00
2015.06.12 15:00:05.533,0.72376,0.72382,1.50,1.00
2015.06.12 15:00:06.063,0.72376,0.72383,1.57,1.00
2015.06.12 15:00:06.215,0.72376,0.72381,1.57,1.00
2015.06.12 15:00:06.622,0.72376,0.7238,1.10,1.00
2015.06.12 15:00:06.725,0.72373,0.72378,1.50,1.00
2015.06.12 15:00:06.948,0.72368,0.72374,1.37,1.00
2015.06.12 15:00:07.050,0.72367,0.72374,1.50,1.00
2015.06.12 15:00:07.560,0.72367,0.72373,1.50,1.00
2015.06.12 15:00:07.611,0.72367,0.72372,1.12,1.00
2015.06.12 15:00:07.815,0.72364,0.7237,1.95,1.00
2015.06.12 15:00:08.035,0.7237,0.72375,1.50,3.37
2015.06.12 15:00:08.139,0.72372,0.72379,1.10,1.47
2015.06.12 15:00:08.497,0.72373,0.72379,1.10,1.00
2015.06.12 15:00:09.330,0.72372,0.7238,1.12,1.12
2015.06.12 15:00:09.482,0.72375,0.7238,1.00,1.12
2015.06.12 15:00:10.267,0.72372,0.72378,1.12,1.00
2015.06.12 15:00:10.472,0.7237,0.72377,1.00,1.00
2015.06.12 15:00:10.777,0.72372,0.72377,1.00,1.00
2015.06.12 15:00:11.361,0.72372,0.72378,1.00,1.00
2015.06.12 15:00:11.616,0.7237,0.72377,1.10,1.10
2015.06.12 15:00:12.123,0.72369,0.72378,2.62,2.32
2015.06.12 15:00:12.225,0.72372,0.72378,1.00,1.50
2015.06.12 15:00:12.737,0.72371,0.72378,1.00,2.25
2015.06.12 15:00:13.042,0.72374,0.72381,1.00,1.87
2015.06.12 15:00:13.550,0.72371,0.72381,3.37,1.87
2015.06.12 15:00:14.230,0.72371,0.72379,1.87,1.00
2015.06.12 15:00:14.738,0.72369,0.72379,1.12,2.32
2015.06.12 15:00:15.226,0.72373,0.72379,1.00,2.32
2015.06.12 15:00:15.531,0.72374,0.72379,1.00,1.50
2015.06.12 15:00:16.038,0.72375,0.72379,1.00,1.10
2015.06.12 15:00:18.637,0.72375,0.72381,1.00,1.87
2015.06.12 15:00:19.184,0.72376,0.72382,1.00,1.87
2015.06.12 15:00:19.642,0.72377,0.72381,1.00,1.10
2015.06.12 15:00:19.948,0.72377,0.72384,1.00,3.00
2015.06.12 15:00:20.230,0.72374,0.72383,1.50,1.50
2015.06.12 15:00:20.740,0.72375,0.72383,1.00,1.50
2015.06.12 15:00:21.409,0.72376,0.72383,1.00,1.57
2015.06.12 15:00:21.461,0.72374,0.72383,1.10,1.57
2015.06.12 15:00:21.923,0.72372,0.72382,1.95,2.25
2015.06.12 15:00:22.550,0.72369,0.72378,1.20,1.10
2015.06.12 15:00:23.059,0.72368,0.72377,1.87,2.25
2015.06.12 15:00:23.364,0.7237,0.72377,1.00,1.00
2015.06.12 15:00:23.899,0.72371,0.72379,1.00,3.00
2015.06.12 15:00:24.457,0.72372,0.72379,1.00,1.12
2015.06.12 15:00:24.978,0.72374,0.72379,1.00,1.00
2015.06.12 15:00:25.335,0.72377,0.72382,1.00,1.87
2015.06.12 15:00:25.437,0.72375,0.72382,1.50,1.57
2015.06.12 15:00:26.066,0.72378,0.72382,1.00,1.10
2015.06.12 15:00:26.323,0.72375,0.72382,1.50,1.57
2015.06.12 15:00:26.831,0.72374,0.72382,1.12,1.10
2015.06.12 15:00:26.984,0.72376,0.72382,1.00,1.10
2015.06.12 15:00:27.305,0.72376,0.72384,1.50,1.10
2015.06.12 15:00:27.813,0.72375,0.72384,4.12,1.20
2015.06.12 15:00:28.507,0.72375,0.72384,1.20,1.57
2015.06.12 15:00:28.965,0.72373,0.72384,4.12,1.95
2015.06.12 15:00:29.606,0.72373,0.72383,3.00,1.47
2015.06.12 15:00:30.170,0.72375,0.72383,1.50,1.47
2015.06.12 15:00:30.577,0.72373,0.72383,1.20,2.70
2015.06.12 15:00:31.119,0.72373,0.72381,1.10,1.12
2015.06.12 15:00:31.630,0.72373,0.72382,1.12,1.50
2015.06.12 15:00:32.095,0.72375,0.72384,1.10,2.25
2015.06.12 15:00:32.555,0.72377,0.72384,1.50,1.12
2015.06.12 15:00:33.290,0.72378,0.72384,1.50,1.00
2015.06.12 15:00:33.594,0.72377,0.72386,2.32,1.00
2015.06.12 15:00:34.101,0.72377,0.72386,1.12,1.00
2015.06.12 15:00:34.925,0.72378,0.72387,1.57,1.85
2015.06.12 15:00:35.433,0.72379,0.72387,1.50,1.37
2015.06.12 15:00:35.950,0.72379,0.72387,1.50,1.37
2015.06.12 15:00:36.661,0.72381,0.72387,1.50,1.37
2015.06.12 15:00:36.713,0.72381,0.72388,2.25,1.10
2015.06.12 15:00:37.130,0.72382,0.72392,1.87,4.57
2015.06.12 15:00:37.435,0.72387,0.72391,1.00,1.50
2015.06.12 15:00:37.537,0.72388,0.72393,1.10,1.37
2015.06.12 15:00:37.639,0.72389,0.72395,1.00,1.10
2015.06.12 15:00:38.149,0.72388,0.72397,1.50,1.10
2015.06.12 15:00:38.504,0.72388,0.72398,1.10,3.37
2015.06.12 15:00:39.101,0.72388,0.72398,1.87,2.32
2015.06.12 15:00:41.180,0.72386,0.72396,1.12,2.25
2015.06.12 15:00:41.567,0.72385,0.72394,2.62,1.00
2015.06.12 15:00:41.821,0.72384,0.72393,3.00,1.00
2015.06.12 15:00:42.329,0.72384,0.72392,4.12,1.00
2015.06.12 15:00:42.802,0.72385,0.72394,1.10,1.20
2015.06.12 15:00:43.513,0.72384,0.72393,3.37,1.00
2015.06.12 15:00:44.463,0.72386,0.72393,1.00,1.00
2015.06.12 15:00:44.822,0.72386,0.7239,1.10,1.00
2015.06.12 15:00:44.924,0.72384,0.72392,2.62,1.00
2015.06.12 15:00:45.078,0.72384,0.72391,1.10,1.00
2015.06.12 15:00:45.580,0.72383,0.72391,1.50,1.37
2015.06.12 15:00:45.834,0.72383,0.72392,3.00,1.00
2015.06.12 15:00:45.936,0.72384,0.7239,1.10,1.00
2015.06.12 15:00:45.988,0.72385,0.72394,1.00,3.37
2015.06.12 15:00:47.122,0.72386,0.72394,1.00,1.47
2015.06.12 15:00:47.224,0.72387,0.72396,1.50,2.62
2015.06.12 15:00:47.427,0.72387,0.72396,1.20,1.87
2015.06.12 15:00:47.978,0.72388,0.72396,1.00,1.50
2015.06.12 15:00:48.131,0.72391,0.72397,1.00,1.47
2015.06.12 15:00:48.233,0.72389,0.72398,1.00,4.42
2015.06.12 15:00:48.817,0.7239,0.72399,1.00,1.87
2015.06.12 15:00:48.919,0.72392,0.724,1.00,1.87
2015.06.12 15:00:49.225,0.72391,0.72395,1.57,1.00
2015.06.12 15:00:49.277,0.72389,0.72395,1.00,1.00
2015.06.12 15:00:49.430,0.72384,0.72393,2.25,1.00
2015.06.12 15:00:49.532,0.72384,0.72395,1.95,1.00
2015.06.12 15:00:49.798,0.72384,0.72391,1.95,1.00
2015.06.12 15:00:50.105,0.72383,0.72388,2.70,1.00
2015.06.12 15:00:50.207,0.72384,0.72389,1.12,1.00
2015.06.12 15:00:50.847,0.72384,0.7239,1.12,1.00
2015.06.12 15:00:50.899,0.72384,0.72392,2.70,1.10
2015.06.12 15:00:51.156,0.72385,0.72391,2.25,1.00
2015.06.12 15:00:52.234,0.72384,0.7239,2.62,1.00
2015.06.12 15:00:52.488,0.72384,0.72389,1.10,1.00
2015.06.12 15:00:52.540,0.72383,0.72387,2.62,1.00
2015.06.12 15:00:52.692,0.72382,0.72387,1.20,1.00
2015.06.12 15:00:52.947,0.72381,0.72385,2.25,1.00
2015.06.12 15:00:53.285,0.72379,0.72384,3.00,1.00
2015.06.12 15:00:53.829,0.72379,0.72384,1.95,1.00
2015.06.12 15:00:54.364,0.7238,0.72384,1.00,1.00
2015.06.12 15:00:55.086,0.72379,0.72384,1.20,1.00
2015.06.12 15:00:56.528,0.72378,0.72384,2.70,1.00
2015.06.12 15:00:56.883,0.7238,0.72385,1.10,1.00
2015.06.12 15:00:58.560,0.72378,0.72387,4.87,1.00
2015.06.12 15:00:58.865,0.72382,0.72387,1.10,1.00
2015.06.12 15:00:59.378,0.72381,0.72388,2.25,1.00
2015.06.12 15:00:59.918,0.72381,0.72386,1.50,1.00
2015.06.12 15:01:00.072,0.72379,0.72384,1.57,1.00
2015.06.12 15:01:00.775,0.72377,0.72383,1.50,1.00
2015.06.12 15:01:00.928,0.72377,0.72381,1.12,1.00
2015.06.12 15:01:01.080,0.72374,0.72381,1.87,1.00
2015.06.12 15:01:01.443,0.72374,0.72379,1.57,1.00
2015.06.12 15:01:02.187,0.72376,0.7238,1.00,1.00
2015.06.12 15:01:02.238,0.72376,0.72382,1.00,1.00
2015.06.12 15:01:02.391,0.72378,0.72382,1.00,1.00
2015.06.12 15:01:02.544,0.72376,0.72384,1.12,1.00
2015.06.12 15:01:03.052,0.72376,0.72383,1.87,1.00
2015.06.12 15:01:03.739,0.72377,0.72384,1.50,1.00
2015.06.12 15:01:04.247,0.72376,0.72383,3.37,1.00
2015.06.12 15:01:04.754,0.72375,0.72382,1.20,1.00
2015.06.12 15:01:05.118,0.72378,0.72383,1.00,1.00
2015.06.12 15:01:05.373,0.72379,0.72385,1.00,1.00
2015.06.12 15:01:05.576,0.72381,0.72387,1.00,1.00
2015.06.12 15:01:05.678,0.72381,0.72389,1.10,1.00
2015.06.12 15:01:05.910,0.72385,0.72392,1.00,2.32
2015.06.12 15:01:06.113,0.72384,0.72392,1.00,2.32
2015.06.12 15:01:06.266,0.72386,0.72392,1.00,2.32
2015.06.12 15:01:06.570,0.72384,0.72392,1.00,2.32
2015.06.12 15:01:07.209,0.72386,0.72392,1.00,2.32
2015.06.12 15:01:07.464,0.72385,0.72393,1.00,1.10
2015.06.12 15:01:07.872,0.72387,0.72394,1.00,1.57
2015.06.12 15:01:08.455,0.72385,0.72394,1.87,1.50
2015.06.12 15:01:08.962,0.72385,0.72393,1.10,1.50
2015.06.12 15:01:09.476,0.72387,0.72394,1.00,1.95
2015.06.12 15:01:09.578,0.72385,0.72394,1.50,1.95
2015.06.12 15:01:10.098,0.72385,0.72394,1.00,1.95
2015.06.12 15:01:10.605,0.72384,0.72393,1.10,1.87
2015.06.12 15:01:11.153,0.72384,0.72392,1.57,1.00
2015.06.12 15:01:11.661,0.72383,0.72392,2.25,1.00
2015.06.12 15:01:13.252,0.72384,0.72394,1.87,2.62
2015.06.12 15:01:14.778,0.72387,0.72394,1.00,1.95
2015.06.12 15:01:15.052,0.72385,0.72394,1.00,1.47
2015.06.12 15:01:15.768,0.72388,0.72394,1.00,1.37
2015.06.12 15:01:16.290,0.72387,0.72394,1.00,1.87
2015.06.12 15:01:17.003,0.72386,0.72394,1.00,1.47
2015.06.12 15:01:17.541,0.72387,0.72394,1.00,1.37
2015.06.12 15:01:17.846,0.7239,0.72394,1.00,1.12
2015.06.12 15:01:17.999,0.72388,0.72394,1.00,1.37
2015.06.12 15:01:18.526,0.72387,0.72393,1.00,1.37
2015.06.12 15:01:18.781,0.72386,0.72394,1.10,2.62
2015.06.12 15:01:19.290,0.72384,0.72394,2.62,1.87
2015.06.12 15:01:19.807,0.72386,0.72394,1.00,1.87
2015.06.12 15:01:20.111,0.72385,0.72392,1.10,1.00
2015.06.12 15:01:20.719,0.72385,0.72391,1.10,1.00
2015.06.12 15:01:21.060,0.72383,0.72393,5.62,1.57
2015.06.12 15:01:21.215,0.72384,0.72392,1.00,1.57
2015.06.12 15:01:22.307,0.72385,0.72392,1.00,1.10
2015.06.12 15:01:22.814,0.72384,0.72393,1.50,2.62
2015.06.12 15:01:24.362,0.72384,0.72393,1.00,3.37
2015.06.12 15:01:25.041,0.72379,0.72388,1.87,1.47
2015.06.12 15:01:25.245,0.72378,0.72387,3.37,1.12
2015.06.12 15:01:25.752,0.72379,0.72388,1.10,2.32
2015.06.12 15:01:26.419,0.72379,0.72388,1.10,1.57
2015.06.12 15:01:26.931,0.72379,0.72388,1.57,1.57
2015.06.12 15:01:27.238,0.7238,0.72389,1.12,1.50
2015.06.12 15:01:29.120,0.72381,0.72389,1.12,1.12
2015.06.12 15:01:29.526,0.72382,0.72387,1.10,1.00
2015.06.12 15:01:29.628,0.7238,0.7239,1.50,3.00
2015.06.12 15:01:29.933,0.72382,0.72387,1.10,1.00
2015.06.12 15:01:31.522,0.72381,0.7239,2.62,2.25
2015.06.12 15:01:31.827,0.72383,0.72392,1.12,1.37
2015.06.12 15:01:32.385,0.72385,0.72392,1.00,1.37
2015.06.12 15:01:32.436,0.72385,0.72393,1.00,2.32
2015.06.12 15:01:32.940,0.72385,0.72393,1.12,1.00
2015.06.12 15:01:33.449,0.72384,0.72394,2.62,1.00
2015.06.12 15:01:33.806,0.72388,0.72395,1.00,2.32
2015.06.12 15:01:33.908,0.72386,0.72394,1.57,1.00
2015.06.12 15:01:34.092,0.72387,0.72395,1.12,1.95
2015.06.12 15:01:34.397,0.72387,0.72397,1.12,1.95
2015.06.12 15:01:34.600,0.72389,0.72396,1.12,1.00
2015.06.12 15:01:34.753,0.72389,0.72398,1.87,1.50
2015.06.12 15:01:35.287,0.72389,0.72399,3.00,1.12
2015.06.12 15:01:35.795,0.72392,0.72398,1.00,1.12
2015.06.12 15:01:36.426,0.72389,0.72396,1.10,1.00
2015.06.12 15:01:36.580,0.72386,0.72395,1.50,1.12
2015.06.12 15:01:37.822,0.72386,0.72391,1.50,1.00
2015.06.12 15:01:37.924,0.72385,0.72393,1.87,1.50
2015.06.12 15:01:38.127,0.72385,0.72392,1.20,1.00
2015.06.12 15:01:38.382,0.72385,0.72394,1.10,2.25
2015.06.12 15:01:38.926,0.72384,0.72393,1.12,1.00
2015.06.12 15:01:39.678,0.72385,0.72395,1.50,1.20
2015.06.12 15:01:39.729,0.72391,0.72396,1.00,1.87
2015.06.12 15:01:40.136,0.72391,0.72398,1.00,1.87
2015.06.12 15:01:40.544,0.72394,0.72398,1.00,1.50
2015.06.12 15:01:41.075,0.72395,0.72401,1.00,1.37
2015.06.12 15:01:41.633,0.72398,0.72402,1.00,3.75
2015.06.12 15:01:42.163,0.72396,0.72401,1.00,1.37
2015.06.12 15:01:42.570,0.72397,0.72403,1.00,1.37
2015.06.12 15:01:43.191,0.72398,0.72403,1.00,1.37
2015.06.12 15:01:43.952,0.72398,0.72404,1.00,1.37
2015.06.12 15:01:44.464,0.72399,0.72403,1.00,1.12
2015.06.12 15:01:44.769,0.72395,0.72403,1.87,2.25
2015.06.12 15:01:44.820,0.72395,0.724,1.57,1.00
2015.06.12 15:01:45.126,0.72392,0.724,1.00,3.00
2015.06.12 15:01:45.412,0.72394,0.724,1.00,3.37
2015.06.12 15:01:46.174,0.72395,0.72401,1.00,1.57
2015.06.12 15:01:46.709,0.72394,0.72401,1.00,1.57
2015.06.12 15:01:46.964,0.72394,0.72401,1.00,3.82
2015.06.12 15:01:47.482,0.72394,0.724,1.00,1.87
2015.06.12 15:01:48.756,0.72392,0.72399,1.10,1.00
2015.06.12 15:01:48.808,0.72392,0.72397,1.10,1.00
2015.06.12 15:01:49.061,0.7239,0.72396,1.10,1.00
2015.06.12 15:01:49.713,0.7239,0.72397,1.10,2.62
2015.06.12 15:01:50.374,0.72389,0.72397,1.10,1.87
2015.06.12 15:01:51.688,0.7239,0.72397,1.00,1.87
2015.06.12 15:01:51.842,0.72393,0.72397,1.00,1.12
2015.06.12 15:01:52.393,0.72393,0.72398,1.00,1.00
2015.06.12 15:01:53.107,0.72393,0.72399,1.00,3.07
2015.06.12 15:01:53.803,0.72393,0.72399,1.00,1.57
2015.06.12 15:01:54.363,0.72392,0.72399,1.00,1.00
2015.06.12 15:01:55.584,0.7239,0.72399,1.50,3.00
2015.06.12 15:01:57.078,0.72388,0.72396,6.37,1.00
2015.06.12 15:01:57.719,0.72388,0.72395,6.37,1.00
2015.06.12 15:01:58.227,0.72388,0.72395,1.87,1.00
2015.06.12 15:01:58.583,0.72388,0.72393,1.12,1.00
2015.06.12 15:01:58.685,0.72386,0.7239,1.00,1.00
2015.06.12 15:01:58.970,0.72383,0.7239,1.12,1.00
2015.06.12 15:01:59.479,0.72384,0.72392,1.10,1.00
2015.06.12 15:01:59.987,0.72384,0.72391,1.10,1.00
2015.06.12 15:02:00.258,0.72384,0.72389,1.00,1.00
2015.06.12 15:02:00.462,0.72382,0.72391,1.20,1.20
2015.06.12 15:02:01.182,0.72384,0.72391,1.00,1.57
2015.06.12 15:02:01.520,0.7238,0.72387,1.37,1.00
2015.06.12 15:02:01.571,0.7238,0.72387,1.00,1.00
2015.06.12 15:02:02.078,0.72379,0.72387,1.00,1.20
2015.06.12 15:02:02.477,0.72382,0.72388,1.00,1.37
2015.06.12 15:02:02.579,0.72383,0.7239,1.00,1.00
2015.06.12 15:02:02.782,0.72385,0.7239,1.00,1.00
2015.06.12 15:02:02.833,0.72385,0.72393,1.00,4.12
2015.06.12 15:02:03.354,0.72385,0.72393,1.00,3.07
2015.06.12 15:02:03.837,0.72385,0.72393,1.50,2.62
2015.06.12 15:02:05.063,0.72385,0.72393,1.37,1.87
2015.06.12 15:02:05.165,0.72384,0.72392,1.47,1.12
2015.06.12 15:02:05.267,0.72384,0.72389,1.10,1.00
2015.06.12 15:02:05.369,0.72384,0.72391,1.10,1.50
2015.06.12 15:02:06.717,0.72383,0.72391,1.12,1.87
2015.06.12 15:02:07.226,0.72382,0.72391,3.00,1.87
2015.06.12 15:02:08.627,0.72383,0.72392,1.10,2.32
2015.06.12 15:02:08.948,0.72386,0.72392,1.00,1.10
2015.06.12 15:02:09.354,0.72384,0.72393,2.32,1.10
2015.06.12 15:02:09.608,0.72387,0.72394,1.00,1.95
2015.06.12 15:02:09.863,0.72387,0.72396,2.25,2.25
2015.06.12 15:02:10.393,0.72387,0.72396,2.62,2.62
2015.06.12 15:02:10.900,0.72388,0.72395,1.10,1.47
2015.06.12 15:02:11.583,0.72388,0.72395,1.10,1.57
2015.06.12 15:02:14.440,0.72386,0.72395,2.25,3.00
2015.06.12 15:02:15.001,0.72385,0.72395,1.95,1.12
2015.06.12 15:02:15.470,0.72385,0.72395,1.20,6.97
2015.06.12 15:02:17.823,0.72384,0.72391,1.00,1.12
2015.06.12 15:02:18.354,0.72383,0.72391,1.00,1.87
2015.06.12 15:02:18.812,0.72385,0.72392,1.00,2.25
2015.06.12 15:02:19.350,0.72386,0.72393,1.00,3.00
2015.06.12 15:02:19.860,0.72385,0.72393,1.00,2.25
2015.06.12 15:02:20.441,0.72383,0.72393,1.87,3.00
2015.06.12 15:02:21.812,0.72386,0.72392,1.00,1.12
2015.06.12 15:02:22.015,0.72383,0.72392,2.62,1.12
2015.06.12 15:02:22.522,0.72385,0.72392,1.00,1.87
2015.06.12 15:02:22.899,0.72385,0.72389,1.00,1.12
2015.06.12 15:02:23.001,0.72383,0.7239,1.00,1.37
2015.06.12 15:02:23.508,0.72383,0.7239,1.00,1.50
2015.06.12 15:02:24.016,0.72381,0.7239,1.57,1.00
2015.06.12 15:02:24.530,0.72382,0.7239,1.00,1.12
2015.06.12 15:02:25.037,0.72383,0.7239,1.00,1.00
2015.06.12 15:02:25.585,0.72384,0.72392,1.00,2.62
2015.06.12 15:02:25.637,0.72386,0.72392,1.00,1.87
2015.06.12 15:02:25.994,0.72383,0.72392,1.50,1.87
2015.06.12 15:02:28.069,0.72384,0.72393,1.00,6.60
2015.06.12 15:02:29.567,0.72383,0.72388,1.50,1.00
2015.06.12 15:02:30.187,0.72384,0.72388,1.00,1.00
2015.06.12 15:02:30.760,0.72382,0.72386,1.10,1.00
2015.06.12 15:02:30.812,0.72381,0.72386,1.10,1.00
2015.06.12 15:02:30.914,0.72381,0.72385,1.00,1.00
2015.06.12 15:02:31.017,0.72379,0.72384,2.62,1.00
2015.06.12 15:02:34.937,0.72378,0.72385,1.50,1.00
2015.06.12 15:02:35.143,0.7238,0.72384,1.10,1.00
2015.06.12 15:02:35.246,0.7238,0.72384,1.10,1.00
2015.06.12 15:02:35.892,0.72381,0.72385,1.00,1.00
2015.06.12 15:02:36.401,0.72378,0.72383,1.87,1.00
2015.06.12 15:02:36.503,0.72377,0.72382,2.70,1.00
2015.06.12 15:02:37.013,0.72377,0.72381,1.00,1.00
2015.06.12 15:02:37.356,0.72376,0.72383,1.10,1.00
2015.06.12 15:02:37.562,0.72376,0.72381,1.57,1.00
2015.06.12 15:02:37.868,0.72373,0.72378,1.12,1.00
2015.06.12 15:02:37.971,0.72371,0.72376,1.10,1.00
2015.06.12 15:02:38.306,0.72371,0.72375,1.00,1.00
2015.06.12 15:02:38.814,0.72369,0.72374,1.47,1.00
2015.06.12 15:02:39.134,0.72368,0.72373,2.62,1.00
2015.06.12 15:02:39.393,0.72364,0.72371,1.20,1.00
2015.06.12 15:02:39.445,0.72364,0.72369,1.95,1.00
2015.06.12 15:02:39.751,0.72364,0.72371,1.95,1.00
2015.06.12 15:02:40.259,0.72365,0.7237,1.00,1.00
2015.06.12 15:02:40.361,0.72367,0.72372,1.00,1.00
2015.06.12 15:02:40.708,0.72369,0.72374,1.50,1.00
2015.06.12 15:02:41.232,0.72369,0.72373,1.00,1.00
2015.06.12 15:02:41.765,0.72365,0.72372,6.37,1.00
2015.06.12 15:02:41.968,0.72364,0.72369,1.00,1.00
2015.06.12 15:02:42.070,0.72363,0.72371,2.25,1.12
2015.06.12 15:02:42.172,0.72365,0.72369,1.50,1.00
2015.06.12 15:02:42.376,0.72363,0.72369,3.00,1.00
2015.06.12 15:02:42.960,0.72362,0.72367,1.12,1.00
2015.06.12 15:02:43.571,0.72361,0.72365,2.32,1.00
2015.06.12 15:02:43.977,0.72361,0.72365,1.00,1.00
2015.06.12 15:02:44.079,0.72359,0.72364,2.25,1.00
2015.06.12 15:02:44.549,0.72359,0.72365,1.00,1.00
2015.06.12 15:02:44.702,0.72361,0.72366,1.00,1.00
2015.06.12 15:02:45.209,0.72362,0.72366,1.00,1.00
2015.06.12 15:02:45.613,0.7236,0.72364,1.00,1.00
2015.06.12 15:02:45.766,0.72357,0.72363,1.50,1.00
2015.06.12 15:02:46.124,0.72355,0.72362,1.87,1.00
2015.06.12 15:02:46.632,0.72356,0.72362,1.00,1.00
2015.06.12 15:02:46.863,0.72355,0.72359,1.87,1.00
2015.06.12 15:02:47.116,0.72353,0.72359,1.50,1.00
2015.06.12 15:02:47.625,0.72353,0.7236,1.50,1.00
2015.06.12 15:02:48.329,0.72353,0.72359,1.50,1.00
2015.06.12 15:02:48.635,0.72355,0.72359,1.00,1.00
2015.06.12 15:02:48.737,0.72353,0.7236,1.00,1.00
2015.06.12 15:02:49.297,0.72355,0.7236,1.00,1.00
2015.06.12 15:02:49.831,0.72356,0.72361,1.00,1.00
2015.06.12 15:02:50.846,0.72355,0.72361,1.00,1.00
2015.06.12 15:02:52.604,0.72356,0.72361,1.00,1.00
2015.06.12 15:02:52.655,0.72356,0.72363,1.00,1.20
2015.06.12 15:02:53.200,0.72357,0.72363,1.00,1.12
2015.06.12 15:02:53.353,0.72355,0.72363,1.50,1.12
2015.06.12 15:02:53.862,0.72356,0.72363,1.00,1.12
2015.06.12 15:02:54.404,0.72356,0.72362,1.00,1.00
2015.06.12 15:02:54.760,0.72355,0.7236,1.00,1.00
2015.06.12 15:02:55.439,0.72354,0.72361,1.12,1.00
2015.06.12 15:02:55.744,0.72356,0.72364,1.00,2.25
2015.06.12 15:02:56.519,0.72357,0.72364,1.00,2.25
2015.06.12 15:02:57.042,0.72356,0.72364,1.50,1.47
2015.06.12 15:02:57.500,0.72359,0.72364,1.00,1.10
2015.06.12 15:02:57.988,0.72357,0.72365,1.87,1.00
2015.06.12 15:02:58.090,0.72357,0.72363,1.12,1.00
2015.06.12 15:02:58.600,0.72356,0.72363,1.00,1.00
2015.06.12 15:02:59.007,0.72354,0.72363,1.10,1.37
2015.06.12 15:02:59.556,0.72355,0.72363,1.00,2.70
2015.06.12 15:03:00.165,0.72354,0.72362,1.50,1.12
2015.06.12 15:03:00.627,0.72356,0.72363,1.00,1.95
2015.06.12 15:03:01.086,0.72355,0.72362,1.00,2.25
2015.06.12 15:03:01.523,0.72352,0.72358,1.00,1.37
2015.06.12 15:03:01.574,0.72353,0.72361,1.00,1.20
2015.06.12 15:03:01.626,0.72355,0.72362,1.00,1.50
2015.06.12 15:03:02.034,0.72354,0.72358,1.50,1.00
2015.06.12 15:03:02.187,0.72352,0.72357,1.50,1.00
2015.06.12 15:03:02.392,0.72351,0.72355,1.87,1.00
2015.06.12 15:03:02.961,0.7235,0.72355,1.87,1.00
2015.06.12 15:03:03.012,0.7235,0.72354,1.50,1.00
2015.06.12 15:03:03.165,0.72347,0.72351,1.00,1.00
2015.06.12 15:03:03.216,0.72344,0.72349,2.25,1.00
2015.06.12 15:03:03.726,0.72344,0.72348,1.50,1.00
2015.06.12 15:03:04.235,0.72344,0.72348,1.00,1.00
2015.06.12 15:03:04.928,0.72345,0.72349,1.00,1.00
2015.06.12 15:03:05.436,0.72344,0.72349,1.50,1.00
2015.06.12 15:03:05.892,0.72346,0.7235,1.00,1.00
2015.06.12 15:03:05.994,0.72344,0.72349,1.00,1.00
2015.06.12 15:03:06.267,0.72343,0.72347,1.10,1.00
2015.06.12 15:03:06.318,0.72342,0.72346,1.50,1.00
2015.06.12 15:03:06.828,0.72341,0.72345,2.32,1.00
2015.06.12 15:03:07.133,0.72339,0.72343,1.95,1.00
2015.06.12 15:03:08.022,0.72339,0.72343,1.10,1.00
2015.06.12 15:03:08.581,0.72338,0.72342,1.00,1.00
2015.06.12 15:03:09.095,0.72337,0.72342,1.00,1.00
2015.06.12 15:03:09.553,0.7234,0.72344,1.00,1.00
2015.06.12 15:03:09.788,0.72338,0.72343,1.50,1.00
2015.06.12 15:03:09.943,0.72338,0.72345,1.87,1.00
2015.06.12 15:03:10.047,0.72339,0.72343,1.00,1.00
2015.06.12 15:03:10.556,0.72336,0.72342,1.47,1.00
2015.06.12 15:03:10.843,0.72336,0.72344,1.47,1.00
2015.06.12 15:03:11.654,0.72335,0.72343,1.50,1.00
2015.06.12 15:03:12.024,0.72336,0.72344,1.12,1.00
2015.06.12 15:03:12.533,0.72336,0.72343,1.87,1.00
2015.06.12 15:03:13.166,0.72338,0.72343,1.00,1.00
2015.06.12 15:03:13.724,0.72338,0.72344,1.00,1.00
2015.06.12 15:03:14.233,0.72338,0.72345,1.00,1.00
2015.06.12 15:03:14.736,0.72339,0.72345,1.10,1.00
2015.06.12 15:03:15.244,0.72339,0.72344,1.12,1.00
2015.06.12 15:03:15.803,0.72339,0.72344,1.10,1.00
2015.06.12 15:03:16.058,0.72336,0.72346,2.25,1.00
2015.06.12 15:03:16.109,0.72336,0.72346,1.87,1.00
2015.06.12 15:03:16.160,0.72336,0.72344,1.87,1.00
2015.06.12 15:03:16.625,0.72337,0.72347,1.10,1.00
2015.06.12 15:03:16.677,0.72337,0.72347,2.62,1.00
2015.06.12 15:03:16.982,0.7234,0.7235,2.62,1.00
2015.06.12 15:03:17.491,0.72342,0.72352,1.00,1.50
2015.06.12 15:03:18.026,0.72341,0.72352,2.32,1.87
2015.06.12 15:03:18.533,0.7234,0.7235,1.37,1.87
2015.06.12 15:03:18.635,0.7234,0.7235,1.10,1.95
2015.06.12 15:03:19.567,0.72339,0.72348,1.87,1.00
2015.06.12 15:03:19.871,0.72342,0.7235,1.00,1.95
2015.06.12 15:03:20.247,0.72346,0.72352,1.00,1.37
2015.06.12 15:03:20.299,0.72346,0.72352,1.00,1.12
2015.06.12 15:03:20.351,0.72344,0.72352,1.00,1.12
2015.06.12 15:03:20.453,0.72346,0.72355,1.00,1.87
2015.06.12 15:03:20.555,0.72348,0.72355,1.00,1.00
2015.06.12 15:03:20.657,0.72348,0.72357,1.00,1.12
2015.06.12 15:03:20.860,0.72349,0.7236,1.50,3.37
2015.06.12 15:03:21.387,0.72349,0.7236,1.95,4.12
2015.06.12 15:03:22.148,0.7235,0.7236,1.00,3.22
2015.06.12 15:03:22.561,0.7235,0.7236,1.00,3.22
2015.06.12 15:03:23.238,0.72351,0.7236,1.00,2.62
2015.06.12 15:03:23.543,0.72353,0.7236,1.00,4.72
2015.06.12 15:03:23.922,0.72355,0.72359,1.00,1.10
2015.06.12 15:03:24.432,0.72355,0.7236,1.00,2.32
2015.06.12 15:03:24.736,0.72357,0.72361,1.00,1.20
2015.06.12 15:03:25.255,0.72357,0.72362,1.00,1.20
2015.06.12 15:03:25.762,0.72358,0.72364,1.00,3.75
2015.06.12 15:03:26.439,0.72359,0.72363,1.00,1.00
2015.06.12 15:03:26.895,0.7236,0.72365,1.00,1.00
2015.06.12 15:03:27.098,0.7236,0.72367,1.00,2.70
2015.06.12 15:03:27.149,0.72359,0.72365,1.00,1.00
2015.06.12 15:03:27.656,0.72358,0.72364,1.00,1.00
2015.06.12 15:03:28.175,0.7236,0.72365,1.00,2.70
2015.06.12 15:03:28.582,0.72361,0.72365,1.00,1.10
2015.06.12 15:03:29.120,0.72363,0.72367,1.00,2.62
2015.06.12 15:03:29.579,0.72364,0.72369,1.00,1.87
2015.06.12 15:03:29.988,0.72365,0.7237,1.00,2.25
2015.06.12 15:03:31.301,0.72366,0.7237,1.00,1.87
2015.06.12 15:03:32.187,0.72366,0.72371,1.00,1.00
2015.06.12 15:03:32.341,0.72369,0.72375,1.00,1.87
2015.06.12 15:03:32.848,0.7237,0.72375,1.00,1.87
2015.06.12 15:03:33.157,0.72367,0.72375,1.00,1.12
2015.06.12 15:03:33.209,0.72367,0.72372,1.00,1.00
2015.06.12 15:03:33.572,0.72367,0.72374,1.00,1.57
2015.06.12 15:03:34.081,0.7237,0.72375,1.00,3.00
2015.06.12 15:03:34.285,0.72371,0.72376,1.00,1.20
2015.06.12 15:03:34.489,0.72368,0.72375,1.00,1.12
2015.06.12 15:03:34.866,0.7237,0.72378,1.00,2.25
2015.06.12 15:03:35.120,0.7237,0.7238,1.00,2.62
2015.06.12 15:03:35.728,0.72373,0.7238,1.00,1.75
2015.06.12 15:03:36.237,0.72373,0.72379,1.00,1.95
2015.06.12 15:03:36.777,0.72376,0.72381,1.00,2.25
2015.06.12 15:03:36.828,0.72376,0.72382,1.00,1.95
2015.06.12 15:03:37.337,0.72377,0.72383,1.00,2.25
2015.06.12 15:03:38.009,0.72377,0.72383,1.00,2.25
2015.06.12 15:03:39.573,0.72376,0.72382,1.00,1.95
2015.06.12 15:03:39.878,0.72375,0.7238,1.00,1.00
2015.06.12 15:03:40.385,0.72374,0.72381,1.00,1.00
2015.06.12 15:03:40.693,0.72374,0.72379,1.00,1.00
2015.06.12 15:03:40.999,0.72367,0.72373,3.37,1.00
2015.06.12 15:03:41.102,0.72367,0.72373,3.00,1.00
2015.06.12 15:03:41.896,0.72366,0.72372,3.00,1.00
2015.06.12 15:03:42.404,0.72366,0.72373,2.25,1.00
2015.06.12 15:03:42.947,0.72367,0.72371,1.20,1.00
2015.06.12 15:03:43.459,0.72366,0.72371,1.87,1.00
2015.06.12 15:03:43.612,0.72365,0.7237,1.00,1.00
2015.06.12 15:03:44.157,0.72364,0.72369,1.12,1.00
2015.06.12 15:03:45.377,0.72364,0.72369,1.50,1.00
2015.06.12 15:03:45.906,0.72366,0.7237,1.00,1.00
2015.06.12 15:03:46.434,0.72363,0.72369,2.25,1.00
2015.06.12 15:03:46.586,0.72363,0.72373,3.75,1.00
2015.06.12 15:03:46.921,0.72367,0.72372,1.00,1.00
2015.06.12 15:03:47.428,0.72367,0.72371,1.00,1.00
2015.06.12 15:03:47.985,0.72366,0.72371,2.32,1.00
2015.06.12 15:03:48.416,0.72365,0.72369,1.95,1.00
2015.06.12 15:03:49.026,0.72364,0.72368,1.20,1.00
2015.06.12 15:03:49.128,0.72364,0.72373,3.00,1.00
2015.06.12 15:03:49.443,0.72365,0.72369,1.50,1.00
2015.06.12 15:03:49.951,0.72366,0.7237,1.50,1.00
2015.06.12 15:03:50.003,0.72366,0.72376,1.50,2.70
2015.06.12 15:03:50.054,0.72368,0.72376,1.00,2.70
2015.06.12 15:03:50.258,0.72366,0.72375,2.25,1.12
2015.06.12 15:03:50.602,0.72365,0.72372,1.00,1.50
2015.06.12 15:03:50.653,0.72363,0.72372,1.00,1.50
2015.06.12 15:03:51.109,0.72361,0.7237,1.57,1.00
2015.06.12 15:03:51.672,0.72361,0.7237,1.12,1.00
2015.06.12 15:03:52.183,0.7236,0.72371,3.07,1.50
2015.06.12 15:03:54.394,0.7236,0.7237,1.95,1.00
2015.06.12 15:03:54.713,0.72358,0.72368,3.82,1.00
2015.06.12 15:03:55.221,0.72358,0.72367,2.25,1.00
2015.06.12 15:03:55.873,0.72359,0.72368,1.50,2.62
2015.06.12 15:03:56.380,0.72361,0.72369,1.00,1.37
2015.06.12 15:03:56.902,0.7236,0.7237,1.50,3.37
2015.06.12 15:03:57.309,0.7236,0.7237,1.50,3.00
2015.06.12 15:03:57.563,0.72358,0.72368,4.50,1.00
2015.06.12 15:03:58.071,0.72363,0.72369,1.87,1.87
2015.06.12 15:03:58.275,0.72363,0.72371,3.75,1.12
2015.06.12 15:03:58.512,0.72361,0.72371,1.20,1.57
2015.06.12 15:03:58.665,0.7236,0.72371,2.25,2.25
2015.06.12 15:03:58.919,0.72358,0.72368,1.12,2.25
2015.06.12 15:03:59.073,0.72357,0.72366,3.37,1.00
2015.06.12 15:03:59.638,0.72357,0.72366,2.62,1.00
2015.06.12 15:04:00.171,0.72357,0.72365,1.87,1.00
2015.06.12 15:04:00.679,0.72357,0.72366,2.25,1.00
2015.06.12 15:04:01.781,0.72357,0.72366,1.37,1.00
2015.06.12 15:04:02.316,0.72357,0.72367,3.45,1.00
2015.06.12 15:04:02.836,0.72358,0.72368,1.87,1.00
2015.06.12 15:04:03.194,0.72359,0.72369,1.37,3.37
2015.06.12 15:04:04.068,0.72359,0.72368,1.37,1.00
2015.06.12 15:04:05.800,0.7236,0.72369,1.12,3.00
2015.06.12 15:04:11.043,0.7236,0.7237,1.12,2.32
2015.06.12 15:04:11.575,0.7236,0.72369,1.12,1.50
2015.06.12 15:04:12.935,0.7236,0.7237,1.12,2.32
2015.06.12 15:04:13.448,0.7236,0.72369,1.87,1.50
2015.06.12 15:04:15.213,0.7236,0.72369,1.87,1.00
2015.06.12 15:04:16.617,0.72363,0.72369,1.00,1.00
2015.06.12 15:04:16.874,0.72368,0.72375,1.00,1.50
2015.06.12 15:04:17.419,0.72367,0.72375,2.25,1.00
2015.06.12 15:04:17.521,0.72365,0.72374,1.00,1.50
2015.06.12 15:04:17.826,0.72363,0.72374,3.45,2.62
2015.06.12 15:04:18.130,0.72366,0.72375,1.00,2.70
2015.06.12 15:04:18.663,0.72367,0.72376,1.50,1.10
2015.06.12 15:04:19.171,0.72368,0.72377,1.00,1.50
2015.06.12 15:04:19.831,0.72367,0.72376,3.00,1.00
2015.06.12 15:04:20.344,0.72367,0.72377,1.50,2.25
2015.06.12 15:04:20.851,0.72367,0.72376,2.25,1.00
2015.06.12 15:04:21.238,0.72367,0.72374,1.50,1.00
2015.06.12 15:04:21.593,0.72365,0.72372,1.00,1.00
2015.06.12 15:04:21.695,0.72363,0.7237,1.00,1.00
2015.06.12 15:04:23.853,0.72361,0.72369,1.50,1.00
2015.06.12 15:04:24.237,0.72362,0.72371,1.00,1.20
2015.06.12 15:04:24.389,0.72361,0.72369,1.00,1.12
2015.06.12 15:04:24.898,0.7236,0.7237,1.12,2.25
2015.06.12 15:04:26.027,0.72361,0.7237,1.00,2.25
2015.06.12 15:04:26.534,0.7236,0.72369,1.50,1.87
2015.06.12 15:04:27.063,0.72361,0.7237,1.50,1.87
2015.06.12 15:04:30.095,0.7236,0.72368,1.87,1.00
2015.06.12 15:04:30.679,0.72359,0.72368,1.12,1.12
2015.06.12 15:04:31.186,0.72358,0.72367,1.87,1.00
2015.06.12 15:04:31.694,0.7236,0.72369,1.00,4.12
2015.06.12 15:04:32.109,0.72357,0.72367,1.87,1.00
2015.06.12 15:04:32.619,0.72356,0.72366,1.87,1.12
2015.06.12 15:04:33.138,0.72356,0.72365,1.50,1.50
2015.06.12 15:04:33.663,0.72356,0.72366,1.50,1.87
2015.06.12 15:04:34.169,0.72356,0.72365,1.50,1.00
2015.06.12 15:04:34.843,0.72356,0.72364,1.50,1.00
2015.06.12 15:04:36.671,0.72356,0.72365,1.00,1.87
2015.06.12 15:04:38.839,0.72357,0.72365,1.00,1.12
2015.06.12 15:04:39.547,0.72356,0.72365,1.95,1.87
2015.06.12 15:04:41.880,0.72356,0.72363,1.87,1.00
2015.06.12 15:04:42.640,0.72354,0.72363,1.87,2.62
2015.06.12 15:04:42.917,0.72352,0.72362,1.20,3.22
2015.06.12 15:04:43.730,0.72351,0.7236,1.95,1.00
2015.06.12 15:04:44.274,0.72351,0.7236,1.00,1.00
2015.06.12 15:04:44.783,0.72351,0.72359,1.00,1.00
2015.06.12 15:04:45.285,0.72353,0.72361,1.50,1.95
2015.06.12 15:04:45.336,0.72354,0.72363,1.00,1.10
2015.06.12 15:04:45.389,0.72356,0.72364,1.00,1.12
2015.06.12 15:04:45.593,0.72356,0.72366,1.50,1.00
2015.06.12 15:04:45.645,0.72356,0.72367,1.87,1.50
2015.06.12 15:04:45.950,0.72358,0.72367,1.87,1.00
2015.06.12 15:04:46.431,0.7236,0.7237,1.87,1.00
2015.06.12 15:04:51.736,0.72364,0.72372,1.00,2.70
2015.06.12 15:04:51.790,0.72364,0.72372,1.00,1.50
2015.06.12 15:04:51.892,0.72365,0.72374,1.57,1.00
2015.06.12 15:04:51.944,0.72367,0.72374,1.00,1.00
2015.06.12 15:04:52.147,0.72367,0.72376,2.25,1.00
2015.06.12 15:04:53.808,0.72367,0.72376,1.00,1.87
2015.06.12 15:04:53.860,0.72367,0.72376,1.00,1.50
2015.06.12 15:04:53.912,0.72367,0.72373,1.00,1.00
2015.06.12 15:04:54.014,0.72365,0.72376,2.25,3.07
2015.06.12 15:04:54.572,0.72365,0.72374,2.25,1.00
2015.06.12 15:04:55.094,0.72365,0.72375,1.87,1.00
2015.06.12 15:04:56.355,0.72365,0.72376,1.87,4.80
2015.06.12 15:04:56.894,0.72365,0.72375,1.87,1.00
2015.06.12 15:04:58.786,0.72365,0.72372,1.00,1.00
2015.06.12 15:04:58.939,0.72362,0.7237,3.00,1.00
2015.06.12 15:04:59.771,0.72361,0.7237,1.87,1.12
2015.06.12 15:05:00.278,0.7236,0.72368,1.00,1.00
2015.06.12 15:05:00.482,0.72358,0.72368,1.12,1.50
2015.06.12 15:05:01.018,0.72359,0.72369,1.50,1.37
2015.06.12 15:05:02.037,0.72358,0.72367,1.37,1.00
2015.06.12 15:05:02.397,0.72358,0.72365,1.00,1.00
2015.06.12 15:05:02.651,0.72358,0.72367,1.00,1.00
2015.06.12 15:05:02.804,0.7236,0.72368,1.00,1.12
2015.06.12 15:05:03.311,0.7236,0.7237,1.00,2.62
2015.06.12 15:05:03.997,0.7236,0.7237,1.00,3.37
2015.06.12 15:05:04.513,0.72361,0.7237,1.00,2.62
2015.06.12 15:05:04.818,0.72363,0.72372,1.00,1.87
2015.06.12 15:05:05.603,0.72362,0.72371,1.50,2.62
2015.06.12 15:05:06.118,0.72362,0.7237,1.00,1.00
2015.06.12 15:05:06.645,0.72363,0.72372,1.00,1.87
2015.06.12 15:05:07.456,0.72363,0.72369,1.00,1.00
2015.06.12 15:05:07.559,0.72363,0.72372,1.50,1.37
2015.06.12 15:05:08.047,0.72361,0.72371,1.12,2.25
2015.06.12 15:05:08.554,0.72361,0.7237,1.00,1.00
2015.06.12 15:05:09.205,0.72361,0.72368,1.50,1.00
2015.06.12 15:05:09.849,0.72362,0.7237,1.00,1.37
2015.06.12 15:05:09.900,0.72363,0.72371,1.00,1.87
2015.06.12 15:05:10.155,0.72363,0.72373,3.00,1.12
2015.06.12 15:05:10.559,0.72366,0.72373,1.00,1.00
2015.06.12 15:05:10.610,0.72366,0.72377,1.50,3.37
2015.06.12 15:05:10.763,0.72368,0.72376,1.00,1.37
2015.06.12 15:05:11.270,0.72368,0.72377,1.00,1.37
2015.06.12 15:05:11.423,0.72366,0.72376,1.87,1.12
2015.06.12 15:05:11.575,0.72368,0.72377,1.00,3.37
2015.06.12 15:05:11.830,0.7237,0.7238,3.37,1.37
2015.06.12 15:05:11.932,0.72371,0.72381,1.00,1.12
2015.06.12 15:05:12.389,0.72372,0.72383,1.87,3.37
2015.06.12 15:05:12.440,0.72375,0.72383,1.00,1.87
2015.06.12 15:05:12.643,0.72376,0.72385,1.00,1.12
2015.06.12 15:05:13.069,0.72374,0.72384,3.00,1.00
2015.06.12 15:05:13.274,0.72374,0.72381,1.00,1.00
2015.06.12 15:05:13.326,0.72372,0.72381,1.12,1.00
2015.06.12 15:05:13.632,0.7237,0.7238,1.50,1.00
2015.06.12 15:05:14.133,0.72369,0.7238,3.37,1.00
2015.06.12 15:05:14.643,0.72369,0.72379,2.62,1.00
2015.06.12 15:05:16.064,0.72369,0.72378,1.87,1.50
2015.06.12 15:05:16.571,0.72368,0.72378,1.12,1.87
2015.06.12 15:05:16.875,0.72367,0.72375,1.37,1.00
2015.06.12 15:05:17.027,0.72366,0.72375,1.00,1.00
2015.06.12 15:05:17.568,0.72366,0.72376,1.00,1.12
2015.06.12 15:05:18.590,0.72366,0.72375,1.00,1.00
2015.06.12 15:05:21.275,0.72366,0.72376,1.00,1.87
2015.06.12 15:05:21.377,0.72368,0.72377,1.00,1.37
2015.06.12 15:05:21.529,0.72369,0.72379,1.00,1.57
2015.06.12 15:05:22.037,0.72369,0.72379,1.00,1.12
2015.06.12 15:05:22.660,0.72369,0.72378,1.00,1.00
2015.06.12 15:05:23.169,0.7237,0.72379,1.00,1.00
2015.06.12 15:05:26.270,0.7237,0.72377,1.00,1.00
2015.06.12 15:05:26.372,0.72369,0.72379,1.00,2.25
2015.06.12 15:05:27.330,0.7237,0.72379,1.00,1.12
2015.06.12 15:05:28.814,0.72368,0.72379,2.25,1.50
2015.06.12 15:05:28.865,0.72368,0.72377,2.25,1.50
2015.06.12 15:05:29.520,0.72368,0.72378,2.25,1.00
2015.06.12 15:05:29.875,0.72368,0.72376,1.00,1.50
2015.06.12 15:05:30.381,0.72369,0.72377,1.00,1.37
2015.06.12 15:05:30.433,0.72369,0.72378,1.50,1.12
2015.06.12 15:05:30.893,0.72371,0.7238,1.00,1.00
2015.06.12 15:05:31.819,0.72371,0.72378,1.00,1.00
2015.06.12 15:05:31.870,0.72372,0.7238,1.00,1.00
2015.06.12 15:05:32.379,0.72371,0.7238,1.50,1.12
2015.06.12 15:05:32.886,0.7237,0.72379,1.50,1.00
2015.06.12 15:05:35.859,0.7237,0.72378,1.50,1.37
2015.06.12 15:05:35.960,0.72367,0.72377,3.07,1.87
2015.06.12 15:05:36.163,0.72366,0.72375,1.00,1.00
2015.06.12 15:05:36.692,0.72367,0.72375,1.00,1.00
2015.06.12 15:05:36.744,0.72367,0.72377,1.50,1.87
2015.06.12 15:05:36.896,0.72369,0.72377,1.00,1.12
2015.06.12 15:05:37.302,0.72367,0.72376,2.25,1.00
2015.06.12 15:05:40.328,0.72367,0.72375,1.00,1.00
2015.06.12 15:05:40.379,0.72367,0.72372,1.00,1.00
2015.06.12 15:05:40.430,0.72365,0.72372,1.10,1.00
2015.06.12 15:05:40.685,0.72362,0.72371,3.37,1.50
2015.06.12 15:05:40.939,0.7236,0.72369,1.37,1.00
2015.06.12 15:05:41.168,0.72359,0.7237,1.00,1.87
2015.06.12 15:05:41.677,0.72358,0.72368,2.70,1.87
2015.06.12 15:05:42.197,0.72358,0.72368,1.95,1.50
2015.06.12 15:05:43.074,0.72358,0.72368,1.95,1.50
2015.06.12 15:05:43.226,0.72358,0.72364,1.10,1.50
2015.06.12 15:05:43.480,0.72355,0.72364,1.12,1.00
2015.06.12 15:05:44.560,0.72356,0.72364,1.00,2.25
2015.06.12 15:05:45.016,0.72358,0.72364,1.00,1.00
2015.06.12 15:05:45.209,0.72358,0.72366,1.00,1.00
2015.06.12 15:05:45.264,0.72358,0.72368,1.87,1.12
2015.06.12 15:05:45.315,0.72358,0.72365,1.87,1.00
2015.06.12 15:05:45.569,0.72355,0.72366,4.12,1.50
2015.06.12 15:05:45.823,0.72355,0.72364,3.37,1.00
2015.06.12 15:05:46.897,0.72355,0.72364,1.00,1.00
2015.06.12 15:05:47.912,0.72356,0.72365,1.00,1.50
2015.06.12 15:05:48.139,0.72357,0.72367,1.00,2.62
2015.06.12 15:05:48.647,0.72358,0.72367,1.00,1.12
2015.06.12 15:05:49.259,0.72358,0.72369,1.87,3.37
2015.06.12 15:05:50.104,0.72359,0.72369,2.25,1.87
2015.06.12 15:05:51.107,0.72359,0.7237,3.37,1.87
2015.06.12 15:05:51.639,0.7236,0.7237,1.00,1.12
2015.06.12 15:05:54.246,0.7236,0.72369,1.00,1.00
2015.06.12 15:05:54.804,0.72359,0.72369,4.12,1.00
2015.06.12 15:05:58.914,0.72361,0.72369,1.00,1.00
2015.06.12 15:05:59.016,0.72362,0.72371,1.00,3.00
2015.06.12 15:05:59.597,0.72363,0.72373,1.00,2.25
2015.06.12 15:06:00.105,0.72363,0.72373,2.25,1.12
2015.06.12 15:06:00.610,0.72363,0.72373,1.87,1.12
2015.06.12 15:06:06.129,0.72363,0.72372,2.62,1.00
2015.06.12 15:06:06.649,0.72365,0.72373,1.50,1.00
2015.06.12 15:06:06.954,0.72365,0.72376,2.62,3.00
2015.06.12 15:06:07.699,0.72367,0.72375,1.00,1.12
2015.06.12 15:06:08.208,0.72367,0.72376,1.50,3.75
2015.06.12 15:06:08.616,0.72367,0.72376,1.00,3.37
2015.06.12 15:06:08.889,0.7237,0.72379,1.50,1.50
2015.06.12 15:06:09.398,0.7237,0.72381,1.50,3.75
2015.06.12 15:06:10.021,0.7237,0.72381,1.87,3.75
2015.06.12 15:06:10.325,0.7237,0.72379,1.87,1.00
2015.06.12 15:06:12.445,0.72371,0.7238,1.12,1.12
2015.06.12 15:06:12.968,0.72371,0.72379,1.00,1.00
2015.06.12 15:06:13.121,0.72369,0.72379,3.00,1.50
2015.06.12 15:06:13.375,0.72372,0.72381,1.00,2.25
2015.06.12 15:06:13.899,0.72372,0.72381,1.00,2.25
2015.06.12 15:06:14.408,0.72372,0.7238,1.00,1.87
2015.06.12 15:06:15.051,0.7237,0.72378,1.00,1.00
2015.06.12 15:06:15.204,0.72368,0.72377,1.12,1.00
2015.06.12 15:06:15.358,0.72368,0.72377,1.00,1.50
2015.06.12 15:06:15.510,0.72366,0.72376,2.62,1.37
2015.06.12 15:06:15.815,0.72367,0.72377,3.00,1.12
2015.06.12 15:06:15.917,0.72369,0.72377,1.00,1.00
2015.06.12 15:06:16.137,0.7237,0.7238,1.50,1.12
2015.06.12 15:06:16.494,0.7237,0.72378,1.00,1.00
2015.06.12 15:06:16.545,0.72367,0.72378,3.37,1.50
2015.06.12 15:06:16.799,0.72367,0.72377,2.62,1.37
2015.06.12 15:06:17.249,0.72372,0.72377,1.50,1.00
2015.06.12 15:06:17.305,0.72373,0.72381,1.00,2.25
2015.06.12 15:06:17.458,0.72374,0.72383,1.50,3.00
2015.06.12 15:06:17.966,0.72375,0.72384,1.50,1.87
2015.06.12 15:06:18.858,0.72373,0.72384,3.37,1.87
2015.06.12 15:06:19.365,0.72373,0.72383,1.87,1.50
2015.06.12 15:06:19.745,0.72365,0.72373,1.87,1.00
2015.06.12 15:06:19.948,0.72359,0.7237,4.87,1.37
2015.06.12 15:06:20.152,0.72361,0.72372,1.00,2.17
2015.06.12 15:06:20.253,0.72361,0.72371,1.37,1.00
2015.06.12 15:06:20.780,0.72362,0.72372,1.37,1.87
2015.06.12 15:06:21.644,0.72363,0.72372,1.00,1.37
2015.06.12 15:06:22.780,0.72363,0.72372,1.00,1.12
2015.06.12 15:06:23.204,0.72365,0.72371,1.00,1.00
2015.06.12 15:06:23.509,0.72362,0.72371,2.62,1.12
2015.06.12 15:06:23.560,0.72365,0.72371,1.00,1.12
2015.06.12 15:06:23.662,0.72365,0.72373,1.00,1.00
2015.06.12 15:06:23.865,0.72367,0.72375,1.00,1.37
2015.06.12 15:06:24.203,0.72365,0.72374,1.50,1.12
2015.06.12 15:06:24.713,0.72365,0.72373,1.50,1.00
2015.06.12 15:06:25.378,0.72365,0.72375,1.50,1.00
2015.06.12 15:06:25.632,0.72368,0.72375,1.00,1.00
2015.06.12 15:06:26.139,0.72368,0.72376,1.00,1.87
2015.06.12 15:06:26.494,0.72366,0.72376,3.00,1.12
2015.06.12 15:06:26.698,0.72366,0.72374,2.25,1.00
2015.06.12 15:06:27.211,0.72366,0.72372,1.00,1.00
2015.06.12 15:06:27.313,0.72366,0.72374,1.00,1.00
2015.06.12 15:06:28.363,0.72366,0.72372,1.00,1.12
2015.06.12 15:06:28.416,0.72361,0.7237,1.87,1.00
2015.06.12 15:06:28.569,0.72364,0.7237,1.12,1.00
2015.06.12 15:06:28.670,0.72364,0.72372,1.12,1.00
2015.06.12 15:06:28.823,0.72365,0.72374,1.00,1.12
2015.06.12 15:06:30.092,0.72364,0.72373,1.87,1.00
2015.06.12 15:06:30.766,0.72362,0.72373,3.37,4.12
2015.06.12 15:06:30.817,0.72362,0.72371,2.62,1.00
2015.06.12 15:06:31.324,0.7236,0.72369,1.87,1.00
2015.06.12 15:06:31.427,0.72359,0.72368,1.00,1.00
2015.06.12 15:06:31.630,0.72357,0.72367,1.00,1.50
2015.06.12 15:06:32.286,0.72357,0.72366,2.25,1.00
2015.06.12 15:06:32.855,0.72358,0.72367,1.00,1.12
2015.06.12 15:06:33.362,0.72359,0.72368,1.00,1.37
2015.06.12 15:06:33.881,0.72359,0.72368,1.00,2.25
2015.06.12 15:06:34.314,0.72361,0.72369,1.12,1.87
2015.06.12 15:06:35.128,0.7236,0.72369,1.87,1.00
2015.06.12 15:06:35.434,0.72359,0.72367,1.00,1.00
2015.06.12 15:06:35.638,0.72357,0.72366,1.87,1.00
2015.06.12 15:06:35.791,0.7236,0.72368,1.00,1.87
2015.06.12 15:06:36.047,0.72361,0.7237,1.00,1.12
2015.06.12 15:06:36.593,0.7236,0.7237,1.50,1.12
2015.06.12 15:06:36.999,0.72362,0.7237,1.00,1.50
2015.06.12 15:06:37.739,0.72361,0.7237,1.50,1.50
2015.06.12 15:06:38.272,0.72362,0.7237,1.00,1.00
2015.06.12 15:06:38.887,0.72363,0.7237,1.00,1.00
2015.06.12 15:06:39.447,0.72363,0.72371,1.00,1.00
2015.06.12 15:06:39.703,0.72367,0.72376,1.00,2.62
2015.06.12 15:06:40.236,0.72366,0.72375,1.00,1.00
2015.06.12 15:06:40.693,0.72368,0.72376,1.00,1.12
2015.06.12 15:06:41.128,0.72371,0.72379,1.00,1.37
2015.06.12 15:06:41.230,0.72371,0.72379,1.00,1.12
2015.06.12 15:06:41.332,0.72369,0.72379,1.50,1.12
2015.06.12 15:06:41.434,0.72367,0.72372,5.47,1.00
2015.06.12 15:06:41.887,0.72357,0.72361,3.00,1.87
2015.06.12 15:06:41.940,0.72352,0.72361,1.00,1.50
2015.06.12 15:06:42.097,0.72355,0.7236,1.00,1.00
2015.06.12 15:06:42.251,0.72354,0.72363,1.00,1.50
2015.06.12 15:06:42.773,0.72354,0.72363,1.37,1.50
2015.06.12 15:06:42.824,0.72353,0.72363,1.12,2.25
2015.06.12 15:06:43.335,0.72352,0.72361,1.87,1.00
2015.06.12 15:06:43.845,0.72354,0.72361,1.00,1.00
2015.06.12 15:06:44.157,0.72358,0.72363,1.00,1.00
2015.06.12 15:06:44.208,0.72356,0.72363,1.00,1.00
2015.06.12 15:06:44.732,0.72357,0.72365,1.00,1.00
2015.06.12 15:06:44.834,0.72359,0.72366,1.00,1.00
2015.06.12 15:06:44.886,0.72359,0.72368,1.00,2.25
2015.06.12 15:06:45.244,0.72357,0.72365,1.87,1.00
2015.06.12 15:06:45.624,0.72362,0.72366,1.00,1.00
2015.06.12 15:06:45.677,0.72362,0.72368,1.00,1.00
2015.06.12 15:06:45.882,0.72362,0.72372,1.00,1.00
2015.06.12 15:06:46.338,0.72362,0.7237,1.00,1.00
2015.06.12 15:06:46.846,0.7236,0.7237,1.00,1.00
2015.06.12 15:06:47.049,0.72362,0.7237,1.00,1.00
2015.06.12 15:06:47.152,0.7236,0.72371,3.00,1.50
2015.06.12 15:06:47.254,0.72362,0.72371,1.00,1.50
2015.06.12 15:06:47.767,0.72362,0.72372,1.00,1.87
2015.06.12 15:06:48.072,0.72364,0.72374,1.00,1.12
2015.06.12 15:06:48.377,0.72366,0.72374,1.50,1.12
2015.06.12 15:06:48.920,0.72367,0.72374,1.12,1.00
2015.06.12 15:06:49.123,0.72365,0.72375,1.00,1.87
2015.06.12 15:06:49.634,0.72364,0.72373,1.12,1.00
2015.06.12 15:06:50.168,0.72365,0.72374,1.00,1.87
2015.06.12 15:06:51.339,0.72365,0.72374,3.00,1.00
2015.06.12 15:06:51.848,0.7237,0.72375,1.00,1.00
2015.06.12 15:06:51.950,0.7237,0.72378,1.00,1.12
2015.06.12 15:06:52.196,0.72367,0.72377,1.87,1.00
2015.06.12 15:06:52.349,0.72368,0.72377,1.37,1.50
2015.06.12 15:06:52.654,0.72366,0.72374,1.50,1.00
2015.06.12 15:06:52.857,0.72364,0.72373,1.50,1.87
2015.06.12 15:06:53.842,0.72364,0.72374,2.25,1.50
2015.06.12 15:06:53.996,0.72365,0.72372,1.00,1.00
2015.06.12 15:06:54.330,0.72361,0.72369,1.00,1.50
2015.06.12 15:06:54.382,0.72359,0.72369,1.00,2.25
2015.06.12 15:06:54.638,0.72358,0.72367,1.50,1.50
2015.06.12 15:06:55.148,0.72357,0.72367,1.50,1.00
2015.06.12 15:06:55.486,0.72355,0.72364,2.62,1.00
2015.06.12 15:06:55.588,0.72354,0.72363,1.00,1.00
2015.06.12 15:06:56.623,0.72353,0.72363,2.25,2.25
2015.06.12 15:06:57.029,0.72352,0.7236,1.75,1.00
2015.06.12 15:06:57.080,0.72351,0.72359,3.00,1.00
2015.06.12 15:06:57.182,0.72348,0.72358,2.25,1.50
2015.06.12 15:06:57.386,0.72348,0.72357,1.00,2.25
2015.06.12 15:06:57.539,0.72345,0.72356,2.62,1.12
2015.06.12 15:06:57.757,0.72345,0.72354,1.87,1.00
2015.06.12 15:06:58.281,0.72343,0.72353,1.37,1.50
2015.06.12 15:06:59.139,0.72343,0.72353,1.12,2.25
2015.06.12 15:07:00.059,0.72342,0.72352,2.25,1.00
2015.06.12 15:07:00.577,0.72343,0.72353,1.00,2.62
2015.06.12 15:07:00.780,0.72347,0.72353,1.00,2.62
2015.06.12 15:07:01.174,0.72344,0.72353,1.87,1.50
2015.06.12 15:07:01.436,0.72344,0.72355,1.87,2.25
2015.06.12 15:07:01.487,0.72344,0.72353,1.87,1.00
2015.06.12 15:07:01.995,0.72343,0.72352,1.37,1.00
2015.06.12 15:07:03.054,0.72343,0.72352,1.12,1.00
2015.06.12 15:07:03.461,0.72342,0.72349,1.00,1.00
2015.06.12 15:07:03.994,0.72341,0.7235,1.12,1.00
2015.06.12 15:07:04.502,0.72341,0.72351,1.12,1.00
2015.06.12 15:07:05.082,0.72341,0.7235,1.00,2.25
2015.06.12 15:07:05.489,0.72338,0.72348,1.50,1.00
2015.06.12 15:07:05.591,0.72338,0.72347,1.12,1.00
2015.06.12 15:07:06.456,0.72337,0.72344,1.12,1.00
2015.06.12 15:07:06.811,0.72335,0.72344,1.12,1.00
2015.06.12 15:07:07.492,0.72336,0.72345,1.00,2.25
2015.06.12 15:07:07.798,0.72337,0.72347,1.00,1.12
2015.06.12 15:07:08.355,0.72338,0.72348,1.00,2.62
2015.06.12 15:07:09.529,0.72339,0.72349,1.50,1.37
2015.06.12 15:07:09.582,0.72339,0.72349,1.87,1.00
2015.06.12 15:07:09.837,0.72339,0.72347,1.87,1.00
2015.06.12 15:07:10.294,0.72339,0.72349,1.12,2.25
2015.06.12 15:07:10.395,0.72339,0.72347,1.00,1.00
2015.06.12 15:07:10.884,0.72339,0.72349,1.00,3.37
2015.06.12 15:07:11.291,0.72339,0.72344,1.00,1.00
2015.06.12 15:07:11.393,0.72337,0.72344,1.12,1.00
2015.06.12 15:07:11.495,0.72334,0.7234,1.00,1.00
2015.06.12 15:07:11.803,0.72329,0.7234,1.37,2.25
2015.06.12 15:07:12.582,0.72329,0.72339,1.37,1.00
2015.06.12 15:07:13.617,0.7233,0.7234,1.87,2.25
2015.06.12 15:07:14.296,0.72333,0.7234,1.00,1.00
2015.06.12 15:07:14.349,0.72333,0.72343,1.00,1.12
2015.06.12 15:07:14.805,0.72334,0.72345,1.87,2.62
2015.06.12 15:07:15.433,0.72335,0.72345,1.00,1.12
2015.06.12 15:07:15.484,0.72334,0.72342,1.12,1.00
2015.06.12 15:07:15.992,0.72332,0.72342,1.87,1.50
2015.06.12 15:07:16.776,0.72332,0.72342,1.12,1.00
2015.06.12 15:07:17.285,0.72332,0.72341,1.12,1.00
2015.06.12 15:07:17.793,0.72332,0.72342,1.12,1.87
2015.06.12 15:07:20.715,0.72332,0.72341,1.12,1.00
2015.06.12 15:07:21.091,0.7233,0.72337,1.50,1.00
2015.06.12 15:07:21.599,0.72326,0.72336,2.25,1.00
2015.06.12 15:07:22.005,0.72326,0.72335,2.25,1.00
2015.06.12 15:07:23.009,0.72324,0.72333,1.87,1.00
2015.06.12 15:07:23.552,0.72324,0.72332,1.87,1.00
2015.06.12 15:07:24.617,0.72328,0.72332,1.00,1.00
2015.06.12 15:07:24.866,0.72328,0.72334,1.50,1.00
2015.06.12 15:07:24.917,0.72328,0.72336,1.50,1.00
2015.06.12 15:07:25.426,0.72327,0.72337,1.87,1.00
2015.06.12 15:07:25.680,0.72326,0.72335,1.50,1.00
2015.06.12 15:07:26.113,0.72331,0.72336,1.00,1.00
2015.06.12 15:07:26.215,0.7233,0.72338,1.12,1.00
2015.06.12 15:07:27.587,0.72331,0.72338,1.00,1.00
2015.06.12 15:07:28.111,0.72331,0.72339,1.00,1.00
2015.06.12 15:07:28.629,0.7233,0.72339,1.87,1.00
2015.06.12 15:07:28.680,0.72332,0.72339,1.00,1.00
2015.06.12 15:07:30.174,0.72331,0.72339,1.00,1.00
2015.06.12 15:07:30.683,0.72329,0.72338,2.62,1.00
2015.06.12 15:07:30.835,0.72328,0.72337,2.62,1.00
2015.06.12 15:07:31.366,0.72329,0.72337,1.00,1.00
2015.06.12 15:07:32.279,0.72328,0.72337,1.12,1.00
2015.06.12 15:07:32.718,0.72327,0.72335,2.62,1.00
2015.06.12 15:07:33.226,0.72327,0.72335,2.62,1.00
2015.06.12 15:07:33.734,0.72328,0.72335,1.00,1.00
2015.06.12 15:07:34.248,0.72328,0.72336,1.00,1.00
2015.06.12 15:07:34.902,0.72328,0.72338,1.50,1.12
2015.06.12 15:07:35.409,0.72328,0.72339,1.87,3.00
2015.06.12 15:07:36.612,0.72327,0.72338,2.62,1.50
2015.06.12 15:07:37.154,0.72328,0.72337,1.12,1.00
2015.06.12 15:07:37.618,0.7233,0.72337,1.37,1.00
2015.06.12 15:07:37.720,0.72331,0.72339,1.37,1.00
2015.06.12 15:07:38.412,0.72333,0.7234,1.00,1.00
2015.06.12 15:07:39.426,0.72333,0.72341,1.12,1.50
2015.06.12 15:07:39.711,0.72331,0.72339,1.87,1.00
2015.06.12 15:07:40.025,0.72328,0.72337,3.00,1.00
2015.06.12 15:07:41.051,0.72327,0.72337,1.87,1.00
2015.06.12 15:07:41.559,0.72328,0.72337,1.00,1.00
2015.06.12 15:07:43.361,0.72327,0.72337,1.87,1.00
2015.06.12 15:07:45.154,0.72327,0.72336,2.62,1.00
2015.06.12 15:07:45.461,0.72329,0.72338,1.00,1.87
2015.06.12 15:07:45.665,0.7233,0.7234,1.00,3.37
2015.06.12 15:07:46.219,0.72332,0.72341,1.00,1.87
2015.06.12 15:07:46.728,0.7233,0.72341,2.62,1.50
2015.06.12 15:07:48.300,0.72331,0.72342,1.12,3.37
2015.06.12 15:07:48.824,0.72332,0.72342,1.00,2.62
2015.06.12 15:07:50.937,0.72332,0.72341,1.50,1.00
2015.06.12 15:07:53.455,0.72332,0.72342,1.12,1.50
2015.06.12 15:07:54.282,0.72332,0.72341,1.00,1.00
2015.06.12 15:07:55.173,0.72332,0.7234,1.00,1.00
2015.06.12 15:07:55.681,0.72332,0.72341,1.00,2.25
2015.06.12 15:07:56.801,0.72332,0.7234,1.00,1.00
2015.06.12 15:07:57.317,0.72331,0.7234,2.25,1.00
2015.06.12 15:07:57.666,0.72333,0.72341,1.00,1.00
2015.06.12 15:07:57.973,0.72336,0.72344,1.50,2.25
2015.06.12 15:07:58.178,0.72337,0.72346,1.00,1.50
2015.06.12 15:07:58.482,0.72339,0.72346,1.00,1.00
2015.06.12 15:07:59.691,0.72339,0.72348,1.50,3.37
2015.06.12 15:07:59.843,0.72341,0.72348,1.00,1.00
2015.06.12 15:08:00.355,0.72342,0.7235,1.00,1.37
2015.06.12 15:08:01.168,0.72341,0.7235,1.00,1.37
2015.06.12 15:08:01.394,0.72339,0.72348,1.12,2.62
2015.06.12 15:08:02.308,0.72339,0.72349,1.12,2.62
2015.06.12 15:08:02.838,0.72339,0.72349,2.25,1.50
2015.06.12 15:08:03.395,0.72339,0.72349,1.87,1.87
2015.06.12 15:08:04.803,0.72339,0.72349,2.25,2.25
2015.06.12 15:08:05.463,0.72343,0.72349,1.00,2.25
2015.06.12 15:08:05.616,0.72342,0.72352,1.00,1.87
2015.06.12 15:08:06.164,0.7234,0.7235,2.25,1.00
2015.06.12 15:08:06.673,0.7234,0.72349,1.50,1.00
2015.06.12 15:08:10.480,0.7234,0.7235,1.50,2.62
2015.06.12 15:08:11.006,0.7234,0.72349,1.50,1.00
2015.06.12 15:08:11.808,0.72339,0.72348,2.25,1.00
2015.06.12 15:08:12.102,0.72342,0.7235,1.00,2.25
2015.06.12 15:08:12.206,0.72342,0.7235,1.50,1.00
2015.06.12 15:08:12.257,0.72342,0.72353,2.25,4.12
2015.06.12 15:08:13.202,0.72344,0.72354,3.00,1.12
2015.06.12 15:08:13.254,0.72346,0.72357,1.87,1.87
2015.06.12 15:08:13.612,0.72347,0.72357,1.37,1.12
2015.06.12 15:08:15.248,0.72346,0.72354,1.87,1.00
2015.06.12 15:08:15.401,0.72346,0.72354,1.00,1.50
2015.06.12 15:08:15.908,0.72345,0.72354,1.00,1.50
2015.06.12 15:08:18.879,0.72344,0.72354,1.50,1.50
2015.06.12 15:08:19.194,0.72344,0.72352,1.00,1.00
2015.06.12 15:08:19.549,0.72341,0.72351,1.50,1.50
2015.06.12 15:08:19.755,0.72344,0.72352,1.12,1.50
2015.06.12 15:08:20.063,0.72345,0.72353,1.37,1.00
2015.06.12 15:08:20.318,0.72345,0.72353,1.00,1.00
2015.06.12 15:08:20.778,0.72347,0.72353,1.00,1.00
2015.06.12 15:08:21.018,0.72347,0.72355,1.00,1.00
2015.06.12 15:08:21.222,0.72345,0.72353,1.87,1.00
2015.06.12 15:08:21.628,0.72345,0.72351,1.00,1.00
2015.06.12 15:08:22.224,0.72341,0.72351,1.75,1.00
2015.06.12 15:08:22.738,0.7234,0.7235,2.25,1.00
2015.06.12 15:08:23.347,0.7234,0.72349,1.75,1.00
2015.06.12 15:08:26.552,0.7234,0.72351,2.25,1.00
2015.06.12 15:08:27.030,0.72343,0.72353,3.75,1.12
2015.06.12 15:08:31.353,0.72345,0.72355,1.12,2.62
2015.06.12 15:08:31.884,0.72345,0.72355,2.25,1.50
2015.06.12 15:08:33.926,0.72345,0.72354,1.00,1.00
2015.06.12 15:08:34.079,0.72344,0.72351,1.87,1.50
2015.06.12 15:08:34.383,0.72344,0.72353,1.12,1.00
2015.06.12 15:08:34.620,0.72346,0.72354,1.00,1.00
2015.06.12 15:08:34.672,0.72346,0.72356,1.50,1.87
2015.06.12 15:08:34.926,0.72349,0.72356,1.00,1.50
2015.06.12 15:08:35.028,0.72347,0.72356,1.00,1.50
2015.06.12 15:08:36.121,0.72347,0.72355,1.12,1.00
2015.06.12 15:08:36.628,0.72346,0.72354,1.00,1.00
2015.06.12 15:08:38.587,0.72346,0.72355,1.00,1.50
2015.06.12 15:08:39.120,0.72344,0.72355,3.75,1.50
2015.06.12 15:08:39.627,0.72344,0.72355,3.75,1.87
2015.06.12 15:08:41.079,0.72344,0.72354,3.75,1.00
2015.06.12 15:08:41.485,0.72344,0.72352,2.62,1.00
2015.06.12 15:08:42.075,0.72343,0.72353,2.25,1.00
2015.06.12 15:08:42.582,0.72343,0.72354,1.50,4.12
2015.06.12 15:08:45.338,0.72343,0.72353,2.25,1.00
2015.06.12 15:08:45.670,0.72342,0.7235,1.37,1.00
2015.06.12 15:08:46.292,0.72342,0.7235,1.37,1.00
2015.06.12 15:08:47.266,0.72342,0.72351,1.37,1.50
2015.06.12 15:08:50.646,0.72342,0.72352,1.87,2.62
2015.06.12 15:08:52.594,0.72343,0.72353,3.00,1.00
2015.06.12 15:08:53.217,0.72342,0.7235,2.25,1.00
2015.06.12 15:08:56.798,0.72341,0.72351,5.25,1.00
2015.06.12 15:08:57.306,0.72343,0.72353,1.87,1.87
2015.06.12 15:08:57.813,0.72343,0.72353,3.00,1.50
2015.06.12 15:09:00.580,0.72343,0.72353,2.25,1.50
2015.06.12 15:09:01.117,0.72344,0.72352,1.87,1.00
2015.06.12 15:09:01.602,0.72344,0.72352,1.50,1.00
2015.06.12 15:09:03.121,0.72344,0.72353,1.50,1.00
2015.06.12 15:09:05.088,0.72344,0.72353,2.25,1.00
2015.06.12 15:09:05.939,0.72346,0.72353,1.00,1.50
2015.06.12 15:09:06.346,0.72348,0.72355,1.00,1.50
2015.06.12 15:09:06.854,0.72349,0.72356,1.00,1.50
2015.06.12 15:09:07.271,0.72346,0.72356,1.00,2.62
2015.06.12 15:09:07.778,0.72346,0.72355,1.00,1.00
2015.06.12 15:09:08.452,0.72345,0.72354,1.12,1.00
2015.06.12 15:09:09.060,0.72344,0.72354,3.37,1.00
2015.06.12 15:09:09.670,0.72344,0.72351,1.50,1.00
2015.06.12 15:09:10.194,0.72343,0.72353,1.87,2.62
2015.06.12 15:09:10.710,0.72343,0.72353,4.12,1.50
2015.06.12 15:09:12.342,0.72343,0.72353,4.50,1.50
2015.06.12 15:09:12.861,0.72344,0.72354,1.12,1.87
2015.06.12 15:09:13.573,0.72346,0.72354,1.37,1.12
2015.06.12 15:09:13.879,0.72349,0.72357,1.00,1.00
2015.06.12 15:09:14.552,0.72347,0.72357,1.50,1.50
2015.06.12 15:09:16.080,0.72348,0.72356,1.00,1.00
2015.06.12 15:09:16.606,0.72348,0.72355,1.00,1.00
2015.06.12 15:09:16.861,0.72346,0.72356,3.00,1.50
2015.06.12 15:09:17.368,0.72347,0.72356,1.00,1.50
2015.06.12 15:09:17.875,0.72348,0.72356,1.12,1.00
2015.06.12 15:09:18.419,0.72348,0.72356,2.25,1.00
2015.06.12 15:09:21.614,0.72346,0.72355,1.75,1.00
2015.06.12 15:09:21.818,0.72346,0.72354,1.12,1.00
2015.06.12 15:09:23.236,0.72345,0.72355,3.00,1.50
2015.06.12 15:09:23.673,0.72344,0.72353,1.37,1.00
2015.06.12 15:09:24.182,0.72343,0.72352,3.00,1.00
2015.06.12 15:09:24.710,0.72343,0.72351,1.50,1.50
2015.06.12 15:09:25.218,0.72341,0.7235,2.25,1.50
2015.06.12 15:09:25.878,0.72341,0.72349,1.37,2.25
2015.06.12 15:09:27.631,0.7234,0.72349,1.12,2.25
2015.06.12 15:09:28.139,0.7234,0.72348,1.87,1.00
2015.06.12 15:09:28.646,0.7234,0.72349,1.00,3.37
2015.06.12 15:09:29.181,0.7234,0.72348,1.00,1.00
2015.06.12 15:09:30.967,0.72338,0.72347,1.50,1.00
2015.06.12 15:09:35.630,0.72337,0.72345,2.25,1.00
2015.06.12 15:09:35.682,0.72338,0.72345,1.00,1.50
2015.06.12 15:09:36.190,0.72337,0.72346,1.37,1.50
2015.06.12 15:09:36.393,0.72337,0.72344,1.50,1.00
2015.06.12 15:09:36.885,0.72336,0.72346,2.25,1.50
2015.06.12 15:09:37.854,0.72337,0.72346,1.00,1.50
2015.06.12 15:09:40.580,0.72337,0.72345,1.12,1.00
2015.06.12 15:09:41.087,0.72336,0.72345,1.00,1.00
2015.06.12 15:09:41.271,0.72336,0.72342,1.00,1.00
2015.06.12 15:09:41.377,0.72333,0.72342,1.50,1.00
2015.06.12 15:09:41.884,0.72335,0.72342,1.00,1.00
2015.06.12 15:09:42.659,0.72334,0.72342,1.12,1.50
2015.06.12 15:09:43.662,0.72334,0.7234,1.12,1.00
2015.06.12 15:09:44.590,0.72332,0.72341,1.75,1.50
2015.06.12 15:09:46.683,0.72333,0.72339,1.00,1.00
2015.06.12 15:09:47.190,0.72331,0.72339,1.37,1.50
2015.06.12 15:09:47.725,0.72331,0.72339,1.12,1.00
2015.06.12 15:09:48.435,0.72332,0.72339,1.00,1.00
2015.06.12 15:09:48.740,0.72332,0.72341,1.00,3.37
2015.06.12 15:09:49.262,0.72332,0.7234,1.00,1.50
2015.06.12 15:09:49.618,0.72331,0.72338,1.87,1.00
2015.06.12 15:09:49.720,0.72331,0.7234,2.62,1.50
2015.06.12 15:09:49.822,0.72331,0.72335,1.00,1.00
2015.06.12 15:09:49.873,0.72329,0.72335,1.12,1.00
2015.06.12 15:09:49.924,0.72329,0.72333,1.00,1.00
2015.06.12 15:09:50.273,0.72324,0.72333,1.87,1.00
2015.06.12 15:09:50.781,0.72323,0.72334,1.87,1.00
2015.06.12 15:09:50.934,0.72324,0.72332,1.37,1.00
2015.06.12 15:09:51.240,0.72323,0.72331,1.12,1.00
2015.06.12 15:09:51.520,0.7232,0.72328,1.75,1.00
2015.06.12 15:09:51.723,0.72319,0.7233,2.25,4.87
2015.06.12 15:09:52.249,0.72318,0.72329,3.00,1.50
2015.06.12 15:09:53.044,0.72321,0.72328,1.00,1.50
2015.06.12 15:09:53.450,0.7232,0.72327,1.37,1.00
2015.06.12 15:09:54.042,0.72319,0.72328,1.50,1.00
2015.06.12 15:09:55.661,0.72319,0.72327,1.50,1.00
2015.06.12 15:09:56.164,0.72318,0.72328,3.00,1.50
2015.06.12 15:09:59.693,0.72318,0.72328,3.75,1.50
2015.06.12 15:09:59.808,0.72324,0.72328,1.00,1.00
2015.06.12 15:10:00.113,0.72327,0.72333,2.25,1.10
2015.06.12 15:10:00.164,0.72327,0.72335,1.50,1.50
2015.06.12 15:10:00.636,0.72327,0.72337,1.00,2.25
2015.06.12 15:10:00.942,0.72327,0.72335,1.00,1.00
2015.06.12 15:10:01.458,0.72325,0.72332,1.37,1.00
2015.06.12 15:10:01.509,0.72324,0.72332,1.00,1.50
2015.06.12 15:10:02.022,0.72323,0.72331,1.12,1.00
2015.06.12 15:10:02.660,0.72324,0.72331,1.50,1.12
2015.06.12 15:10:02.712,0.72324,0.72333,1.12,2.25
2015.06.12 15:10:02.814,0.72326,0.72335,1.00,2.62
2015.06.12 15:10:03.120,0.72329,0.72338,1.00,1.37
2015.06.12 15:10:03.272,0.7233,0.72339,1.00,1.12
2015.06.12 15:10:03.818,0.72329,0.72339,2.25,1.12
2015.06.12 15:10:03.920,0.72329,0.72336,2.25,1.00
2015.06.12 15:10:04.428,0.72326,0.72337,3.00,2.25
2015.06.12 15:10:04.848,0.72326,0.72331,1.00,1.50
2015.06.12 15:10:04.905,0.72322,0.72331,1.37,1.50
2015.06.12 15:10:04.957,0.72322,0.7233,1.12,1.00
2015.06.12 15:10:05.059,0.72322,0.72328,1.12,1.00
2015.06.12 15:10:05.364,0.7232,0.72329,2.25,1.00
2015.06.12 15:10:06.039,0.7232,0.72328,2.25,1.00
2015.06.12 15:10:06.396,0.7232,0.7233,2.25,2.25
2015.06.12 15:10:07.488,0.7232,0.72329,2.25,1.00
2015.06.12 15:10:08.300,0.7232,0.72329,2.25,1.00
2015.06.12 15:10:08.453,0.72322,0.72331,1.00,1.12
2015.06.12 15:10:08.994,0.72323,0.72332,1.12,1.12
2015.06.12 15:10:09.502,0.72324,0.72333,1.00,1.37
2015.06.12 15:10:10.098,0.72324,0.72333,1.00,1.00
2015.06.12 15:10:10.606,0.72323,0.72333,1.12,1.00
2015.06.12 15:10:11.120,0.72324,0.72333,1.00,1.00
2015.06.12 15:10:11.653,0.72323,0.72333,1.12,1.00
2015.06.12 15:10:11.907,0.72325,0.72334,1.00,1.12
2015.06.12 15:10:12.414,0.72325,0.72335,1.37,1.87
2015.06.12 15:10:12.969,0.72325,0.72334,1.37,1.00
2015.06.12 15:10:14.686,0.72324,0.72332,4.12,1.00
2015.06.12 15:10:15.194,0.72323,0.72333,1.37,1.50
2015.06.12 15:10:15.724,0.72322,0.72332,2.62,1.00
2015.06.12 15:10:16.643,0.72322,0.72332,1.87,1.50
2015.06.12 15:10:16.897,0.72322,0.7233,1.12,1.00
2015.06.12 15:10:17.421,0.7232,0.7233,2.25,1.00
2015.06.12 15:10:17.928,0.72321,0.72331,1.12,3.37
2015.06.12 15:10:18.470,0.72321,0.7233,1.00,1.00
2015.06.12 15:10:18.775,0.72321,0.72328,1.00,1.00
2015.06.12 15:10:19.231,0.72321,0.7233,1.00,2.25
2015.06.12 15:10:20.399,0.72321,0.72327,1.00,1.00
2015.06.12 15:10:20.925,0.72321,0.72329,1.00,3.00
2015.06.12 15:10:21.180,0.72323,0.72329,1.00,1.00
2015.06.12 15:10:21.282,0.72323,0.72331,1.00,1.00
2015.06.12 15:10:21.384,0.72322,0.72333,1.37,2.25
2015.06.12 15:10:21.963,0.72323,0.72333,1.37,1.50
2015.06.12 15:10:23.131,0.72324,0.72332,1.12,1.00
2015.06.12 15:10:23.284,0.72322,0.72331,1.12,1.00
2015.06.12 15:10:23.806,0.72321,0.72331,1.12,2.25
2015.06.12 15:10:24.314,0.72321,0.7233,1.12,1.00
2015.06.12 15:10:24.992,0.7232,0.72328,1.12,1.00
2015.06.12 15:10:25.399,0.7232,0.72331,1.50,3.37
2015.06.12 15:10:26.162,0.72321,0.7233,1.37,1.00
2015.06.12 15:10:26.214,0.7232,0.72328,2.25,1.00
2015.06.12 15:10:26.368,0.7232,0.72329,2.25,2.25
2015.06.12 15:10:26.775,0.7232,0.72327,1.50,1.00
2015.06.12 15:10:27.569,0.7232,0.72328,1.00,1.50
2015.06.12 15:10:28.433,0.7232,0.72329,2.25,1.50
2015.06.12 15:10:28.963,0.7232,0.72328,1.12,2.25
2015.06.12 15:10:29.471,0.72317,0.72327,4.50,1.00
2015.06.12 15:10:30.021,0.72317,0.72326,4.50,1.00
2015.06.12 15:10:30.579,0.72317,0.72325,3.75,1.00
2015.06.12 15:10:30.782,0.72319,0.72328,1.50,1.50
2015.06.12 15:10:31.304,0.72319,0.72327,1.37,1.50
2015.06.12 15:10:31.406,0.72319,0.72323,1.00,1.00
2015.06.12 15:10:31.508,0.72316,0.72321,1.00,1.00
2015.06.12 15:10:31.661,0.72316,0.72323,1.00,1.00
2015.06.12 15:10:31.762,0.72314,0.72324,1.50,1.87
2015.06.12 15:10:31.966,0.72316,0.72324,1.00,1.50
2015.06.12 15:10:32.504,0.72315,0.72324,1.00,1.00
2015.06.12 15:10:33.012,0.72315,0.72323,1.00,1.00
2015.06.12 15:10:33.600,0.72315,0.72322,1.00,1.00
2015.06.12 15:10:33.652,0.72315,0.72325,1.50,1.50
2015.06.12 15:10:33.806,0.72317,0.72326,1.12,1.00
2015.06.12 15:10:34.114,0.72321,0.72328,1.00,1.00
2015.06.12 15:10:34.318,0.72321,0.72331,1.50,3.97
2015.06.12 15:10:34.647,0.72322,0.72326,1.00,1.00
2015.06.12 15:10:34.749,0.72318,0.72324,1.50,1.00
2015.06.12 15:10:34.801,0.7232,0.72326,1.00,1.00
2015.06.12 15:10:34.903,0.72317,0.72324,1.50,1.00
2015.06.12 15:10:35.005,0.72317,0.72327,1.50,1.00
2015.06.12 15:10:35.537,0.72317,0.72327,1.50,1.50
2015.06.12 15:10:36.149,0.72318,0.72327,1.00,1.00
2015.06.12 15:10:36.253,0.72319,0.72325,1.00,1.00
2015.06.12 15:10:36.305,0.72316,0.72324,1.50,1.50
2015.06.12 15:10:36.692,0.72314,0.72324,1.87,1.50
2015.06.12 15:10:37.099,0.72317,0.72323,1.00,1.00
2015.06.12 15:10:37.507,0.72316,0.72321,1.50,1.50
2015.06.12 15:10:37.824,0.72314,0.72323,1.00,1.87
2015.06.12 15:10:38.539,0.72314,0.72324,1.00,1.12
2015.06.12 15:10:38.692,0.72314,0.72322,1.00,1.00
2015.06.12 15:10:39.439,0.72314,0.72323,1.00,1.00
2015.06.12 15:10:39.694,0.72315,0.72326,1.50,4.12
2015.06.12 15:10:39.746,0.72314,0.72323,2.62,1.00
2015.06.12 15:10:40.091,0.72316,0.72323,1.00,1.00
2015.06.12 15:10:40.404,0.72314,0.72319,1.00,1.12
2015.06.12 15:10:40.455,0.72311,0.72318,1.50,1.00
2015.06.12 15:10:40.812,0.7231,0.7232,1.37,1.00
2015.06.12 15:10:41.338,0.72313,0.7232,1.00,1.00
2015.06.12 15:10:41.440,0.72311,0.7232,1.12,1.00
2015.06.12 15:10:41.695,0.72314,0.72321,1.00,1.00
2015.06.12 15:10:41.797,0.72312,0.72321,1.50,1.00
2015.06.12 15:10:42.299,0.72312,0.72322,1.00,3.37
2015.06.12 15:10:42.959,0.72313,0.72322,1.00,1.87
2015.06.12 15:10:43.190,0.72314,0.72325,1.00,2.62
2015.06.12 15:10:43.698,0.72315,0.72324,1.12,1.00
2015.06.12 15:10:44.732,0.72316,0.72325,1.00,1.87
2015.06.12 15:10:45.242,0.72315,0.72325,1.00,1.87
2015.06.12 15:10:45.764,0.72315,0.72324,1.00,1.00
2015.06.12 15:10:46.286,0.72315,0.72325,1.00,2.62
2015.06.12 15:10:46.743,0.72315,0.72323,1.00,1.12
2015.06.12 15:10:47.007,0.72313,0.72322,2.25,1.00
2015.06.12 15:10:47.515,0.72314,0.72324,1.00,1.12
2015.06.12 15:10:48.159,0.72314,0.72325,3.37,2.62
2015.06.12 15:10:48.567,0.72314,0.72322,1.37,1.37
2015.06.12 15:10:48.720,0.72313,0.72322,1.87,1.87
2015.06.12 15:10:49.248,0.72314,0.72324,1.00,1.87
2015.06.12 15:10:49.350,0.72314,0.72324,2.25,2.25
2015.06.12 15:10:49.757,0.72312,0.72321,1.50,1.00
2015.06.12 15:10:50.303,0.72311,0.72321,1.87,1.12
2015.06.12 15:10:50.608,0.72314,0.72322,2.25,1.00
2015.06.12 15:10:50.659,0.72314,0.72324,1.50,1.87
2015.06.12 15:10:51.938,0.72312,0.72323,2.62,1.12
2015.06.12 15:10:52.445,0.72313,0.72323,1.00,1.87
2015.06.12 15:10:52.977,0.72314,0.72323,1.00,1.87
2015.06.12 15:10:53.636,0.72315,0.72323,1.00,1.00
2015.06.12 15:10:53.738,0.72317,0.72325,1.50,1.12
2015.06.12 15:10:54.282,0.72316,0.72327,2.62,3.37
2015.06.12 15:10:54.435,0.72315,0.72325,4.12,1.00
2015.06.12 15:10:55.030,0.72318,0.72327,1.00,1.00
2015.06.12 15:10:55.387,0.7232,0.72328,1.00,1.00
2015.06.12 15:10:55.693,0.72322,0.72329,1.00,1.12
2015.06.12 15:10:55.997,0.72323,0.72332,1.50,2.25
2015.06.12 15:10:56.508,0.72322,0.72331,1.50,1.00
2015.06.12 15:10:57.029,0.72321,0.7233,3.00,1.00
2015.06.12 15:10:57.488,0.7233,0.72334,1.00,2.25
2015.06.12 15:10:57.590,0.72328,0.72336,2.85,1.00
2015.06.12 15:10:57.692,0.72328,0.72336,2.85,1.00
2015.06.12 15:10:57.973,0.72329,0.72338,2.25,1.00
2015.06.12 15:10:58.075,0.7233,0.7234,1.37,1.50
2015.06.12 15:10:58.227,0.72332,0.72341,2.25,1.00
2015.06.12 15:10:58.481,0.72335,0.72343,1.00,1.50
2015.06.12 15:10:58.785,0.72339,0.72344,1.00,1.50
2015.06.12 15:10:58.999,0.72339,0.72346,1.00,1.00
2015.06.12 15:10:59.103,0.72337,0.72348,1.87,1.87
2015.06.12 15:10:59.258,0.72341,0.72347,1.00,1.00
2015.06.12 15:10:59.362,0.72339,0.72347,1.12,1.50
2015.06.12 15:10:59.539,0.72342,0.72348,1.37,1.87
2015.06.12 15:10:59.883,0.72344,0.72351,1.37,1.00
2015.06.12 15:11:00.290,0.72344,0.72354,1.87,1.37
2015.06.12 15:11:00.717,0.72343,0.72353,1.12,1.12
2015.06.12 15:11:00.768,0.72343,0.7235,1.00,1.00
2015.06.12 15:11:00.922,0.72341,0.7235,1.00,1.50
2015.06.12 15:11:01.227,0.72341,0.72347,1.00,1.00
2015.06.12 15:11:01.329,0.72341,0.72349,1.00,1.12
2015.06.12 15:11:01.699,0.72341,0.72351,1.00,1.50
2015.06.12 15:11:02.207,0.72342,0.72351,1.50,1.00
2015.06.12 15:11:02.309,0.72342,0.72353,1.87,3.37
2015.06.12 15:11:02.892,0.72342,0.72352,1.12,1.00
2015.06.12 15:11:03.554,0.72341,0.72351,2.62,1.00
2015.06.12 15:11:04.486,0.72341,0.72352,2.62,1.35
2015.06.12 15:11:04.589,0.72344,0.72353,1.00,1.12
2015.06.12 15:11:04.690,0.72344,0.72355,2.25,1.00
2015.06.12 15:11:05.170,0.72346,0.72356,1.00,1.87
2015.06.12 15:11:05.630,0.72345,0.72354,1.00,1.00
2015.06.12 15:11:05.937,0.72347,0.72356,1.00,3.97
2015.06.12 15:11:06.253,0.72345,0.72354,1.50,1.00
2015.06.12 15:11:06.509,0.72341,0.72351,1.87,2.25
2015.06.12 15:11:07.504,0.72342,0.72351,1.00,1.50
2015.06.12 15:11:08.497,0.72342,0.72349,1.00,1.00
2015.06.12 15:11:09.004,0.72341,0.72349,1.12,1.00
2015.06.12 15:11:09.311,0.72338,0.72347,1.12,1.00
2015.06.12 15:11:09.543,0.72336,0.72345,1.50,1.00
2015.06.12 15:11:10.053,0.72336,0.72344,1.50,1.00
2015.06.12 15:11:10.307,0.72333,0.72344,2.25,1.50
2015.06.12 15:11:10.485,0.72333,0.72341,1.37,1.00
2015.06.12 15:11:11.629,0.72334,0.72341,1.37,1.00
2015.06.12 15:11:11.783,0.72336,0.72344,1.00,1.00
2015.06.12 15:11:11.834,0.72336,0.72344,1.37,1.00
2015.06.12 15:11:11.988,0.72336,0.72346,1.37,1.00
2015.06.12 15:11:13.334,0.72338,0.72345,1.12,1.00
2015.06.12 15:11:13.437,0.72336,0.72344,1.12,1.50
2015.06.12 15:11:13.489,0.72334,0.72342,1.85,1.00
2015.06.12 15:11:13.710,0.72332,0.72341,1.37,1.00
2015.06.12 15:11:14.629,0.72332,0.72341,1.12,1.00
2015.06.12 15:11:14.876,0.7233,0.72339,1.37,1.00
2015.06.12 15:11:15.386,0.7233,0.7234,1.37,1.50
2015.06.12 15:11:15.743,0.72331,0.72342,1.37,4.87
2015.06.12 15:11:17.113,0.72337,0.72344,1.72,1.00
2015.06.12 15:11:17.637,0.72336,0.72345,1.37,1.00
2015.06.12 15:11:18.146,0.72337,0.72345,1.12,1.00
2015.06.12 15:11:18.941,0.72337,0.72346,1.12,1.50
2015.06.12 15:11:19.773,0.72338,0.72347,1.00,1.87
2015.06.12 15:11:20.303,0.72338,0.72347,1.87,1.00
2015.06.12 15:11:20.945,0.72338,0.72348,1.37,3.00
2015.06.12 15:11:21.604,0.72338,0.72347,1.37,1.00
2015.06.12 15:11:22.142,0.72338,0.72348,2.62,2.25
2015.06.12 15:11:22.450,0.72341,0.7235,1.87,1.50
2015.06.12 15:11:22.961,0.72342,0.72351,1.37,1.50
2015.06.12 15:11:23.202,0.72343,0.72354,1.12,2.62
2015.06.12 15:11:23.559,0.72342,0.72352,1.87,1.00
2015.06.12 15:11:24.246,0.72344,0.72353,1.50,1.12
2015.06.12 15:11:24.550,0.72342,0.72351,1.87,1.00
2015.06.12 15:11:25.059,0.72342,0.7235,1.12,1.00
2015.06.12 15:11:25.497,0.72344,0.7235,1.00,1.00
2015.06.12 15:11:25.549,0.72344,0.72353,1.00,1.12
2015.06.12 15:11:25.904,0.72342,0.72351,1.87,1.00
2015.06.12 15:11:25.955,0.72342,0.72351,1.87,1.00
2015.06.12 15:11:26.892,0.72342,0.7235,1.87,1.00
2015.06.12 15:11:27.654,0.72341,0.72351,1.37,1.87
2015.06.12 15:11:27.960,0.7234,0.72349,1.87,1.00
2015.06.12 15:11:28.267,0.72343,0.7235,1.00,1.00
2015.06.12 15:11:28.318,0.72343,0.72352,1.00,3.75
2015.06.12 15:11:28.900,0.72343,0.72353,1.50,2.62
2015.06.12 15:11:29.105,0.72344,0.72351,1.12,1.00
2015.06.12 15:11:29.360,0.72345,0.72353,1.00,1.00
2015.06.12 15:11:29.462,0.72346,0.72355,1.00,1.12
2015.06.12 15:11:29.889,0.72348,0.72356,1.00,1.00
2015.06.12 15:11:30.245,0.72346,0.72355,1.00,1.00
2015.06.12 15:11:30.926,0.72346,0.72353,1.00,1.00
2015.06.12 15:11:31.332,0.72346,0.72356,1.50,2.62
2015.06.12 15:11:31.535,0.72346,0.72354,1.50,1.00
2015.06.12 15:11:32.074,0.72346,0.72353,1.00,1.00
2015.06.12 15:11:32.532,0.72346,0.72355,1.00,1.87
2015.06.12 15:11:32.583,0.72346,0.72353,1.00,1.00
2015.06.12 15:11:33.543,0.72344,0.72353,1.12,1.50
2015.06.12 15:11:34.528,0.72344,0.72351,1.12,1.50
2015.06.12 15:11:35.042,0.72342,0.72352,1.37,1.50
2015.06.12 15:11:35.669,0.72342,0.72351,1.37,1.00
2015.06.12 15:11:36.205,0.72342,0.72352,1.87,1.00
2015.06.12 15:11:37.134,0.72342,0.7235,1.37,1.00
2015.06.12 15:11:37.340,0.72343,0.72352,1.37,1.00
2015.06.12 15:11:37.495,0.72343,0.72354,4.87,1.87
2015.06.12 15:11:38.374,0.72344,0.72353,1.12,1.00
2015.06.12 15:11:40.063,0.72345,0.72353,1.00,1.00
2015.06.12 15:11:40.317,0.72346,0.72356,1.00,1.87
2015.06.12 15:11:41.076,0.72347,0.72356,1.00,1.37
2015.06.12 15:11:41.229,0.72347,0.72357,3.75,1.00
2015.06.12 15:11:41.381,0.72349,0.72358,1.00,1.12
2015.06.12 15:11:41.892,0.72349,0.72356,1.00,1.00
2015.06.12 15:11:41.944,0.72349,0.72358,1.00,1.00
2015.06.12 15:11:42.402,0.7235,0.7236,1.00,1.50
2015.06.12 15:11:42.454,0.72353,0.7236,1.00,1.00
2015.06.12 15:11:42.777,0.72353,0.72362,1.00,1.00
2015.06.12 15:11:43.287,0.72353,0.72364,1.87,1.87
2015.06.12 15:11:43.491,0.72356,0.72365,1.00,1.37
2015.06.12 15:11:43.758,0.72354,0.72364,1.50,1.50
2015.06.12 15:11:43.860,0.72354,0.72362,1.00,1.00
2015.06.12 15:11:44.063,0.72354,0.72364,1.00,2.25
2015.06.12 15:11:44.165,0.72356,0.72364,1.00,1.00
2015.06.12 15:11:44.470,0.72354,0.72364,2.25,1.00
2015.06.12 15:11:44.757,0.72352,0.72361,2.62,1.00
2015.06.12 15:11:45.062,0.72349,0.72357,1.75,1.50
2015.06.12 15:11:45.114,0.72347,0.72357,1.37,1.87
2015.06.12 15:11:45.165,0.72346,0.72355,2.62,1.00
2015.06.12 15:11:45.747,0.72346,0.72356,1.37,1.50
2015.06.12 15:11:46.103,0.72346,0.72355,3.37,1.00
2015.06.12 15:11:46.458,0.72346,0.72357,3.37,1.87
2015.06.12 15:11:46.997,0.72347,0.72358,1.50,1.87
2015.06.12 15:11:47.506,0.72348,0.72357,1.12,1.12
2015.06.12 15:11:48.019,0.72349,0.7236,2.62,1.87
2015.06.12 15:11:48.071,0.72349,0.72357,1.87,1.00
2015.06.12 15:11:48.173,0.72348,0.72356,1.00,1.00
2015.06.12 15:11:48.530,0.72345,0.72354,1.87,1.00
2015.06.12 15:11:48.632,0.72345,0.72354,1.00,1.00
2015.06.12 15:11:49.070,0.72345,0.72349,1.12,1.00
2015.06.12 15:11:49.172,0.72341,0.7235,1.37,1.50
2015.06.12 15:11:49.682,0.72342,0.7235,1.12,1.00
2015.06.12 15:11:50.209,0.72341,0.7235,1.37,1.50
2015.06.12 15:11:50.758,0.72342,0.72351,1.50,1.00
2015.06.12 15:11:51.300,0.72343,0.72352,1.00,1.00
2015.06.12 15:11:51.810,0.72342,0.72352,1.12,1.50
2015.06.12 15:11:52.346,0.72342,0.72353,5.47,1.00
2015.06.12 15:11:52.857,0.72343,0.72352,1.12,1.00
2015.06.12 15:11:53.392,0.72341,0.72351,3.00,1.00
2015.06.12 15:11:54.650,0.72342,0.72351,1.12,1.00
2015.06.12 15:11:55.210,0.72341,0.7235,2.25,1.00
2015.06.12 15:11:55.582,0.72339,0.72348,1.87,1.00
2015.06.12 15:11:55.786,0.72341,0.7235,1.12,2.25
2015.06.12 15:11:55.837,0.72341,0.7235,1.37,2.25
2015.06.12 15:11:56.346,0.7234,0.72351,3.75,2.25
2015.06.12 15:11:56.987,0.72347,0.72351,1.50,1.50
2015.06.12 15:11:57.626,0.72345,0.7235,1.87,1.00
2015.06.12 15:11:57.859,0.72343,0.72347,1.87,1.00
2015.06.12 15:11:57.914,0.72343,0.72349,1.50,1.00
2015.06.12 15:11:58.379,0.72343,0.72347,1.50,1.00
2015.06.12 15:11:58.684,0.72343,0.72349,1.50,2.25
2015.06.12 15:11:59.122,0.72346,0.7235,1.50,2.25
2015.06.12 15:11:59.224,0.72346,0.72351,1.50,1.00
2015.06.12 15:11:59.733,0.72347,0.72351,1.50,1.00
2015.06.12 15:12:00.231,0.72343,0.72347,1.50,1.00
2015.06.12 15:12:00.487,0.7234,0.72346,2.25,1.00
2015.06.12 15:12:00.590,0.72338,0.72345,1.50,1.00
2015.06.12 15:12:01.188,0.72338,0.72344,1.87,2.10
2015.06.12 15:12:04.631,0.72335,0.7234,2.25,1.00
2015.06.12 15:12:04.733,0.72337,0.72341,1.87,1.00
2015.06.12 15:12:04.835,0.72338,0.72343,1.87,1.50
2015.06.12 15:12:05.370,0.72338,0.72342,1.87,1.00
2015.06.12 15:12:05.882,0.72335,0.72343,1.87,1.50
2015.06.12 15:12:06.846,0.72337,0.72343,1.00,3.00
2015.06.12 15:12:06.998,0.72339,0.72346,1.00,1.00
2015.06.12 15:12:07.151,0.7234,0.72348,1.00,1.00
2015.06.12 15:12:07.304,0.72342,0.72348,1.87,1.00
2015.06.12 15:12:08.463,0.72342,0.72349,1.87,2.25
2015.06.12 15:12:08.971,0.72342,0.72348,1.87,1.00
2015.06.12 15:12:09.276,0.72341,0.72347,1.00,1.00
2015.06.12 15:12:09.522,0.72339,0.72344,2.25,1.00
2015.06.12 15:12:09.676,0.72339,0.72347,2.25,1.50
2015.06.12 15:12:09.778,0.7234,0.72349,1.50,1.50
2015.06.12 15:12:09.981,0.72341,0.72351,1.00,2.25
2015.06.12 15:12:10.083,0.72343,0.72351,1.87,2.25
2015.06.12 15:12:10.634,0.72342,0.72349,1.87,1.00
2015.06.12 15:12:10.837,0.72341,0.72349,1.00,1.50
2015.06.12 15:12:11.041,0.72342,0.72349,1.87,1.50
2015.06.12 15:12:11.397,0.72345,0.7235,1.87,1.00
2015.06.12 15:12:11.847,0.72345,0.7235,1.87,1.50
2015.06.12 15:12:12.061,0.72343,0.72348,1.87,1.00
2015.06.12 15:12:12.619,0.72343,0.72349,1.87,1.00
2015.06.12 15:12:13.309,0.72342,0.72349,2.25,1.00
2015.06.12 15:12:13.614,0.72344,0.72351,1.87,1.00
2015.06.12 15:12:14.024,0.72344,0.72353,1.87,3.75
2015.06.12 15:12:14.126,0.72343,0.72351,3.00,1.00
2015.06.12 15:12:14.448,0.72343,0.72349,1.87,1.00
2015.06.12 15:12:15.074,0.72343,0.72348,1.87,1.00
2015.06.12 15:12:15.278,0.72343,0.7235,1.87,1.50
2015.06.12 15:12:15.570,0.72345,0.7235,1.87,1.00
2015.06.12 15:12:16.079,0.72345,0.72349,1.87,1.00
2015.06.12 15:12:16.332,0.72343,0.72349,2.25,1.00
2015.06.12 15:12:16.486,0.72343,0.72347,1.87,1.00
2015.06.12 15:12:16.538,0.72341,0.72347,2.25,1.00
2015.06.12 15:12:17.012,0.72339,0.72349,4.50,1.00
2015.06.12 15:12:17.318,0.72344,0.7235,1.87,1.50
2015.06.12 15:12:18.057,0.72343,0.72348,1.87,1.00
2015.06.12 15:12:18.108,0.7234,0.72345,1.00,1.00
2015.06.12 15:12:18.618,0.72338,0.72343,1.87,1.00
2015.06.12 15:12:18.872,0.72337,0.72343,1.00,1.00
2015.06.12 15:12:19.400,0.72336,0.72344,3.00,1.00
2015.06.12 15:12:19.907,0.72336,0.72347,3.75,2.62
2015.06.12 15:12:20.414,0.72337,0.72347,1.00,2.62
2015.06.12 15:12:20.917,0.72336,0.72347,2.25,2.62
2015.06.12 15:12:21.425,0.72336,0.72345,1.00,3.00
2015.06.12 15:12:21.629,0.72337,0.72347,1.12,1.12
2015.06.12 15:12:22.131,0.72338,0.72346,1.12,1.50
2015.06.12 15:12:22.638,0.72337,0.72346,1.75,2.25
2015.06.12 15:12:23.381,0.72339,0.72348,1.12,1.87
2015.06.12 15:12:23.432,0.72341,0.7235,1.00,1.50
2015.06.12 15:12:23.585,0.72341,0.7235,1.37,1.00
2015.06.12 15:12:24.124,0.72342,0.72352,1.87,1.37
2015.06.12 15:12:24.734,0.72342,0.7235,2.25,1.00
2015.06.12 15:12:25.338,0.72341,0.72351,3.75,3.00
2015.06.12 15:12:25.846,0.72341,0.72349,3.75,1.00
2015.06.12 15:12:26.152,0.72343,0.7235,2.25,1.00
2015.06.12 15:12:26.254,0.72343,0.72352,3.75,1.12
2015.06.12 15:12:26.793,0.72345,0.72353,1.37,1.00
2015.06.12 15:12:27.304,0.72345,0.72353,1.00,1.00
2015.06.12 15:12:27.846,0.72345,0.72354,1.50,1.87
2015.06.12 15:12:28.354,0.72346,0.72355,1.00,1.00
2015.06.12 15:12:28.982,0.72346,0.72356,1.00,1.87
2015.06.12 15:12:29.764,0.72346,0.72352,1.00,1.00
2015.06.12 15:12:30.211,0.72342,0.72348,1.00,1.00
2015.06.12 15:12:30.416,0.72342,0.72351,1.00,1.37
2015.06.12 15:12:31.402,0.72345,0.72352,1.00,1.12
2015.06.12 15:12:31.506,0.72344,0.72354,1.50,2.62
2015.06.12 15:12:31.558,0.72346,0.72354,1.00,1.12
2015.06.12 15:12:31.711,0.72347,0.72356,1.50,1.00
2015.06.12 15:12:31.762,0.7235,0.72357,1.00,1.12
2015.06.12 15:12:32.446,0.72352,0.72358,1.00,1.00
2015.06.12 15:12:32.954,0.72352,0.72359,1.00,1.12
2015.06.12 15:12:33.813,0.72352,0.72361,1.00,1.87
2015.06.12 15:12:34.374,0.72353,0.72362,1.50,1.87
2015.06.12 15:12:34.908,0.72353,0.72363,1.87,1.87
2015.06.12 15:12:35.803,0.72353,0.72363,2.25,1.50
2015.06.12 15:12:38.412,0.72353,0.72362,1.37,1.00
2015.06.12 15:12:38.919,0.72353,0.72361,1.12,1.00
2015.06.12 15:12:39.428,0.72353,0.72362,1.12,1.00
2015.06.12 15:12:39.816,0.72355,0.72362,1.00,1.00
2015.06.12 15:12:40.175,0.72356,0.72365,1.00,1.87
2015.06.12 15:12:40.226,0.72356,0.72367,1.00,3.37
2015.06.12 15:12:40.277,0.72358,0.72367,1.00,2.62
2015.06.12 15:12:40.765,0.72358,0.72364,1.00,1.00
2015.06.12 15:12:40.919,0.72356,0.72364,1.00,1.50
2015.06.12 15:12:41.123,0.72355,0.72362,1.50,1.00
2015.06.12 15:12:41.227,0.72355,0.72365,1.50,3.00
2015.06.12 15:12:41.798,0.72355,0.72365,1.50,1.12
2015.06.12 15:12:42.204,0.72357,0.72366,1.50,1.37
2015.06.12 15:12:42.306,0.72358,0.72367,1.00,1.12
2015.06.12 15:12:42.888,0.72357,0.72368,1.50,2.62
2015.06.12 15:12:43.345,0.72357,0.72368,3.37,1.87
2015.06.12 15:12:43.852,0.72359,0.72368,1.37,1.37
2015.06.12 15:12:44.175,0.7236,0.72369,1.87,1.00
2015.06.12 15:12:48.296,0.72359,0.72368,2.25,1.00
2015.06.12 15:12:48.707,0.72359,0.72366,1.50,1.00
2015.06.12 15:12:49.161,0.72357,0.72365,2.25,1.00
2015.06.12 15:12:49.263,0.72357,0.72367,2.25,1.50
2015.06.12 15:12:49.620,0.72361,0.72369,1.00,1.87
2015.06.12 15:12:49.671,0.72362,0.7237,1.00,1.00
2015.06.12 15:12:49.722,0.72364,0.72371,1.00,1.12
2015.06.12 15:12:49.875,0.72364,0.72373,1.00,1.00
2015.06.12 15:12:50.312,0.72363,0.72371,1.00,1.00
2015.06.12 15:12:52.049,0.72361,0.7237,1.50,1.00
2015.06.12 15:12:54.188,0.72361,0.72367,1.37,1.00
2015.06.12 15:12:54.414,0.72356,0.7236,1.50,1.00
2015.06.12 15:12:54.516,0.72356,0.72362,1.12,1.50
2015.06.12 15:12:54.719,0.72354,0.72362,1.00,1.50
2015.06.12 15:12:56.564,0.72353,0.72362,1.12,1.12
2015.06.12 15:12:57.096,0.72354,0.72363,1.87,1.00
2015.06.12 15:12:59.230,0.72353,0.72363,1.50,1.50
2015.06.12 15:13:00.146,0.72354,0.72364,1.12,3.37
2015.06.12 15:13:00.604,0.72356,0.72366,1.00,2.62
2015.06.12 15:13:00.913,0.72354,0.72362,1.87,1.00
2015.06.12 15:13:01.574,0.72353,0.72362,2.25,1.00
2015.06.12 15:13:02.082,0.72353,0.72363,2.25,1.00
2015.06.12 15:13:02.916,0.72355,0.72364,2.25,1.50
2015.06.12 15:13:03.322,0.72355,0.72361,1.50,1.00
2015.06.12 15:13:03.830,0.72351,0.72361,4.50,1.00
2015.06.12 15:13:04.479,0.72354,0.72363,1.12,2.25
2015.06.12 15:13:04.885,0.72354,0.7236,1.12,1.00
2015.06.12 15:13:05.089,0.72353,0.72363,3.00,1.00
2015.06.12 15:13:05.629,0.72355,0.72364,1.87,1.00
2015.06.12 15:13:06.164,0.72355,0.72363,1.12,1.00
2015.06.12 15:13:08.450,0.72356,0.72363,1.00,1.00
2015.06.12 15:13:09.380,0.72356,0.72364,1.00,1.50
2015.06.12 15:13:10.072,0.72355,0.72364,1.50,1.12
2015.06.12 15:13:11.369,0.72358,0.72367,1.00,3.37
2015.06.12 15:13:11.879,0.72358,0.72367,3.37,2.25
2015.06.12 15:13:12.395,0.72358,0.72365,2.62,1.00
2015.06.12 15:13:12.705,0.72355,0.72364,1.00,1.12
2015.06.12 15:13:12.959,0.72353,0.72363,1.50,1.50
2015.06.12 15:13:13.162,0.72353,0.72361,1.00,1.00
2015.06.12 15:13:13.265,0.72351,0.7236,1.12,1.00
2015.06.12 15:13:13.366,0.7235,0.72358,2.25,1.00
2015.06.12 15:13:15.113,0.72348,0.72358,2.25,1.50
2015.06.12 15:13:15.622,0.72348,0.72356,2.25,1.00
2015.06.12 15:13:16.204,0.72353,0.72357,1.50,1.50
2015.06.12 15:13:16.255,0.72356,0.72364,1.50,1.87
2015.06.12 15:13:16.306,0.72358,0.72364,1.00,1.50
2015.06.12 15:13:16.612,0.72371,0.72375,1.00,1.00
2015.06.12 15:13:16.663,0.72373,0.72381,1.00,1.50
2015.06.12 15:13:17.031,0.72374,0.72383,2.62,1.00
2015.06.12 15:13:17.345,0.72373,0.72378,1.00,1.12
2015.06.12 15:13:17.397,0.72366,0.72373,1.87,1.00
2015.06.12 15:13:17.482,0.72364,0.7237,3.37,1.00
2015.06.12 15:13:17.697,0.72364,0.72374,1.12,1.50
2015.06.12 15:13:18.056,0.72366,0.72374,1.00,1.37
2015.06.12 15:13:18.364,0.72366,0.72375,2.25,1.12
2015.06.12 15:13:18.740,0.72364,0.72375,1.00,1.87
2015.06.12 15:13:19.044,0.72365,0.72373,1.00,1.00
2015.06.12 15:13:19.149,0.72364,0.72375,1.12,1.87
2015.06.12 15:13:19.251,0.72363,0.72372,3.75,1.00
2015.06.12 15:13:19.657,0.72361,0.72371,1.12,1.87
2015.06.12 15:13:20.167,0.72364,0.72372,1.00,1.00
2015.06.12 15:13:20.559,0.72362,0.72371,1.12,1.12
2015.06.12 15:13:21.564,0.72363,0.72372,1.00,1.87
2015.06.12 15:13:22.088,0.72363,0.72372,2.25,1.00
2015.06.12 15:13:22.190,0.72363,0.72372,4.12,1.00
2015.06.12 15:13:22.548,0.72365,0.72375,1.12,1.87
2015.06.12 15:13:23.006,0.72367,0.72374,1.00,1.00
2015.06.12 15:13:23.522,0.72371,0.7238,1.50,1.37
2015.06.12 15:13:23.626,0.72371,0.72381,1.87,2.25
2015.06.12 15:13:23.831,0.72373,0.72383,1.00,2.25
2015.06.12 15:13:23.882,0.72378,0.72383,1.00,2.25
2015.06.12 15:13:24.035,0.7238,0.72388,1.50,1.42
2015.06.12 15:13:24.086,0.72382,0.72392,1.50,1.10
2015.06.12 15:13:24.309,0.72385,0.72392,1.00,1.00
2015.06.12 15:13:24.468,0.72386,0.72394,1.00,1.87
2015.06.12 15:13:24.673,0.72389,0.72394,1.00,1.00
2015.06.12 15:13:24.862,0.72389,0.72396,1.50,1.00
2015.06.12 15:13:25.087,0.72387,0.72396,1.00,2.62
2015.06.12 15:13:25.189,0.72388,0.72398,1.00,1.37
2015.06.12 15:13:25.343,0.72389,0.72398,1.00,1.00
2015.06.12 15:13:25.394,0.72389,0.724,2.25,1.50
2015.06.12 15:13:25.497,0.72394,0.72401,1.00,1.87
2015.06.12 15:13:25.549,0.72394,0.72401,1.00,1.00
2015.06.12 15:13:25.651,0.72395,0.72404,1.00,1.37
2015.06.12 15:13:25.905,0.72403,0.72407,1.00,1.87
2015.06.12 15:13:25.956,0.72405,0.72414,1.87,1.87
2015.06.12 15:13:26.007,0.72407,0.72414,1.00,1.87
2015.06.12 15:13:26.440,0.7241,0.72419,1.00,1.12
2015.06.12 15:13:26.492,0.72412,0.72421,1.00,1.12
2015.06.12 15:13:27.194,0.7241,0.7242,1.00,1.12
2015.06.12 15:13:27.296,0.72408,0.72417,1.87,1.00
2015.06.12 15:13:27.551,0.72405,0.72414,1.12,1.50
2015.06.12 15:13:27.705,0.72403,0.72411,1.87,1.00
2015.06.12 15:13:28.035,0.72398,0.72407,1.37,1.00
2015.06.12 15:13:28.137,0.72398,0.72407,1.00,1.00
2015.06.12 15:13:28.188,0.72397,0.72402,1.00,1.00
2015.06.12 15:13:28.240,0.72396,0.72401,1.00,1.00
2015.06.12 15:13:28.291,0.72395,0.72399,1.00,1.00
2015.06.12 15:13:28.344,0.7239,0.72399,1.50,1.00
2015.06.12 15:13:28.680,0.72388,0.72394,2.25,1.00
2015.06.12 15:13:28.884,0.72382,0.72391,1.00,1.00
2015.06.12 15:13:29.088,0.72379,0.7239,1.50,1.50
2015.06.12 15:13:29.191,0.72379,0.72388,1.50,1.00
2015.06.12 15:13:29.573,0.72377,0.72385,1.37,1.00
2015.06.12 15:13:29.675,0.72373,0.72384,1.50,1.00
2015.06.12 15:13:29.778,0.72375,0.72386,1.00,1.87
2015.06.12 15:13:30.423,0.72376,0.72386,1.37,1.00
2015.06.12 15:13:30.474,0.72377,0.72388,1.12,1.87
2015.06.12 15:13:30.781,0.7238,0.72389,1.00,1.00
2015.06.12 15:13:30.885,0.72381,0.72391,1.00,1.12
2015.06.12 15:13:31.421,0.72379,0.7239,1.37,1.12
2015.06.12 15:13:31.675,0.72378,0.72387,1.87,1.00
2015.06.12 15:13:31.879,0.72374,0.72385,1.50,1.00
2015.06.12 15:13:32.216,0.72378,0.72388,1.00,1.37
2015.06.12 15:13:32.521,0.72382,0.72392,1.37,1.00
2015.06.12 15:13:32.826,0.72381,0.72391,1.00,1.50
2015.06.12 15:13:32.878,0.7238,0.72388,1.50,1.00
2015.06.12 15:13:33.199,0.72382,0.72388,1.00,1.00
2015.06.12 15:13:33.509,0.72387,0.72392,1.87,3.75
2015.06.12 15:13:33.561,0.72387,0.72392,2.62,1.00
2015.06.12 15:13:33.664,0.72389,0.72398,1.00,1.12
2015.06.12 15:13:33.715,0.72388,0.72395,1.00,1.00
2015.06.12 15:13:33.818,0.72386,0.72396,1.12,1.00
2015.06.12 15:13:34.106,0.72383,0.72392,1.87,1.00
2015.06.12 15:13:34.410,0.72381,0.72391,1.37,1.00
2015.06.12 15:13:34.614,0.7238,0.7239,1.00,1.50
2015.06.12 15:13:34.934,0.72378,0.72388,2.25,1.00
2015.06.12 15:13:34.986,0.72377,0.72388,1.87,1.50
2015.06.12 15:13:35.088,0.72379,0.72388,1.00,1.00
2015.06.12 15:13:35.394,0.72382,0.72388,1.87,1.00
2015.06.12 15:13:35.446,0.72383,0.72391,1.12,1.87
2015.06.12 15:13:35.498,0.72383,0.72387,1.00,1.00
2015.06.12 15:13:35.601,0.7238,0.72384,1.00,1.00
2015.06.12 15:13:35.834,0.72371,0.72381,3.37,1.00
2015.06.12 15:13:35.886,0.72369,0.72379,3.00,1.00
2015.06.12 15:13:36.193,0.7237,0.72381,1.50,2.25
2015.06.12 15:13:36.295,0.72369,0.72379,3.00,1.00
2015.06.12 15:13:36.785,0.72369,0.72379,1.37,1.00
2015.06.12 15:13:36.938,0.72368,0.72378,1.87,1.00
2015.06.12 15:13:37.041,0.72366,0.72376,3.75,1.00
2015.06.12 15:13:37.553,0.72368,0.72379,1.12,1.87
2015.06.12 15:13:37.605,0.72372,0.72379,1.00,1.00
2015.06.12 15:13:38.141,0.72372,0.7238,1.00,1.12
2015.06.12 15:13:38.648,0.72373,0.7238,1.00,1.00
2015.06.12 15:13:38.699,0.72371,0.7238,1.12,1.00
2015.06.12 15:13:39.092,0.72373,0.7238,1.00,1.00
2015.06.12 15:13:39.144,0.72374,0.72384,1.00,1.50
2015.06.12 15:13:39.653,0.72374,0.72385,3.37,1.12
2015.06.12 15:13:40.292,0.72375,0.72386,1.12,2.62
2015.06.12 15:13:40.597,0.72377,0.72386,1.00,1.87
2015.06.12 15:13:41.005,0.72378,0.72388,1.12,1.00
2015.06.12 15:13:41.184,0.72378,0.72386,1.37,1.12
2015.06.12 15:13:41.339,0.72377,0.72386,1.12,1.00
2015.06.12 15:13:41.390,0.7238,0.72386,1.00,1.00
2015.06.12 15:13:41.494,0.72381,0.72389,1.50,1.00
2015.06.12 15:13:41.546,0.72383,0.7239,1.00,1.87
2015.06.12 15:13:41.752,0.72381,0.72391,1.00,1.37
2015.06.12 15:13:42.084,0.72382,0.72392,1.00,1.50
2015.06.12 15:13:42.341,0.72384,0.72393,1.00,1.12
2015.06.12 15:13:42.850,0.72383,0.72392,1.37,1.00
2015.06.12 15:13:43.376,0.72384,0.72394,1.37,1.37
2015.06.12 15:13:43.884,0.72384,0.72394,1.37,1.12
2015.06.12 15:13:44.603,0.72382,0.72392,3.00,1.00
2015.06.12 15:13:44.858,0.72381,0.72391,1.50,2.25
2015.06.12 15:13:45.113,0.72381,0.72389,1.00,1.00
2015.06.12 15:13:45.679,0.7238,0.72391,3.00,1.87
2015.06.12 15:13:46.188,0.7238,0.7239,1.12,1.50
2015.06.12 15:13:47.007,0.72379,0.72387,1.12,1.00
2015.06.12 15:13:47.315,0.72375,0.72384,1.12,1.00
2015.06.12 15:13:48.368,0.72377,0.72384,1.12,1.00
2015.06.12 15:13:48.471,0.72377,0.72386,1.12,1.50
2015.06.12 15:13:48.732,0.72377,0.72388,1.72,2.25
2015.06.12 15:13:48.835,0.72379,0.72389,1.00,1.12
2015.06.12 15:13:49.140,0.72381,0.72391,1.50,1.00
2015.06.12 15:13:49.700,0.72381,0.72392,3.00,1.12
2015.06.12 15:13:50.211,0.72383,0.72393,1.00,1.12
2015.06.12 15:13:50.801,0.72384,0.72395,1.00,2.25
2015.06.12 15:13:51.309,0.72384,0.72392,1.12,1.00
2015.06.12 15:13:51.830,0.72381,0.72391,1.37,1.00
2015.06.12 15:13:52.735,0.72381,0.72392,1.37,1.50
2015.06.12 15:13:53.044,0.72381,0.72389,1.37,1.00
2015.06.12 15:13:53.197,0.72381,0.72388,1.00,1.00
2015.06.12 15:13:53.503,0.72381,0.72386,1.00,1.00
2015.06.12 15:13:53.947,0.7238,0.72384,1.87,1.00
2015.06.12 15:13:54.150,0.72378,0.72386,1.12,1.00
2015.06.12 15:13:54.454,0.7238,0.72388,1.00,1.00
2015.06.12 15:13:54.995,0.7238,0.72387,1.87,1.00
2015.06.12 15:13:55.149,0.7238,0.7239,1.87,1.00
2015.06.12 15:13:55.722,0.72381,0.72391,1.12,1.00
2015.06.12 15:13:56.027,0.72384,0.72392,1.00,1.00
2015.06.12 15:13:56.663,0.72383,0.72392,1.12,1.00
2015.06.12 15:13:56.715,0.72384,0.72394,1.00,1.00
2015.06.12 15:13:57.274,0.72383,0.72394,1.12,1.50
2015.06.12 15:13:57.325,0.72385,0.72394,1.00,1.50
2015.06.12 15:13:57.478,0.72383,0.72394,1.12,1.50
2015.06.12 15:13:57.950,0.72385,0.72394,1.00,1.87
2015.06.12 15:13:58.254,0.72389,0.72396,1.00,1.00
2015.06.12 15:13:58.458,0.7239,0.724,1.00,1.12
2015.06.12 15:13:58.846,0.72394,0.72401,1.00,1.00
2015.06.12 15:13:59.151,0.72396,0.72406,1.00,1.37
2015.06.12 15:13:59.202,0.72396,0.72406,1.12,1.87
2015.06.12 15:13:59.304,0.72398,0.72406,1.00,1.12
2015.06.12 15:13:59.787,0.724,0.72408,1.00,1.37
2015.06.12 15:14:00.093,0.72402,0.7241,1.00,1.37
2015.06.12 15:14:00.195,0.72402,0.72411,1.00,1.87
2015.06.12 15:14:00.728,0.72402,0.72409,1.00,1.50
2015.06.12 15:14:01.086,0.72399,0.72409,2.25,1.00
2015.06.12 15:14:01.342,0.72401,0.7241,1.00,1.00
2015.06.12 15:14:01.875,0.72401,0.72409,1.50,1.00
2015.06.12 15:14:02.283,0.72404,0.72413,1.00,1.50
2015.06.12 15:14:02.537,0.72406,0.72416,1.00,1.37
2015.06.12 15:14:02.796,0.72407,0.72416,1.50,1.12
2015.06.12 15:14:02.848,0.72409,0.72417,1.00,1.37
2015.06.12 15:14:03.104,0.7241,0.72421,1.00,1.87
2015.06.12 15:14:03.259,0.72412,0.7242,1.50,1.37
2015.06.12 15:14:03.682,0.72417,0.72427,1.00,2.62
2015.06.12 15:14:03.836,0.72418,0.72427,1.00,1.50
2015.06.12 15:14:03.887,0.72419,0.7243,2.62,3.07
2015.06.12 15:14:04.194,0.72417,0.72427,2.62,1.12
2015.06.12 15:14:04.758,0.72417,0.72425,1.87,1.00
2015.06.12 15:14:04.860,0.72416,0.72425,1.50,1.00
2015.06.12 15:14:05.065,0.72418,0.72426,1.00,1.12
2015.06.12 15:14:05.509,0.72417,0.72428,1.87,1.50
2015.06.12 15:14:05.561,0.72421,0.7243,1.00,1.37
2015.06.12 15:14:05.970,0.72419,0.7243,1.50,1.37
2015.06.12 15:14:06.611,0.72424,0.72432,1.00,1.00
2015.06.12 15:14:06.920,0.72419,0.72429,1.00,1.00
2015.06.12 15:14:07.022,0.72418,0.7243,2.10,1.37
2015.06.12 15:14:07.226,0.72424,0.72435,1.00,1.87
2015.06.12 15:14:07.724,0.72425,0.72436,1.87,1.87
2015.06.12 15:14:08.079,0.72424,0.72434,1.37,1.00
2015.06.12 15:14:08.418,0.72422,0.72431,1.87,1.00
2015.06.12 15:14:08.727,0.72423,0.72434,1.00,1.37
2015.06.12 15:14:08.778,0.72421,0.72432,2.62,1.12
2015.06.12 15:14:08.880,0.72423,0.72432,1.00,1.12
2015.06.12 15:14:09.185,0.72423,0.72434,2.62,2.62
2015.06.12 15:14:09.412,0.72423,0.72434,1.37,2.62
2015.06.12 15:14:10.077,0.72421,0.72427,4.87,1.00
2015.06.12 15:14:10.331,0.7242,0.72426,1.00,1.50
2015.06.12 15:14:10.382,0.72416,0.72425,1.87,1.00
2015.06.12 15:14:10.710,0.72414,0.72424,1.00,1.50
2015.06.12 15:14:10.914,0.72412,0.72423,1.87,1.00
2015.06.12 15:14:11.424,0.72413,0.72424,1.00,3.37
2015.06.12 15:14:11.741,0.72412,0.72421,1.00,1.12
2015.06.12 15:14:11.795,0.7241,0.7242,1.00,1.00
2015.06.12 15:14:11.998,0.72408,0.72418,1.00,1.50
2015.06.12 15:14:12.304,0.72408,0.72416,1.00,1.00
2015.06.12 15:14:12.457,0.72405,0.72416,1.00,1.50
2015.06.12 15:14:12.786,0.72404,0.72414,1.50,1.00
2015.06.12 15:14:13.095,0.72402,0.72412,1.87,1.00
2015.06.12 15:14:13.147,0.72402,0.72412,1.50,1.00
2015.06.12 15:14:13.505,0.724,0.72411,1.12,1.00
2015.06.12 15:14:14.046,0.72399,0.7241,1.00,1.00
2015.06.12 15:14:14.606,0.72401,0.7241,1.00,1.00
2015.06.12 15:14:14.708,0.72399,0.7241,1.00,1.00
2015.06.12 15:14:15.221,0.72398,0.72409,1.12,1.00
2015.06.12 15:14:15.780,0.72397,0.72408,2.47,1.00
2015.06.12 15:14:16.145,0.72399,0.7241,1.50,1.12
2015.06.12 15:14:16.351,0.724,0.72411,3.97,1.00
2015.06.12 15:14:16.402,0.72402,0.72413,1.12,1.00
2015.06.12 15:14:16.505,0.72404,0.72414,1.00,1.50
2015.06.12 15:14:16.937,0.72412,0.72417,1.00,1.00
2015.06.12 15:14:16.988,0.72415,0.72424,1.00,1.00
2015.06.12 15:14:17.090,0.72417,0.72426,1.00,1.00
2015.06.12 15:14:17.193,0.72418,0.72429,1.00,1.00
2015.06.12 15:14:17.501,0.72421,0.72432,1.00,2.62
2015.06.12 15:14:17.709,0.72418,0.72429,1.50,1.00
2015.06.12 15:14:17.766,0.72422,0.72429,1.00,1.00
2015.06.12 15:14:18.022,0.72422,0.72433,1.50,1.37
2015.06.12 15:14:18.176,0.72422,0.72433,1.00,1.12
2015.06.12 15:14:18.575,0.72425,0.72435,1.00,1.37
2015.06.12 15:14:18.779,0.72421,0.72431,1.87,1.00
2015.06.12 15:14:19.428,0.72421,0.72432,1.00,1.87
2015.06.12 15:14:19.530,0.72419,0.72425,1.00,1.00
2015.06.12 15:14:19.634,0.72414,0.72425,2.25,1.00
2015.06.12 15:14:19.990,0.72413,0.72424,1.00,1.00
2015.06.12 15:14:20.309,0.7241,0.72421,1.37,1.00
2015.06.12 15:14:20.618,0.72406,0.72417,1.37,1.00
2015.06.12 15:14:21.303,0.72408,0.72419,1.00,1.37
2015.06.12 15:14:21.610,0.72411,0.72421,1.00,1.37
2015.06.12 15:14:21.865,0.72412,0.72423,1.50,1.37
2015.06.12 15:14:22.292,0.72415,0.72423,1.00,1.12
2015.06.12 15:14:22.698,0.72413,0.72422,1.00,1.00
2015.06.12 15:14:23.390,0.72419,0.72426,1.00,1.12
2015.06.12 15:14:23.442,0.72417,0.72426,1.50,1.12
2015.06.12 15:14:23.800,0.72415,0.72426,1.00,1.00
2015.06.12 15:14:23.902,0.72415,0.72424,1.00,1.00
2015.06.12 15:14:24.277,0.72413,0.72424,1.87,1.00
2015.06.12 15:14:24.791,0.72412,0.72423,1.00,1.50
2015.06.12 15:14:25.318,0.72411,0.72421,1.87,1.00
2015.06.12 15:14:25.827,0.72411,0.72422,1.50,1.12
2015.06.12 15:14:26.502,0.72411,0.72422,1.00,1.37
2015.06.12 15:14:27.009,0.72414,0.72423,1.00,1.87
2015.06.12 15:14:27.111,0.72414,0.72423,1.00,1.00
2015.06.12 15:14:27.660,0.72413,0.72423,1.00,1.00
2015.06.12 15:14:27.966,0.72415,0.72423,1.00,1.50
2015.06.12 15:14:28.018,0.72415,0.72425,1.50,1.87
2015.06.12 15:14:28.223,0.72417,0.72426,1.00,1.37
2015.06.12 15:14:28.919,0.72415,0.72424,2.25,1.00
2015.06.12 15:14:29.275,0.72413,0.72425,2.62,1.50
2015.06.12 15:14:29.326,0.72413,0.72423,2.62,1.00
2015.06.12 15:14:29.874,0.72414,0.72425,1.00,1.50
2015.06.12 15:14:29.925,0.72416,0.72425,1.00,1.00
2015.06.12 15:14:30.435,0.72415,0.72424,1.00,1.00
2015.06.12 15:14:30.748,0.72412,0.72422,3.37,1.00
2015.06.12 15:14:30.801,0.72413,0.72424,1.37,1.00
2015.06.12 15:14:31.056,0.72413,0.72422,2.62,1.00
2015.06.12 15:14:31.107,0.72411,0.72421,2.25,1.00
2015.06.12 15:14:31.807,0.72411,0.72423,1.87,1.50
2015.06.12 15:14:32.318,0.72413,0.72424,1.50,1.12
2015.06.12 15:14:32.939,0.72414,0.72423,1.00,1.00
2015.06.12 15:14:33.448,0.72413,0.72422,1.00,1.00
2015.06.12 15:14:33.652,0.72415,0.72423,1.00,1.00
2015.06.12 15:14:34.090,0.72415,0.72425,1.00,3.37
2015.06.12 15:14:34.397,0.72414,0.72424,1.00,1.37
2015.06.12 15:14:34.656,0.72407,0.72416,1.00,1.00
2015.06.12 15:14:35.187,0.72405,0.72416,1.87,1.00
2015.06.12 15:14:35.695,0.72404,0.72415,1.37,1.00
2015.06.12 15:14:35.999,0.72404,0.72414,1.50,1.00
2015.06.12 15:14:36.328,0.72408,0.72415,1.00,1.00
2015.06.12 15:14:36.532,0.72409,0.72417,1.00,1.00
2015.06.12 15:14:36.736,0.72409,0.72419,1.50,1.00
2015.06.12 15:14:37.224,0.72411,0.72419,1.00,1.00
2015.06.12 15:14:37.329,0.72409,0.72419,1.00,3.37
2015.06.12 15:14:37.939,0.72409,0.72418,1.50,1.00
2015.06.12 15:14:38.363,0.72409,0.72416,1.00,1.00
2015.06.12 15:14:38.414,0.72407,0.72416,1.00,1.00
2015.06.12 15:14:38.923,0.72406,0.72417,1.12,1.50
2015.06.12 15:14:39.443,0.72405,0.72416,2.62,1.00
2015.06.12 15:14:39.545,0.72409,0.72417,1.00,1.12
2015.06.12 15:14:39.647,0.72407,0.72417,1.12,1.00
2015.06.12 15:14:39.952,0.72407,0.72415,1.50,1.00
2015.06.12 15:14:40.156,0.72404,0.72413,1.00,1.50
2015.06.12 15:14:40.450,0.72402,0.72411,1.00,1.00
2015.06.12 15:14:40.653,0.72401,0.72413,1.50,3.37
2015.06.12 15:14:40.755,0.72401,0.72411,2.25,1.00
2015.06.12 15:14:41.299,0.724,0.7241,1.87,1.50
2015.06.12 15:14:41.609,0.72403,0.72412,1.00,1.00
2015.06.12 15:14:41.813,0.72404,0.72414,2.47,1.00
2015.06.12 15:14:42.067,0.72408,0.72416,1.50,1.50
2015.06.12 15:14:42.395,0.72411,0.72421,1.00,1.87
2015.06.12 15:14:42.446,0.7241,0.72419,1.50,1.00
2015.06.12 15:14:42.854,0.7241,0.72421,1.00,2.62
2015.06.12 15:14:43.380,0.72412,0.72421,1.50,1.12
2015.06.12 15:14:43.737,0.72414,0.72423,1.00,1.87
2015.06.12 15:14:44.517,0.72414,0.72424,1.00,1.00
2015.06.12 15:14:45.025,0.72415,0.72424,1.00,1.00
2015.06.12 15:14:45.076,0.72413,0.72425,2.62,1.87
2015.06.12 15:14:45.483,0.72413,0.72422,1.12,1.50
2015.06.12 15:14:46.019,0.72412,0.72421,1.00,1.00
2015.06.12 15:14:46.324,0.72412,0.72417,1.00,1.00
2015.06.12 15:14:46.426,0.7241,0.72418,1.00,1.00
2015.06.12 15:14:46.477,0.7241,0.72416,1.00,1.00
2015.06.12 15:14:46.743,0.72407,0.72415,1.37,1.50
2015.06.12 15:14:47.048,0.7241,0.72417,1.00,1.00
2015.06.12 15:14:47.251,0.72408,0.72417,3.00,1.00
2015.06.12 15:14:47.556,0.72413,0.72418,1.00,2.25
2015.06.12 15:14:47.946,0.7241,0.72417,1.00,1.00
2015.06.12 15:14:48.150,0.72407,0.72416,1.37,1.50
2015.06.12 15:14:48.457,0.72407,0.72414,1.37,1.00
2015.06.12 15:14:48.941,0.72406,0.72416,1.37,3.00
2015.06.12 15:14:49.552,0.72407,0.72415,1.87,1.00
2015.06.12 15:14:49.807,0.72408,0.72417,1.12,1.00
2015.06.12 15:14:50.335,0.72407,0.72418,1.87,1.87
2015.06.12 15:14:50.388,0.72407,0.72416,2.62,1.00
2015.06.12 15:14:50.693,0.72407,0.72414,1.50,2.25
2015.06.12 15:14:50.744,0.72405,0.72414,1.30,2.25
2015.06.12 15:14:51.364,0.72404,0.72412,1.87,1.00
2015.06.12 15:14:51.567,0.72402,0.7241,1.12,1.00
2015.06.12 15:14:51.872,0.724,0.72406,1.00,1.37
2015.06.12 15:14:52.286,0.72394,0.72403,1.12,1.00
2015.06.12 15:14:52.490,0.72391,0.72401,1.37,1.00
2015.06.12 15:14:53.105,0.72391,0.72402,1.37,1.50
2015.06.12 15:14:53.156,0.72391,0.72402,1.00,1.50
2015.06.12 15:14:53.564,0.72395,0.72402,1.00,1.00
2015.06.12 15:14:53.667,0.72395,0.72404,1.00,1.00
2015.06.12 15:14:53.871,0.72396,0.72406,1.87,1.87
2015.06.12 15:14:54.264,0.72397,0.72404,1.87,1.00
2015.06.12 15:14:54.777,0.72396,0.72403,1.00,1.00
2015.06.12 15:14:55.622,0.72396,0.72404,1.00,1.50
2015.06.12 15:14:55.724,0.72397,0.72407,1.00,3.37
2015.06.12 15:14:56.305,0.72398,0.72407,1.00,1.00
2015.06.12 15:14:56.561,0.72398,0.72407,1.87,1.00
2015.06.12 15:14:56.815,0.724,0.72409,1.87,3.37
2015.06.12 15:14:57.020,0.724,0.72407,1.00,1.00
2015.06.12 15:14:57.549,0.72399,0.72408,1.87,1.00
2015.06.12 15:14:58.057,0.72399,0.72409,1.00,2.25
2015.06.12 15:14:58.395,0.72402,0.72409,1.00,3.37
2015.06.12 15:14:58.600,0.72403,0.72409,1.00,1.00
2015.06.12 15:14:58.703,0.72401,0.72411,3.75,1.50
2015.06.12 15:14:58.906,0.72403,0.72413,1.00,1.50
2015.06.12 15:14:59.283,0.72407,0.72416,1.00,1.00
2015.06.12 15:14:59.594,0.72408,0.72417,1.37,1.00
2015.06.12 15:14:59.798,0.72408,0.72418,1.00,3.37
2015.06.12 15:15:00.387,0.72406,0.72414,1.50,1.00
2015.06.12 15:15:00.641,0.72404,0.72413,1.50,1.50
2015.06.12 15:15:00.896,0.72409,0.72416,1.00,1.00
2015.06.12 15:15:01.437,0.72406,0.72414,1.00,1.00
2015.06.12 15:15:01.642,0.72405,0.72416,1.50,1.00
2015.06.12 15:15:01.847,0.72407,0.72417,1.00,1.00
2015.06.12 15:15:02.228,0.72407,0.72415,1.00,1.00
2015.06.12 15:15:02.535,0.72408,0.72417,1.87,1.50
2015.06.12 15:15:02.588,0.7241,0.72417,1.00,1.50
2015.06.12 15:15:03.279,0.72405,0.72411,1.00,1.00
2015.06.12 15:15:03.331,0.72403,0.7241,1.50,1.00
2015.06.12 15:15:03.435,0.72401,0.7241,1.50,1.00
2015.06.12 15:15:03.995,0.72401,0.72411,1.00,1.00
2015.06.12 15:15:07.204,0.72404,0.72413,2.25,1.00
2015.06.12 15:15:07.510,0.72411,0.72418,1.50,1.00
2015.06.12 15:15:07.950,0.7241,0.72421,1.00,1.50
2015.06.12 15:15:08.002,0.72412,0.72421,1.00,1.50
2015.06.12 15:15:08.361,0.72413,0.72423,1.00,1.00
2015.06.12 15:15:08.412,0.72412,0.72421,1.00,1.00
2015.06.12 15:15:08.831,0.72409,0.72418,1.00,1.00
2015.06.12 15:15:08.933,0.72407,0.72417,1.00,1.00
2015.06.12 15:15:09.501,0.72409,0.72419,1.50,1.00
2015.06.12 15:15:09.942,0.7241,0.72416,1.00,1.00
2015.06.12 15:15:10.044,0.72407,0.72415,1.00,1.00
2015.06.12 15:15:10.248,0.72405,0.72414,1.00,1.00
2015.06.12 15:15:10.504,0.72406,0.72416,1.00,1.50
2015.06.12 15:15:10.937,0.72406,0.72414,1.00,1.00
2015.06.12 15:15:11.479,0.72405,0.72415,1.00,1.50
2015.06.12 15:15:12.072,0.72406,0.72416,1.00,1.00
2015.06.12 15:15:12.580,0.72406,0.72417,1.50,1.50
2015.06.12 15:15:13.088,0.72407,0.72417,1.50,1.00
2015.06.12 15:15:13.469,0.72413,0.72419,1.00,1.50
2015.06.12 15:15:13.674,0.72415,0.72423,1.00,1.00
2015.06.12 15:15:13.877,0.72415,0.72426,1.00,1.50
2015.06.12 15:15:13.929,0.72414,0.72423,1.50,1.00
2015.06.12 15:15:14.475,0.72413,0.72424,1.00,2.25
2015.06.12 15:15:14.782,0.72412,0.72421,1.50,1.00
2015.06.12 15:15:14.987,0.72407,0.72418,1.50,1.50
2015.06.12 15:15:15.612,0.72408,0.72419,1.00,2.25
2015.06.12 15:15:16.131,0.72409,0.72418,1.50,1.00
2015.06.12 15:15:16.656,0.72407,0.72416,1.50,1.50
2015.06.12 15:15:16.912,0.72407,0.72418,2.25,1.00
2015.06.12 15:15:17.269,0.72409,0.72418,1.00,1.50
2015.06.12 15:15:18.753,0.72409,0.72416,1.00,1.00
2015.06.12 15:15:18.855,0.72406,0.72414,1.00,1.00
2015.06.12 15:15:19.655,0.72406,0.72417,1.50,1.50
2015.06.12 15:15:20.688,0.72406,0.72415,2.25,1.00
2015.06.12 15:15:20.890,0.72406,0.72417,2.25,1.50
2015.06.12 15:15:20.992,0.72408,0.72417,1.00,1.50
2015.06.12 15:15:21.297,0.7241,0.72419,1.00,1.50
2015.06.12 15:15:21.700,0.72408,0.72417,1.00,1.00
2015.06.12 15:15:22.210,0.72407,0.72418,1.50,2.25
2015.06.12 15:15:22.638,0.72407,0.72416,1.50,1.00
2015.06.12 15:15:22.946,0.72407,0.72413,1.00,1.00
2015.06.12 15:15:22.997,0.72406,0.72415,2.25,1.00
2015.06.12 15:15:23.504,0.72407,0.72416,1.00,3.75
2015.06.12 15:15:24.037,0.72406,0.72415,2.25,1.00
2015.06.12 15:15:24.931,0.72404,0.72414,1.87,1.00
2015.06.12 15:15:25.642,0.72405,0.72414,1.00,1.00
2015.06.12 15:15:25.795,0.72404,0.72412,1.00,1.00
2015.06.12 15:15:26.062,0.72405,0.72414,1.00,1.00
2015.06.12 15:15:27.508,0.72405,0.72413,1.00,1.00
2015.06.12 15:15:27.611,0.72404,0.72411,1.00,1.00
2015.06.12 15:15:27.866,0.72401,0.7241,3.00,1.00
2015.06.12 15:15:28.273,0.72402,0.72412,1.00,1.50
2015.06.12 15:15:28.581,0.72401,0.7241,2.25,1.00
2015.06.12 15:15:28.683,0.72401,0.72412,1.50,2.25
2015.06.12 15:15:28.734,0.72403,0.72412,1.00,1.50
2015.06.12 15:15:28.836,0.72401,0.72412,2.25,1.50
2015.06.12 15:15:28.938,0.72401,0.7241,2.25,1.00
2015.06.12 15:15:29.372,0.72401,0.72407,1.00,1.00
2015.06.12 15:15:29.474,0.72401,0.7241,1.00,1.00
2015.06.12 15:15:29.677,0.72402,0.72412,1.00,1.00
2015.06.12 15:15:29.881,0.72404,0.72413,1.00,1.00
2015.06.12 15:15:30.384,0.72404,0.72412,1.00,1.00
2015.06.12 15:15:30.901,0.72404,0.72413,1.00,1.50
2015.06.12 15:15:32.051,0.72404,0.72414,1.50,2.25
2015.06.12 15:15:32.355,0.72405,0.72416,1.50,3.37
2015.06.12 15:15:32.883,0.72405,0.72415,2.25,1.00
2015.06.12 15:15:33.392,0.72408,0.72415,1.00,1.00
2015.06.12 15:15:33.443,0.72408,0.72417,1.50,2.25
2015.06.12 15:15:33.647,0.72409,0.72419,1.00,2.25
2015.06.12 15:15:33.850,0.72411,0.72419,1.00,1.50
2015.06.12 15:15:34.300,0.72409,0.7242,3.00,2.25
2015.06.12 15:15:35.711,0.72409,0.72419,1.00,1.00
2015.06.12 15:15:35.813,0.72408,0.72416,1.00,1.00
2015.06.12 15:15:36.320,0.72407,0.72416,1.50,1.50
2015.06.12 15:15:37.535,0.72406,0.72416,1.50,1.00
2015.06.12 15:15:38.121,0.72403,0.72412,2.25,1.50
2015.06.12 15:15:38.630,0.72402,0.72411,1.00,1.00
2015.06.12 15:15:39.363,0.72402,0.72412,1.50,2.25
2015.06.12 15:15:39.871,0.72403,0.72412,1.00,1.50
2015.06.12 15:15:40.441,0.72403,0.72413,1.00,3.00
