2015.12.30 21:00:01.542,0.73764,0.73775,0.75,1.87
2015.12.30 21:00:02.045,0.73763,0.73775,1.12,1.87
2015.12.30 21:00:02.894,0.73763,0.73776,1.12,0.75
2015.12.30 21:00:03.402,0.73762,0.73777,1.05,1.87
2015.12.30 21:00:03.605,0.73764,0.73777,0.37,2.62
2015.12.30 21:00:04.111,0.73765,0.73776,0.75,1.12
2015.12.30 21:00:04.366,0.73765,0.73779,0.75,0.75
2015.12.30 21:00:04.468,0.73765,0.73781,1.12,1.87
2015.12.30 21:00:04.621,0.73769,0.73781,0.37,1.12
2015.12.30 21:00:04.723,0.73767,0.73781,0.37,1.12
2015.12.30 21:00:05.266,0.73767,0.73782,0.75,1.87
2015.12.30 21:00:05.520,0.73767,0.7378,0.75,1.12
2015.12.30 21:00:06.131,0.73767,0.73779,0.75,0.75
2015.12.30 21:00:07.476,0.73767,0.73778,0.75,0.37
2015.12.30 21:00:08.459,0.73767,0.73779,0.75,1.50
2015.12.30 21:00:08.967,0.73767,0.73778,0.75,0.37
2015.12.30 21:00:10.044,0.73767,0.73777,0.75,0.37
2015.12.30 21:00:10.567,0.73767,0.73778,0.75,0.75
2015.12.30 21:00:11.468,0.73767,0.73776,0.75,0.37
2015.12.30 21:00:11.524,0.73765,0.73776,0.75,1.50
2015.12.30 21:00:12.429,0.73764,0.73776,1.12,1.12
2015.12.30 21:00:12.480,0.73764,0.73774,1.12,0.37
2015.12.30 21:00:13.020,0.73765,0.73774,0.37,0.37
2015.12.30 21:00:13.528,0.73765,0.73775,0.37,0.37
2015.12.30 21:00:14.138,0.73764,0.73775,1.12,0.37
2015.12.30 21:00:14.719,0.73765,0.73775,0.37,0.37
2015.12.30 21:00:15.238,0.73764,0.73775,1.12,0.37
2015.12.30 21:00:15.746,0.73764,0.73774,1.12,0.37
2015.12.30 21:00:16.459,0.73765,0.73774,0.37,0.37
2015.12.30 21:00:16.994,0.73764,0.73774,1.12,0.37
2015.12.30 21:00:17.502,0.73764,0.73772,0.37,1.12
2015.12.30 21:00:17.554,0.73762,0.73771,0.75,0.37
2015.12.30 21:00:17.605,0.73759,0.73771,0.37,1.87
2015.12.30 21:00:17.808,0.73757,0.7377,0.75,0.75
2015.12.30 21:00:18.340,0.73756,0.7377,0.75,1.50
2015.12.30 21:00:18.950,0.73755,0.7377,1.12,1.87
2015.12.30 21:00:20.107,0.73755,0.73769,1.12,0.37
2015.12.30 21:00:21.963,0.73756,0.73769,0.37,0.37
2015.12.30 21:00:22.491,0.73757,0.73769,0.37,0.37
2015.12.30 21:00:23.001,0.73756,0.73769,0.37,0.37
2015.12.30 21:00:23.547,0.73754,0.73769,1.50,0.37
2015.12.30 21:00:24.115,0.73754,0.7377,1.50,1.87
2015.12.30 21:00:27.386,0.73755,0.7377,0.75,1.50
2015.12.30 21:00:28.250,0.73754,0.73769,1.50,0.75
2015.12.30 21:00:28.605,0.73755,0.73767,0.75,0.75
2015.12.30 21:00:38.264,0.73755,0.73768,0.37,0.75
2015.12.30 21:00:39.187,0.73756,0.73768,0.37,0.75
2015.12.30 21:00:45.186,0.73756,0.73767,0.75,0.75
2015.12.30 21:00:45.863,0.73757,0.73767,0.37,0.75
2015.12.30 21:00:47.806,0.73756,0.73767,0.37,0.75
2015.12.30 21:00:50.579,0.73756,0.73768,0.37,0.75
2015.12.30 21:00:52.039,0.73756,0.73767,0.37,0.75
2015.12.30 21:00:54.389,0.73757,0.73767,0.37,0.75
2015.12.30 21:00:54.946,0.73756,0.73767,0.37,0.75
2015.12.30 21:00:55.461,0.73757,0.73767,0.37,0.75
2015.12.30 21:00:56.006,0.73756,0.73767,0.37,0.75
2015.12.30 21:01:00.580,0.73756,0.73765,0.37,0.37
2015.12.30 21:01:00.631,0.73754,0.73765,0.75,1.12
2015.12.30 21:01:01.167,0.73753,0.73765,0.75,1.12
2015.12.30 21:01:02.239,0.73752,0.73765,0.75,1.12
2015.12.30 21:01:02.742,0.73753,0.73765,0.75,1.12
2015.12.30 21:01:03.352,0.73753,0.73764,0.75,0.75
2015.12.30 21:01:03.657,0.73751,0.73764,1.50,0.75
2015.12.30 21:01:03.937,0.7375,0.73762,0.75,0.75
2015.12.30 21:01:04.447,0.73749,0.73763,1.12,0.75
2015.12.30 21:01:05.005,0.73749,0.73762,0.75,0.75
2015.12.30 21:01:05.801,0.73749,0.73763,0.75,0.75
2015.12.30 21:01:06.462,0.73749,0.73761,0.75,0.75
2015.12.30 21:01:06.766,0.73749,0.73763,1.12,0.75
2015.12.30 21:01:07.298,0.73749,0.73762,0.75,0.75
2015.12.30 21:01:07.806,0.73748,0.73762,1.50,1.50
2015.12.30 21:01:08.547,0.73748,0.73761,1.50,0.75
2015.12.30 21:01:10.065,0.73748,0.73762,1.50,1.50
2015.12.30 21:01:13.308,0.73748,0.7376,0.75,0.37
2015.12.30 21:01:13.512,0.73746,0.7376,1.12,0.37
2015.12.30 21:01:14.019,0.73745,0.7376,1.12,0.37
2015.12.30 21:01:14.530,0.73745,0.73759,0.37,0.75
2015.12.30 21:01:15.039,0.73746,0.73759,0.75,1.50
2015.12.30 21:01:17.540,0.73745,0.73759,1.87,0.75
2015.12.30 21:01:20.088,0.73745,0.73757,1.87,0.75
2015.12.30 21:01:20.392,0.7375,0.73759,0.37,0.75
2015.12.30 21:01:20.900,0.7375,0.7376,0.37,0.75
2015.12.30 21:01:21.509,0.73751,0.73762,0.75,0.37
2015.12.30 21:01:21.747,0.73753,0.73762,0.37,0.37
2015.12.30 21:01:22.266,0.73752,0.73762,1.12,0.37
2015.12.30 21:01:22.773,0.73752,0.73763,1.12,0.37
2015.12.30 21:01:29.977,0.73753,0.73763,0.75,0.37
2015.12.30 21:01:30.489,0.73754,0.73763,0.75,0.37
2015.12.30 21:01:32.598,0.73754,0.73764,0.75,0.37
2015.12.30 21:01:35.990,0.73754,0.73765,0.75,0.37
2015.12.30 21:01:38.293,0.73754,0.73764,0.75,0.37
2015.12.30 21:01:40.209,0.73754,0.73765,0.75,0.37
2015.12.30 21:01:40.718,0.73753,0.73764,0.75,0.75
2015.12.30 21:01:41.228,0.73753,0.73763,0.75,0.37
2015.12.30 21:01:41.777,0.73754,0.73763,0.75,0.37
2015.12.30 21:01:45.430,0.73754,0.73764,0.75,1.12
2015.12.30 21:01:46.730,0.73754,0.73763,0.75,0.37
2015.12.30 21:01:50.207,0.73753,0.73763,0.75,0.37
2015.12.30 21:01:51.727,0.73753,0.73764,0.75,1.12
2015.12.30 21:01:52.856,0.73753,0.73763,0.75,0.37
2015.12.30 21:01:59.020,0.73753,0.73764,0.75,0.75
2015.12.30 21:02:05.179,0.73753,0.73765,0.75,1.87
2015.12.30 21:02:06.731,0.73754,0.73765,0.75,1.87
2015.12.30 21:02:07.287,0.73754,0.73764,0.75,0.37
2015.12.30 21:02:14.469,0.73754,0.73765,0.75,1.87
2015.12.30 21:02:16.180,0.73754,0.73764,0.75,0.37
2015.12.30 21:02:17.636,0.73751,0.73763,1.50,0.75
2015.12.30 21:02:18.467,0.73752,0.73763,0.75,0.37
2015.12.30 21:02:19.740,0.73752,0.73765,1.50,1.87
2015.12.30 21:02:22.911,0.73753,0.73765,0.75,1.50
2015.12.30 21:02:23.450,0.73754,0.73765,0.75,1.50
2015.12.30 21:02:24.001,0.73757,0.73767,0.75,0.37
2015.12.30 21:02:25.329,0.73756,0.73767,0.75,0.37
2015.12.30 21:02:29.817,0.73756,0.73766,0.37,0.37
2015.12.30 21:02:30.408,0.73755,0.73766,0.75,0.37
2015.12.30 21:02:30.917,0.73756,0.73766,0.75,0.37
2015.12.30 21:02:31.282,0.73758,0.73766,1.87,0.37
2015.12.30 21:02:31.537,0.73758,0.73768,0.75,0.37
2015.12.30 21:02:31.588,0.73759,0.7377,0.37,2.25
2015.12.30 21:02:35.016,0.7376,0.73769,1.12,0.37
2015.12.30 21:02:35.559,0.73759,0.7377,0.37,1.50
2015.12.30 21:02:36.321,0.7376,0.7377,0.37,0.75
2015.12.30 21:02:36.829,0.73759,0.7377,0.37,1.87
2015.12.30 21:02:38.748,0.73759,0.73769,0.37,0.37
2015.12.30 21:02:39.290,0.7376,0.73769,0.37,0.37
2015.12.30 21:02:44.142,0.73759,0.73769,0.75,0.37
2015.12.30 21:02:44.411,0.73761,0.73769,0.75,0.37
2015.12.30 21:02:45.140,0.73761,0.7377,0.75,1.50
2015.12.30 21:02:46.057,0.7376,0.7377,0.75,1.50
2015.12.30 21:02:55.847,0.73761,0.7377,0.37,1.50
2015.12.30 21:02:56.375,0.7376,0.7377,0.75,1.50
2015.12.30 21:02:57.238,0.73761,0.7377,0.37,1.50
2015.12.30 21:02:57.783,0.7376,0.7377,0.75,1.50
2015.12.30 21:03:00.147,0.73761,0.7377,0.37,1.87
2015.12.30 21:03:00.695,0.7376,0.7377,0.75,1.87
2015.12.30 21:03:01.950,0.73761,0.7377,0.37,1.87
2015.12.30 21:03:02.452,0.7376,0.7377,0.75,1.87
2015.12.30 21:03:03.954,0.73761,0.7377,0.37,1.87
2015.12.30 21:03:04.463,0.7376,0.7377,0.75,1.87
2015.12.30 21:03:05.014,0.73761,0.7377,0.37,1.87
2015.12.30 21:03:05.521,0.7376,0.7377,0.75,0.37
2015.12.30 21:03:06.076,0.73761,0.7377,0.37,0.37
2015.12.30 21:03:06.608,0.7376,0.73771,0.75,0.37
2015.12.30 21:03:07.271,0.73761,0.73771,0.37,0.37
2015.12.30 21:03:07.963,0.7376,0.73771,0.75,0.37
2015.12.30 21:03:08.477,0.7376,0.7377,0.37,0.37
2015.12.30 21:03:10.268,0.73761,0.7377,0.37,0.37
2015.12.30 21:03:10.319,0.73761,0.73772,0.37,1.50
2015.12.30 21:03:10.827,0.7376,0.73772,2.25,1.12
2015.12.30 21:03:11.338,0.73761,0.73772,0.37,1.12
2015.12.30 21:03:12.090,0.7376,0.73773,2.25,2.25
2015.12.30 21:03:12.598,0.7376,0.73772,1.87,0.75
2015.12.30 21:03:13.156,0.73761,0.73772,0.37,1.50
2015.12.30 21:03:13.796,0.7376,0.73772,1.87,0.75
2015.12.30 21:03:14.303,0.73761,0.73772,0.37,1.50
2015.12.30 21:03:14.810,0.7376,0.73772,1.87,0.75
2015.12.30 21:03:15.317,0.7376,0.73771,2.25,0.37
2015.12.30 21:03:15.820,0.7376,0.73772,2.25,0.37
2015.12.30 21:03:16.710,0.73761,0.73772,0.75,0.75
2015.12.30 21:03:17.218,0.7376,0.73772,2.25,0.37
2015.12.30 21:03:18.221,0.73761,0.73772,0.75,0.37
2015.12.30 21:03:18.729,0.7376,0.73771,2.25,0.37
2015.12.30 21:03:19.476,0.7376,0.73772,1.87,0.75
2015.12.30 21:03:19.984,0.73761,0.73772,0.75,0.37
2015.12.30 21:03:20.492,0.7376,0.73772,2.62,0.75
2015.12.30 21:03:22.364,0.7376,0.73771,3.00,0.37
2015.12.30 21:03:23.076,0.7376,0.73772,1.87,0.75
2015.12.30 21:03:23.697,0.7376,0.73771,2.25,0.37
2015.12.30 21:03:24.237,0.7376,0.73772,1.87,0.75
2015.12.30 21:03:24.745,0.7376,0.73771,2.25,0.37
2015.12.30 21:03:25.438,0.7376,0.7377,1.12,0.37
2015.12.30 21:03:28.054,0.7376,0.73772,2.62,0.75
2015.12.30 21:03:28.309,0.73763,0.73773,0.37,0.37
2015.12.30 21:03:28.817,0.73763,0.73774,0.37,0.37
2015.12.30 21:03:29.401,0.73763,0.73775,1.12,1.50
2015.12.30 21:03:30.113,0.73763,0.73774,1.12,0.75
2015.12.30 21:03:32.422,0.73763,0.73773,0.37,0.37
2015.12.30 21:03:33.458,0.73763,0.73772,0.37,0.37
2015.12.30 21:03:33.561,0.7376,0.73772,2.62,0.37
2015.12.30 21:03:34.070,0.73761,0.73772,0.75,1.87
2015.12.30 21:03:34.528,0.73761,0.7377,0.75,0.37
2015.12.30 21:03:35.079,0.7376,0.73771,1.12,0.37
2015.12.30 21:03:35.639,0.7376,0.7377,0.37,0.37
2015.12.30 21:03:36.630,0.73759,0.7377,0.75,0.37
2015.12.30 21:03:37.594,0.73759,0.73769,0.75,0.37
2015.12.30 21:03:38.478,0.73759,0.7377,0.75,0.75
2015.12.30 21:03:39.905,0.73759,0.73769,0.75,0.37
2015.12.30 21:03:40.450,0.73759,0.7377,0.75,0.75
2015.12.30 21:03:40.965,0.73759,0.73769,0.75,0.37
2015.12.30 21:03:47.486,0.7376,0.73769,0.75,0.37
2015.12.30 21:03:48.837,0.73759,0.73769,1.50,0.37
2015.12.30 21:03:50.168,0.7376,0.73769,0.75,0.37
2015.12.30 21:03:50.676,0.73759,0.73769,1.50,0.37
2015.12.30 21:03:51.199,0.73759,0.7377,1.50,1.12
2015.12.30 21:03:51.709,0.73759,0.73769,1.50,0.37
2015.12.30 21:03:52.455,0.73759,0.7377,1.50,0.75
2015.12.30 21:03:53.519,0.73759,0.73769,1.50,0.37
2015.12.30 21:03:53.774,0.73757,0.73769,0.75,0.37
2015.12.30 21:03:56.240,0.73758,0.73769,0.75,0.75
2015.12.30 21:03:56.648,0.73758,0.73771,0.75,1.12
2015.12.30 21:03:57.371,0.73757,0.73771,1.50,1.50
2015.12.30 21:03:57.879,0.73758,0.73771,0.75,1.12
2015.12.30 21:03:58.414,0.73758,0.7377,0.75,0.37
2015.12.30 21:03:58.921,0.73758,0.73771,0.75,1.12
2015.12.30 21:04:00.533,0.73758,0.7377,0.75,0.37
2015.12.30 21:04:01.041,0.73758,0.73771,0.75,1.50
2015.12.30 21:04:01.547,0.73758,0.7377,0.75,0.37
2015.12.30 21:04:02.082,0.73758,0.73769,0.75,0.37
2015.12.30 21:04:03.695,0.73759,0.73771,1.00,2.25
2015.12.30 21:04:03.849,0.73759,0.73772,1.00,2.25
2015.12.30 21:04:04.070,0.73757,0.73772,1.50,2.25
2015.12.30 21:04:11.570,0.73759,0.73771,1.00,1.87
2015.12.30 21:04:17.285,0.73759,0.73771,1.00,1.50
2015.12.30 21:04:17.590,0.73761,0.73772,1.00,1.50
2015.12.30 21:04:17.896,0.73762,0.73774,1.00,1.00
2015.12.30 21:04:34.750,0.73762,0.73775,1.00,1.12
2015.12.30 21:04:35.422,0.73762,0.73774,1.00,1.00
2015.12.30 21:04:36.041,0.73762,0.73775,1.00,1.00
2015.12.30 21:04:37.313,0.73762,0.73775,1.00,1.37
2015.12.30 21:04:37.987,0.73762,0.73775,1.00,1.00
2015.12.30 21:04:41.446,0.73762,0.73775,1.00,1.37
2015.12.30 21:04:41.700,0.73764,0.73776,1.00,1.50
2015.12.30 21:04:42.747,0.73764,0.73776,1.00,1.12
2015.12.30 21:04:43.284,0.73764,0.73775,1.00,1.00
2015.12.30 21:04:47.348,0.73764,0.73775,1.00,1.37
2015.12.30 21:04:48.524,0.73764,0.73775,1.00,1.12
2015.12.30 21:05:04.512,0.73762,0.73776,1.12,2.25
2015.12.30 21:05:08.470,0.73763,0.73776,1.00,2.25
2015.12.30 21:05:10.993,0.73764,0.73776,1.00,1.87
2015.12.30 21:05:14.000,0.73764,0.73775,1.00,1.37
2015.12.30 21:05:15.505,0.73764,0.73776,1.00,1.87
2015.12.30 21:05:16.013,0.73765,0.73776,1.00,1.87
2015.12.30 21:05:18.504,0.73765,0.73775,1.00,1.37
2015.12.30 21:05:19.069,0.73765,0.73776,1.00,1.87
2015.12.30 21:05:24.917,0.73766,0.73776,1.00,1.87
2015.12.30 21:05:29.441,0.73766,0.73781,1.50,1.00
2015.12.30 21:05:30.016,0.73766,0.73782,1.50,1.50
2015.12.30 21:05:30.554,0.73767,0.73782,1.00,1.12
2015.12.30 21:05:31.910,0.73768,0.73782,1.00,1.50
2015.12.30 21:05:32.460,0.73767,0.73782,1.00,1.50
2015.12.30 21:05:33.163,0.73767,0.73782,1.00,1.50
2015.12.30 21:05:34.228,0.73769,0.73783,1.00,1.00
2015.12.30 21:05:34.533,0.73772,0.73785,1.12,1.37
2015.12.30 21:05:34.635,0.73772,0.73785,1.00,1.00
2015.12.30 21:05:35.141,0.73773,0.73786,1.00,2.25
2015.12.30 21:05:39.977,0.73773,0.73787,1.00,2.25
2015.12.30 21:05:42.465,0.73773,0.73786,1.50,1.50
2015.12.30 21:05:42.996,0.73774,0.73787,1.50,3.00
2015.12.30 21:05:43.352,0.73775,0.73788,1.00,1.87
2015.12.30 21:05:43.759,0.73776,0.7379,1.00,1.00
2015.12.30 21:05:44.538,0.73776,0.73789,1.50,1.00
2015.12.30 21:05:45.046,0.73777,0.7379,1.00,1.00
2015.12.30 21:05:46.463,0.73778,0.73792,1.00,1.50
2015.12.30 21:05:47.480,0.73778,0.73792,1.00,1.50
2015.12.30 21:05:48.431,0.73778,0.73792,1.00,1.50
2015.12.30 21:05:48.941,0.73778,0.73792,1.00,1.50
2015.12.30 21:05:49.348,0.73778,0.73791,1.00,1.37
2015.12.30 21:05:49.604,0.73776,0.73791,1.00,1.87
2015.12.30 21:05:50.492,0.73776,0.73791,1.00,2.25
2015.12.30 21:05:54.105,0.73776,0.73791,1.00,2.25
2015.12.30 21:05:54.616,0.73776,0.73791,1.00,2.25
2015.12.30 21:05:55.126,0.73776,0.73791,1.00,2.25
2015.12.30 21:05:57.795,0.73776,0.73791,1.00,2.25
2015.12.30 21:05:57.897,0.73776,0.7379,1.00,1.50
2015.12.30 21:05:58.193,0.73774,0.73788,1.00,1.00
2015.12.30 21:05:59.987,0.73774,0.73789,1.00,1.50
2015.12.30 21:06:01.986,0.73774,0.73789,1.00,1.87
2015.12.30 21:06:02.999,0.73774,0.73789,1.00,1.50
2015.12.30 21:06:04.981,0.73772,0.73789,3.00,1.00
2015.12.30 21:06:05.538,0.73774,0.73789,1.00,1.00
2015.12.30 21:06:06.077,0.73774,0.73788,1.12,1.00
2015.12.30 21:06:06.612,0.73775,0.73789,1.00,1.00
2015.12.30 21:06:13.052,0.73776,0.7379,1.00,1.37
2015.12.30 21:06:13.712,0.73776,0.7379,1.00,1.00
2015.12.30 21:06:14.258,0.73777,0.7379,1.00,1.00
2015.12.30 21:06:14.309,0.73777,0.73792,1.00,2.25
2015.12.30 21:06:14.818,0.73777,0.73792,3.37,1.00
2015.12.30 21:06:15.326,0.73777,0.73793,2.62,1.87
2015.12.30 21:06:17.215,0.73778,0.73792,1.12,1.00
2015.12.30 21:06:17.917,0.73778,0.73793,1.12,1.87
2015.12.30 21:06:18.521,0.73777,0.73792,2.25,1.00
2015.12.30 21:06:19.334,0.73777,0.73793,2.25,1.87
2015.12.30 21:06:20.515,0.73778,0.73793,1.12,3.00
2015.12.30 21:06:23.783,0.73777,0.73793,2.25,2.25
2015.12.30 21:06:24.649,0.73777,0.73793,2.25,2.25
2015.12.30 21:06:26.223,0.73777,0.73793,2.25,2.25
2015.12.30 21:06:27.104,0.73778,0.73793,1.00,2.25
2015.12.30 21:06:36.149,0.73778,0.73795,1.12,1.50
2015.12.30 21:06:39.331,0.73778,0.73795,1.87,1.50
2015.12.30 21:06:39.867,0.73778,0.73795,1.12,1.12
2015.12.30 21:06:46.954,0.73778,0.73795,1.50,1.37
2015.12.30 21:06:47.766,0.73777,0.73794,2.25,1.37
2015.12.30 21:06:48.790,0.73777,0.73794,1.50,1.37
2015.12.30 21:06:50.369,0.73778,0.73794,1.00,1.37
2015.12.30 21:06:50.943,0.73778,0.73794,1.00,1.37
2015.12.30 21:06:51.957,0.73777,0.73794,1.37,1.12
2015.12.30 21:06:54.480,0.73777,0.73794,1.37,1.37
2015.12.30 21:06:54.987,0.73777,0.73794,1.50,1.00
2015.12.30 21:06:58.068,0.73777,0.73794,2.25,1.12
2015.12.30 21:06:58.578,0.73778,0.73794,1.00,1.12
2015.12.30 21:07:00.684,0.73778,0.73794,1.37,1.12
2015.12.30 21:07:01.242,0.73777,0.73794,2.25,1.12
2015.12.30 21:07:02.182,0.73777,0.73794,2.25,1.37
2015.12.30 21:07:05.073,0.73778,0.73794,1.00,1.37
2015.12.30 21:07:08.469,0.73778,0.73794,1.00,1.37
2015.12.30 21:07:10.109,0.73777,0.73794,2.25,1.37
2015.12.30 21:07:38.852,0.73779,0.73794,1.12,2.62
2015.12.30 21:07:41.153,0.73779,0.73794,1.12,2.62
2015.12.30 21:07:52.914,0.7378,0.73793,1.00,1.37
2015.12.30 21:07:59.521,0.73778,0.73793,1.50,1.37
2015.12.30 21:08:06.400,0.73778,0.73794,1.12,2.62
2015.12.30 21:08:07.436,0.73778,0.73794,1.87,2.62
2015.12.30 21:08:08.621,0.73778,0.73794,1.12,2.62
2015.12.30 21:08:09.199,0.73778,0.73794,1.87,2.62
2015.12.30 21:08:12.058,0.73778,0.73794,1.12,2.62
2015.12.30 21:08:13.081,0.73778,0.73794,1.50,2.62
2015.12.30 21:08:15.350,0.73778,0.73793,2.25,1.37
2015.12.30 21:08:17.928,0.73778,0.73793,1.37,1.00
2015.12.30 21:08:18.435,0.73777,0.73793,1.87,1.00
2015.12.30 21:08:18.955,0.73777,0.73792,1.87,1.00
2015.12.30 21:08:21.488,0.73778,0.73792,1.37,1.50
2015.12.30 21:08:21.995,0.73777,0.73792,2.25,1.50
2015.12.30 21:08:22.502,0.73777,0.73792,1.12,1.87
2015.12.30 21:08:23.009,0.73777,0.73792,1.50,1.87
2015.12.30 21:08:23.563,0.73777,0.73792,1.12,1.00
2015.12.30 21:08:24.158,0.73777,0.73792,1.37,1.00
2015.12.30 21:08:24.954,0.73777,0.73792,1.12,1.50
2015.12.30 21:08:25.593,0.73777,0.73792,1.50,2.25
2015.12.30 21:08:27.111,0.73777,0.73792,1.87,2.62
2015.12.30 21:08:28.421,0.73776,0.7379,1.12,1.37
2015.12.30 21:08:29.817,0.73776,0.73789,1.37,1.12
2015.12.30 21:08:30.978,0.73775,0.73789,1.87,1.12
2015.12.30 21:08:32.177,0.73776,0.73789,1.37,1.00
2015.12.30 21:08:32.884,0.73775,0.73789,1.12,1.00
2015.12.30 21:08:33.283,0.73778,0.7379,1.00,1.12
2015.12.30 21:08:33.590,0.73779,0.73795,1.12,1.87
2015.12.30 21:08:34.098,0.73779,0.73795,1.50,1.37
2015.12.30 21:08:34.625,0.73779,0.73795,1.50,1.37
2015.12.30 21:08:34.843,0.73779,0.73795,1.50,1.00
2015.12.30 21:08:35.350,0.73779,0.73796,1.12,2.25
2015.12.30 21:08:35.881,0.7378,0.73796,1.00,1.50
2015.12.30 21:08:36.388,0.7378,0.73795,1.12,1.50
2015.12.30 21:08:37.185,0.7378,0.73795,1.50,1.50
2015.12.30 21:08:37.789,0.7378,0.73795,2.62,1.00
2015.12.30 21:08:39.210,0.73781,0.73795,1.00,1.00
2015.12.30 21:08:40.245,0.73781,0.73794,1.00,1.00
2015.12.30 21:08:46.043,0.73782,0.73794,1.00,1.12
2015.12.30 21:08:51.301,0.73781,0.73794,1.00,1.00
2015.12.30 21:08:51.827,0.7378,0.73793,2.25,1.12
2015.12.30 21:08:52.336,0.7378,0.73793,1.50,1.12
2015.12.30 21:08:53.391,0.73781,0.73793,1.00,1.00
2015.12.30 21:08:53.906,0.7378,0.73793,1.12,1.00
2015.12.30 21:08:54.455,0.7378,0.73793,1.37,1.00
2015.12.30 21:08:55.115,0.73781,0.73793,1.37,1.00
2015.12.30 21:08:55.659,0.7378,0.73793,1.37,1.00
2015.12.30 21:08:56.731,0.73781,0.73793,1.37,1.00
2015.12.30 21:08:58.619,0.7378,0.73793,1.37,1.00
2015.12.30 21:09:00.852,0.73781,0.73793,1.37,1.12
2015.12.30 21:09:02.643,0.7378,0.73793,1.37,1.12
2015.12.30 21:09:06.239,0.73781,0.73793,1.37,1.12
2015.12.30 21:09:06.744,0.7378,0.73793,1.37,1.12
2015.12.30 21:09:07.173,0.73778,0.73794,1.12,2.25
2015.12.30 21:09:09.998,0.73778,0.73792,1.00,1.00
2015.12.30 21:09:10.574,0.73778,0.73793,1.00,1.12
2015.12.30 21:09:17.073,0.7378,0.73793,1.00,2.62
2015.12.30 21:09:17.712,0.7378,0.73793,1.00,2.62
2015.12.30 21:09:19.960,0.7378,0.73793,1.00,2.62
2015.12.30 21:09:21.129,0.7378,0.73792,1.00,1.00
2015.12.30 21:09:22.655,0.73779,0.73792,1.00,1.12
2015.12.30 21:09:26.015,0.73779,0.73793,1.12,1.00
2015.12.30 21:09:29.137,0.73779,0.73793,1.00,1.87
2015.12.30 21:09:30.244,0.73779,0.73793,1.00,1.12
2015.12.30 21:09:30.745,0.73779,0.73793,1.00,2.62
2015.12.30 21:09:31.050,0.73778,0.73789,1.00,1.00
2015.12.30 21:09:31.152,0.73776,0.73788,1.00,1.00
2015.12.30 21:09:32.750,0.73775,0.73788,1.12,1.00
2015.12.30 21:09:33.612,0.73776,0.73788,1.37,1.00
2015.12.30 21:09:34.120,0.73775,0.73788,1.87,1.00
2015.12.30 21:09:34.643,0.73776,0.73788,1.37,1.00
2015.12.30 21:09:35.146,0.73775,0.73788,2.25,1.00
2015.12.30 21:09:35.806,0.73774,0.73788,2.62,1.00
2015.12.30 21:09:36.990,0.73774,0.73786,1.00,1.00
2015.12.30 21:09:37.297,0.73771,0.73784,1.75,1.00
2015.12.30 21:09:37.808,0.7377,0.73784,2.25,1.00
2015.12.30 21:09:38.809,0.73771,0.73784,1.50,1.00
2015.12.30 21:09:39.328,0.73771,0.73784,1.00,1.00
2015.12.30 21:09:40.309,0.73771,0.73784,1.50,1.00
2015.12.30 21:09:41.078,0.73771,0.73784,1.00,1.00
2015.12.30 21:09:41.607,0.73771,0.73784,1.50,1.00
2015.12.30 21:09:43.024,0.73772,0.73785,1.50,1.00
2015.12.30 21:09:43.790,0.73772,0.73785,1.00,1.00
2015.12.30 21:09:49.263,0.73772,0.73785,1.12,1.37
2015.12.30 21:09:50.099,0.73772,0.73785,1.87,1.37
2015.12.30 21:09:50.643,0.73772,0.73785,1.00,1.37
2015.12.30 21:09:51.404,0.73772,0.73786,1.87,1.12
2015.12.30 21:09:52.577,0.73773,0.73786,1.00,2.25
2015.12.30 21:09:53.115,0.73771,0.73786,1.87,1.37
2015.12.30 21:09:58.318,0.73772,0.73784,1.12,1.00
2015.12.30 21:10:00.835,0.7377,0.73784,2.25,1.00
2015.12.30 21:10:01.495,0.7377,0.73783,2.25,1.00
2015.12.30 21:10:03.626,0.7377,0.73784,1.12,1.00
2015.12.30 21:10:04.215,0.73769,0.73784,1.00,1.00
2015.12.30 21:10:09.340,0.73769,0.73784,1.37,1.12
2015.12.30 21:10:09.893,0.7377,0.73783,1.00,1.00
2015.12.30 21:10:09.945,0.73767,0.73783,2.25,1.00
2015.12.30 21:10:10.460,0.73767,0.73781,1.37,1.00
2015.12.30 21:10:10.981,0.73766,0.73781,2.25,1.12
2015.12.30 21:10:11.489,0.73766,0.73781,1.87,1.00
2015.12.30 21:10:12.152,0.73766,0.73781,2.62,1.12
2015.12.30 21:10:12.855,0.73766,0.73781,1.87,1.00
2015.12.30 21:10:13.767,0.73766,0.73781,2.62,1.12
2015.12.30 21:10:14.293,0.73766,0.73781,1.87,1.12
2015.12.30 21:10:16.665,0.73766,0.73781,2.62,1.12
2015.12.30 21:10:17.198,0.73766,0.73781,1.87,1.00
2015.12.30 21:10:21.728,0.73766,0.73781,1.50,1.37
2015.12.30 21:10:23.272,0.73764,0.7378,1.75,1.00
2015.12.30 21:10:24.240,0.73764,0.73781,1.00,3.00
2015.12.30 21:10:27.018,0.73763,0.73781,1.87,4.50
2015.12.30 21:10:29.896,0.73763,0.73779,1.87,1.00
2015.12.30 21:10:30.152,0.73762,0.73778,1.50,1.37
2015.12.30 21:10:30.459,0.73762,0.73775,1.50,1.00
2015.12.30 21:10:32.276,0.73762,0.73776,1.00,1.50
2015.12.30 21:10:32.893,0.73762,0.73776,1.00,2.25
2015.12.30 21:10:33.434,0.73759,0.73776,1.12,2.25
2015.12.30 21:10:34.171,0.73758,0.73776,3.00,1.00
2015.12.30 21:10:34.678,0.73759,0.73776,1.12,1.50
2015.12.30 21:10:39.141,0.73759,0.73776,1.75,2.25
2015.12.30 21:10:42.022,0.7376,0.73775,1.00,1.12
2015.12.30 21:10:42.378,0.73758,0.73773,1.50,1.12
2015.12.30 21:10:42.738,0.73762,0.73773,1.00,1.12
2015.12.30 21:10:43.248,0.73761,0.73773,1.00,1.00
2015.12.30 21:10:45.365,0.7376,0.73773,1.00,1.00
2015.12.30 21:10:46.019,0.73762,0.73776,3.00,1.00
2015.12.30 21:10:46.532,0.73763,0.73777,1.00,1.00
2015.12.30 21:10:47.090,0.73763,0.73776,1.50,1.00
2015.12.30 21:10:47.580,0.73763,0.73778,1.50,1.50
2015.12.30 21:10:48.852,0.73763,0.73776,1.50,1.00
2015.12.30 21:10:49.247,0.73765,0.73776,1.00,1.00
2015.12.30 21:10:49.551,0.73765,0.73778,1.12,1.50
2015.12.30 21:10:50.206,0.73765,0.73779,1.50,1.12
2015.12.30 21:10:50.792,0.73765,0.73778,1.00,1.00
2015.12.30 21:10:51.468,0.73765,0.73779,1.00,1.00
2015.12.30 21:10:51.621,0.73767,0.73779,1.37,1.00
2015.12.30 21:10:51.672,0.73768,0.73781,1.12,1.50
2015.12.30 21:10:52.171,0.7377,0.73782,1.00,1.50
2015.12.30 21:10:52.680,0.73769,0.73782,1.00,1.00
2015.12.30 21:10:55.040,0.7377,0.73782,1.00,1.00
2015.12.30 21:10:55.549,0.73769,0.73783,1.12,1.00
2015.12.30 21:10:56.093,0.7377,0.73783,1.00,1.00
2015.12.30 21:10:56.615,0.7377,0.73784,1.00,1.50
2015.12.30 21:10:59.376,0.7377,0.73783,1.12,1.00
2015.12.30 21:11:00.978,0.7377,0.73784,1.00,2.62
2015.12.30 21:11:01.486,0.73768,0.73783,1.50,1.00
2015.12.30 21:11:01.995,0.73768,0.73784,1.37,1.12
2015.12.30 21:11:02.687,0.73768,0.73784,1.00,2.25
2015.12.30 21:11:02.992,0.73768,0.73782,1.00,1.37
2015.12.30 21:11:03.906,0.73768,0.73783,1.00,1.87
2015.12.30 21:11:04.521,0.7377,0.73782,1.00,1.00
2015.12.30 21:11:04.826,0.73768,0.73782,1.00,1.50
2015.12.30 21:11:05.336,0.73767,0.73781,1.12,1.37
2015.12.30 21:11:07.006,0.73767,0.73782,1.12,3.75
2015.12.30 21:11:10.400,0.73766,0.73781,1.12,1.00
2015.12.30 21:11:10.705,0.73766,0.73778,1.50,1.00
2015.12.30 21:11:11.007,0.73763,0.73778,2.62,1.00
2015.12.30 21:11:11.515,0.73764,0.73778,1.50,1.87
2015.12.30 21:11:11.668,0.73767,0.73778,1.00,1.12
2015.12.30 21:11:12.175,0.73766,0.73778,1.00,1.12
2015.12.30 21:11:13.003,0.73768,0.73779,1.00,2.25
2015.12.30 21:11:13.513,0.73768,0.7378,1.00,1.00
2015.12.30 21:11:20.533,0.73768,0.73779,1.00,1.00
2015.12.30 21:11:21.080,0.73768,0.7378,1.00,1.00
2015.12.30 21:11:22.793,0.73767,0.7378,1.00,1.12
2015.12.30 21:11:25.189,0.73768,0.7378,1.00,1.12
2015.12.30 21:11:26.426,0.73769,0.7378,1.00,1.00
2015.12.30 21:11:27.122,0.73769,0.73781,1.00,1.87
2015.12.30 21:11:28.369,0.7377,0.73781,1.00,1.00
2015.12.30 21:11:30.375,0.7377,0.73781,1.00,1.37
2015.12.30 21:11:31.467,0.7377,0.73781,1.00,1.12
2015.12.30 21:11:31.981,0.7377,0.73782,1.00,1.00
2015.12.30 21:11:32.598,0.7377,0.73782,1.00,1.50
2015.12.30 21:11:33.105,0.7377,0.73783,1.00,3.75
2015.12.30 21:11:35.079,0.7377,0.73782,1.00,1.50
2015.12.30 21:11:35.588,0.7377,0.73782,1.00,1.00
2015.12.30 21:11:36.906,0.7377,0.73782,1.00,1.50
2015.12.30 21:11:37.463,0.73771,0.73783,1.00,3.75
2015.12.30 21:11:39.467,0.73771,0.73781,1.00,1.37
2015.12.30 21:11:39.974,0.7377,0.7378,1.00,1.00
2015.12.30 21:11:40.490,0.73769,0.7378,1.00,1.00
2015.12.30 21:11:42.498,0.73772,0.73782,1.00,3.00
2015.12.30 21:11:43.007,0.73771,0.73783,1.00,4.50
2015.12.30 21:11:43.161,0.73771,0.73783,1.00,4.50
2015.12.30 21:11:44.139,0.73771,0.73782,1.00,1.00
2015.12.30 21:11:44.646,0.73771,0.73782,1.00,1.37
2015.12.30 21:11:45.154,0.73771,0.73783,1.00,3.75
2015.12.30 21:11:45.671,0.73771,0.73783,1.00,3.75
2015.12.30 21:11:47.686,0.7377,0.73781,1.00,1.00
2015.12.30 21:11:48.199,0.7377,0.73782,1.00,1.00
2015.12.30 21:11:48.352,0.73772,0.73782,1.00,1.50
2015.12.30 21:11:53.972,0.73772,0.73782,1.00,1.12
2015.12.30 21:11:54.514,0.7377,0.73782,1.00,1.12
2015.12.30 21:12:03.299,0.7377,0.73782,1.00,2.62
2015.12.30 21:12:05.085,0.7377,0.73782,1.00,2.62
2015.12.30 21:12:07.124,0.7377,0.73782,1.00,3.75
2015.12.30 21:12:08.355,0.73769,0.73782,1.00,1.87
2015.12.30 21:12:09.115,0.73769,0.73782,1.00,1.87
2015.12.30 21:12:14.228,0.73769,0.73781,1.00,1.00
2015.12.30 21:12:14.729,0.73769,0.73782,1.00,1.87
2015.12.30 21:12:19.045,0.73769,0.73782,1.00,2.25
2015.12.30 21:12:19.577,0.73769,0.73782,1.00,1.50
2015.12.30 21:12:20.085,0.73769,0.73782,1.00,2.25
2015.12.30 21:12:20.588,0.73768,0.73782,1.12,2.25
2015.12.30 21:12:21.613,0.73768,0.73782,1.12,2.25
2015.12.30 21:12:22.337,0.73769,0.73782,1.00,3.00
2015.12.30 21:12:22.877,0.73769,0.73782,1.00,2.25
2015.12.30 21:12:30.874,0.73769,0.73782,1.00,1.00
2015.12.30 21:12:31.383,0.73769,0.73782,1.00,1.50
2015.12.30 21:12:31.926,0.73769,0.73782,1.00,1.00
2015.12.30 21:12:43.076,0.73769,0.73782,1.00,1.50
2015.12.30 21:12:43.623,0.73769,0.73782,1.00,1.00
2015.12.30 21:12:44.881,0.73769,0.73782,1.00,1.50
2015.12.30 21:12:45.431,0.73769,0.73782,1.00,1.00
2015.12.30 21:12:55.297,0.73769,0.73782,1.00,1.50
2015.12.30 21:12:58.005,0.73769,0.73782,1.00,1.00
2015.12.30 21:13:00.202,0.73769,0.73783,1.00,3.00
2015.12.30 21:13:01.028,0.7377,0.73783,1.00,3.00
2015.12.30 21:13:01.333,0.7377,0.73783,1.00,2.25
2015.12.30 21:13:01.929,0.7377,0.73782,1.00,1.37
2015.12.30 21:13:02.432,0.7377,0.73783,1.00,2.25
2015.12.30 21:13:02.933,0.7377,0.73782,1.00,1.37
2015.12.30 21:13:03.435,0.7377,0.73783,1.00,2.25
2015.12.30 21:13:04.429,0.7377,0.73782,1.00,1.37
2015.12.30 21:13:05.033,0.7377,0.73782,1.00,1.12
2015.12.30 21:13:05.695,0.7377,0.73782,1.00,2.25
2015.12.30 21:13:06.627,0.7377,0.73782,1.00,1.12
2015.12.30 21:13:14.672,0.73769,0.73783,1.50,3.00
2015.12.30 21:13:27.618,0.7377,0.73783,1.00,1.12
2015.12.30 21:13:27.975,0.73772,0.73783,1.00,1.37
2015.12.30 21:13:28.500,0.73771,0.73784,1.00,1.50
2015.12.30 21:13:28.935,0.7377,0.73782,1.00,1.00
2015.12.30 21:13:29.139,0.7377,0.73784,1.00,3.00
2015.12.30 21:13:29.393,0.73772,0.73784,1.00,1.00
2015.12.30 21:13:29.547,0.73772,0.73786,1.50,3.37
2015.12.30 21:13:29.649,0.73774,0.73786,1.00,2.25
2015.12.30 21:13:30.056,0.73775,0.73783,1.00,1.00
2015.12.30 21:13:30.107,0.73773,0.73783,1.00,1.00
2015.12.30 21:13:30.209,0.73772,0.73781,1.00,1.00
2015.12.30 21:13:30.512,0.73768,0.73781,1.00,1.00
2015.12.30 21:13:32.185,0.73769,0.73781,1.00,2.25
2015.12.30 21:13:32.941,0.73768,0.73781,1.50,2.25
2015.12.30 21:13:33.772,0.73769,0.73781,1.00,3.00
2015.12.30 21:13:34.282,0.73769,0.7378,1.00,1.00
2015.12.30 21:13:35.047,0.73767,0.7378,1.00,1.00
2015.12.30 21:13:38.162,0.73767,0.73779,1.00,1.37
2015.12.30 21:13:38.712,0.73768,0.73778,1.00,1.37
2015.12.30 21:13:39.215,0.73767,0.73778,1.00,1.37
2015.12.30 21:13:39.765,0.73767,0.73779,1.00,2.62
2015.12.30 21:13:44.274,0.73768,0.73779,1.00,3.00
2015.12.30 21:13:44.791,0.73768,0.73779,1.00,1.50
2015.12.30 21:14:03.155,0.73769,0.73779,1.00,1.00
2015.12.30 21:14:03.513,0.73769,0.73781,1.00,1.87
2015.12.30 21:14:04.074,0.7377,0.73781,1.00,1.87
2015.12.30 21:14:08.402,0.7377,0.73781,1.00,1.87
2015.12.30 21:14:12.320,0.7377,0.73782,1.00,3.00
2015.12.30 21:14:19.232,0.7377,0.7378,1.00,1.12
2015.12.30 21:14:19.781,0.7377,0.73781,1.00,1.12
2015.12.30 21:14:21.568,0.7377,0.7378,1.00,1.12
2015.12.30 21:14:22.464,0.7377,0.73781,1.00,1.12
2015.12.30 21:14:23.413,0.73771,0.73781,1.00,1.12
2015.12.30 21:14:24.104,0.7377,0.73782,1.00,3.00
2015.12.30 21:14:29.661,0.7377,0.73779,1.00,1.00
2015.12.30 21:14:30.175,0.73769,0.73779,1.00,1.00
2015.12.30 21:14:31.990,0.7377,0.73779,1.00,1.00
2015.12.30 21:14:33.793,0.73771,0.73779,1.00,1.00
2015.12.30 21:14:34.765,0.73771,0.7378,1.00,1.00
2015.12.30 21:14:34.867,0.73769,0.7378,1.00,1.00
2015.12.30 21:14:40.470,0.73769,0.73781,1.00,1.87
2015.12.30 21:14:41.958,0.73769,0.73781,1.00,1.87
2015.12.30 21:14:42.993,0.7377,0.73781,1.00,1.87
2015.12.30 21:14:43.517,0.7377,0.73781,1.00,1.87
2015.12.30 21:14:44.082,0.7377,0.7378,1.00,1.00
2015.12.30 21:14:44.604,0.73769,0.7378,1.00,1.00
2015.12.30 21:14:49.180,0.73769,0.73779,1.00,1.00
2015.12.30 21:14:52.609,0.7377,0.73779,1.00,1.00
2015.12.30 21:14:56.650,0.7377,0.73781,1.00,1.87
2015.12.30 21:14:57.167,0.7377,0.7378,1.00,1.12
2015.12.30 21:14:57.684,0.7377,0.73781,1.00,2.25
2015.12.30 21:15:00.783,0.7377,0.73781,1.37,2.25
2015.12.30 21:15:00.937,0.73772,0.73783,1.00,1.12
2015.12.30 21:15:01.493,0.73773,0.73784,1.00,1.87
2015.12.30 21:15:01.702,0.73771,0.73784,1.00,1.87
2015.12.30 21:15:02.263,0.7377,0.73784,1.12,1.87
2015.12.30 21:15:02.578,0.73772,0.73784,1.00,1.87
2015.12.30 21:15:02.913,0.7377,0.73784,1.00,1.87
2015.12.30 21:15:03.423,0.7377,0.73784,1.12,1.12
2015.12.30 21:15:03.576,0.73772,0.73784,1.00,1.00
2015.12.30 21:15:04.377,0.73774,0.73784,1.00,1.12
2015.12.30 21:15:04.887,0.73776,0.73786,1.00,1.12
2015.12.30 21:15:05.040,0.73776,0.73788,1.00,3.00
2015.12.30 21:15:05.657,0.73777,0.73788,1.00,1.00
2015.12.30 21:15:06.169,0.73776,0.73788,1.00,1.00
2015.12.30 21:15:10.721,0.73776,0.73789,1.00,1.00
2015.12.30 21:15:14.509,0.73776,0.73789,1.00,1.87
2015.12.30 21:15:15.018,0.73774,0.73789,1.00,1.87
2015.12.30 21:15:15.688,0.73776,0.73789,1.00,1.87
2015.12.30 21:15:15.791,0.73774,0.73789,1.00,1.87
2015.12.30 21:15:16.300,0.73774,0.73788,1.00,1.37
2015.12.30 21:15:16.958,0.73774,0.73789,1.00,1.87
2015.12.30 21:15:17.315,0.73776,0.73789,1.00,1.87
2015.12.30 21:15:17.874,0.73774,0.73789,1.00,1.87
2015.12.30 21:15:18.231,0.73776,0.73789,1.00,1.87
2015.12.30 21:15:18.743,0.73775,0.73789,1.00,1.87
2015.12.30 21:15:19.252,0.73775,0.73788,1.00,1.37
2015.12.30 21:15:19.762,0.73775,0.73789,1.00,2.25
2015.12.30 21:15:20.313,0.73776,0.73788,1.00,1.37
2015.12.30 21:15:20.824,0.73775,0.73788,1.00,1.37
2015.12.30 21:15:21.333,0.73776,0.73788,1.00,1.50
2015.12.30 21:15:21.842,0.73775,0.73788,1.00,1.00
2015.12.30 21:15:22.385,0.73776,0.73788,1.00,1.00
2015.12.30 21:15:23.046,0.73775,0.73788,1.00,1.00
2015.12.30 21:15:23.403,0.73777,0.73788,1.00,1.00
2015.12.30 21:15:23.844,0.73775,0.73788,1.00,1.50
2015.12.30 21:15:24.353,0.73776,0.73788,1.00,1.00
2015.12.30 21:15:24.862,0.73775,0.73788,1.00,1.00
2015.12.30 21:15:26.133,0.73776,0.73789,1.00,2.25
2015.12.30 21:15:27.806,0.73776,0.73789,1.00,2.25
2015.12.30 21:15:38.348,0.73775,0.73789,1.00,1.50
2015.12.30 21:15:38.859,0.73775,0.73789,1.00,2.25
2015.12.30 21:15:39.372,0.73774,0.73787,1.12,1.12
2015.12.30 21:15:40.072,0.73775,0.73788,1.00,1.00
2015.12.30 21:15:44.383,0.73775,0.73788,1.00,2.25
2015.12.30 21:15:44.906,0.73774,0.73788,1.12,2.25
2015.12.30 21:15:46.123,0.73775,0.73788,1.00,2.25
2015.12.30 21:15:54.209,0.73775,0.73788,1.00,1.50
2015.12.30 21:15:55.164,0.73775,0.73785,1.00,1.00
2015.12.30 21:15:56.212,0.73775,0.73784,1.00,1.00
2015.12.30 21:15:56.723,0.73774,0.73784,1.00,1.00
2015.12.30 21:16:02.573,0.73773,0.73784,1.00,1.12
2015.12.30 21:16:03.732,0.73775,0.73784,1.00,1.00
2015.12.30 21:16:04.311,0.73773,0.73784,1.00,1.87
2015.12.30 21:16:05.887,0.73773,0.73784,1.50,1.12
2015.12.30 21:16:08.906,0.73773,0.73784,1.00,1.12
2015.12.30 21:16:17.397,0.73773,0.73784,1.00,1.37
2015.12.30 21:16:22.387,0.73774,0.73784,1.00,1.37
2015.12.30 21:16:22.917,0.73773,0.73784,1.00,1.37
2015.12.30 21:16:23.421,0.73774,0.73784,1.00,1.37
2015.12.30 21:16:24.425,0.73774,0.73784,1.00,1.00
2015.12.30 21:16:35.143,0.73773,0.73784,1.00,1.00
2015.12.30 21:16:42.183,0.73774,0.73785,1.00,1.50
2015.12.30 21:16:42.704,0.73774,0.73785,1.00,1.00
2015.12.30 21:16:46.676,0.73774,0.73784,1.00,1.00
2015.12.30 21:16:52.055,0.73774,0.73785,1.00,1.50
2015.12.30 21:16:52.576,0.73773,0.73784,1.00,1.00
2015.12.30 21:16:54.997,0.73773,0.73785,1.00,2.25
2015.12.30 21:16:55.048,0.73775,0.73785,1.00,2.25
2015.12.30 21:16:56.689,0.73775,0.73785,1.00,1.37
2015.12.30 21:17:04.104,0.73774,0.73785,1.00,1.37
2015.12.30 21:17:08.899,0.73782,0.73788,1.00,2.62
2015.12.30 21:17:09.001,0.7378,0.73789,1.12,1.37
2015.12.30 21:17:09.104,0.73782,0.7379,1.00,1.37
2015.12.30 21:17:09.602,0.73783,0.73793,1.12,2.62
2015.12.30 21:17:10.119,0.73783,0.73793,1.87,3.00
2015.12.30 21:17:10.628,0.73783,0.73793,1.12,1.37
2015.12.30 21:17:11.414,0.73783,0.73793,1.12,1.37
2015.12.30 21:17:15.038,0.73783,0.73793,2.62,3.00
2015.12.30 21:17:16.004,0.73783,0.73794,1.50,3.75
2015.12.30 21:17:20.812,0.73783,0.73794,1.87,3.00
2015.12.30 21:17:21.085,0.73783,0.73793,1.87,1.50
2015.12.30 21:17:22.001,0.73785,0.73794,1.50,1.50
2015.12.30 21:17:22.492,0.73792,0.73805,1.00,4.50
2015.12.30 21:17:22.597,0.73795,0.73805,1.00,1.00
2015.12.30 21:17:22.804,0.73795,0.73809,1.00,4.50
2015.12.30 21:17:23.972,0.73795,0.73809,1.50,1.12
2015.12.30 21:17:24.507,0.73796,0.73809,1.00,1.12
2015.12.30 21:17:26.220,0.73796,0.73809,1.50,1.37
2015.12.30 21:17:26.739,0.73796,0.7381,1.50,2.25
2015.12.30 21:17:27.660,0.73796,0.73808,1.00,1.37
2015.12.30 21:17:30.398,0.73798,0.73809,1.00,1.75
2015.12.30 21:17:33.261,0.73798,0.7381,1.00,1.75
2015.12.30 21:17:36.587,0.73798,0.7381,1.00,1.50
2015.12.30 21:17:38.476,0.73798,0.73807,1.00,1.37
2015.12.30 21:17:38.985,0.73798,0.73808,1.00,1.37
2015.12.30 21:17:40.752,0.73798,0.73807,1.00,1.37
2015.12.30 21:17:41.265,0.73798,0.73808,1.00,1.50
2015.12.30 21:17:42.886,0.73798,0.73806,1.00,1.12
2015.12.30 21:17:43.404,0.73798,0.73807,1.00,1.12
2015.12.30 21:17:44.370,0.73798,0.73807,1.00,1.37
2015.12.30 21:17:44.995,0.73798,0.73808,1.00,1.50
2015.12.30 21:17:45.496,0.73798,0.73807,1.00,1.37
2015.12.30 21:17:46.009,0.73798,0.73808,1.00,1.37
2015.12.30 21:17:47.664,0.73798,0.73806,1.00,1.37
2015.12.30 21:17:47.969,0.73798,0.73808,1.00,1.50
2015.12.30 21:17:48.516,0.73797,0.7381,1.00,1.75
2015.12.30 21:17:49.505,0.73797,0.7381,1.00,1.37
2015.12.30 21:17:50.176,0.73797,0.73809,1.00,1.37
2015.12.30 21:17:50.764,0.73797,0.7381,1.00,1.50
2015.12.30 21:17:51.366,0.73797,0.73809,1.00,1.37
2015.12.30 21:17:52.064,0.73797,0.7381,1.00,1.50
2015.12.30 21:17:56.731,0.73797,0.7381,1.00,1.75
2015.12.30 21:17:59.120,0.73797,0.73809,1.00,1.75
2015.12.30 21:18:01.514,0.73797,0.73809,1.00,1.00
2015.12.30 21:18:02.523,0.73797,0.73809,1.00,1.50
2015.12.30 21:18:07.515,0.73797,0.7381,1.00,1.87
2015.12.30 21:18:09.153,0.73797,0.7381,1.00,1.75
2015.12.30 21:18:10.546,0.73797,0.7381,1.00,1.87
2015.12.30 21:18:13.256,0.73797,0.7381,1.00,1.75
2015.12.30 21:18:15.654,0.73797,0.73809,1.00,1.50
2015.12.30 21:18:17.842,0.73795,0.73809,1.00,1.87
2015.12.30 21:18:20.045,0.73795,0.73808,1.00,1.50
2015.12.30 21:18:20.472,0.73795,0.73807,1.00,1.00
2015.12.30 21:18:21.540,0.73795,0.73808,1.00,1.50
2015.12.30 21:18:22.136,0.73795,0.73807,1.00,1.12
2015.12.30 21:18:22.647,0.73795,0.73808,1.00,1.00
2015.12.30 21:18:23.259,0.73795,0.73808,1.00,1.50
2015.12.30 21:18:27.142,0.73795,0.73809,1.00,3.37
2015.12.30 21:18:27.676,0.73795,0.73808,1.00,1.37
2015.12.30 21:18:28.184,0.73795,0.73808,1.00,1.00
2015.12.30 21:18:30.929,0.73795,0.73808,1.00,1.50
2015.12.30 21:18:32.381,0.73795,0.73808,1.00,1.00
2015.12.30 21:18:33.334,0.73795,0.73808,1.00,1.50
2015.12.30 21:18:33.856,0.73796,0.73808,1.00,1.00
2015.12.30 21:18:34.388,0.73796,0.73808,1.00,1.50
2015.12.30 21:18:40.674,0.73796,0.73809,1.00,2.25
2015.12.30 21:18:42.149,0.73796,0.73808,1.00,1.37
2015.12.30 21:18:42.700,0.73796,0.73809,1.00,2.25
2015.12.30 21:18:45.890,0.73796,0.73809,1.00,2.25
2015.12.30 21:18:46.302,0.73796,0.73809,1.00,1.50
2015.12.30 21:18:50.800,0.73796,0.7381,1.00,3.00
2015.12.30 21:18:51.309,0.73796,0.73809,1.00,1.37
2015.12.30 21:18:51.830,0.73797,0.73809,1.00,1.12
2015.12.30 21:18:53.004,0.73797,0.73808,1.00,1.12
2015.12.30 21:18:53.537,0.73798,0.73809,1.00,1.00
2015.12.30 21:18:54.046,0.73798,0.73809,1.00,1.37
2015.12.30 21:18:54.708,0.73798,0.7381,1.00,1.50
2015.12.30 21:18:55.217,0.73798,0.73809,1.00,1.50
2015.12.30 21:18:55.725,0.73798,0.73809,1.00,1.00
2015.12.30 21:18:56.082,0.73797,0.73808,1.00,2.25
2015.12.30 21:18:56.894,0.73797,0.73805,1.00,1.37
2015.12.30 21:18:57.203,0.73797,0.73806,1.00,1.12
2015.12.30 21:18:59.513,0.73797,0.73805,1.00,1.12
2015.12.30 21:19:00.719,0.73797,0.73806,1.00,2.25
2015.12.30 21:19:01.026,0.73795,0.73806,1.00,2.25
2015.12.30 21:19:03.530,0.73795,0.73806,1.00,2.25
2015.12.30 21:19:05.816,0.73795,0.73806,1.00,2.25
2015.12.30 21:19:06.071,0.73797,0.73806,1.00,1.50
2015.12.30 21:19:06.122,0.73795,0.73806,1.00,1.00
2015.12.30 21:19:06.226,0.73797,0.73806,1.00,1.12
2015.12.30 21:19:06.635,0.73797,0.73808,1.00,1.12
2015.12.30 21:19:07.146,0.73797,0.7381,1.00,1.50
2015.12.30 21:19:10.242,0.73797,0.73809,1.00,1.37
2015.12.30 21:19:11.036,0.73797,0.7381,1.00,1.37
2015.12.30 21:19:11.585,0.73798,0.73809,1.00,1.00
2015.12.30 21:19:18.325,0.73798,0.73809,1.00,1.37
2015.12.30 21:19:18.905,0.73798,0.73809,1.00,1.00
2015.12.30 21:19:20.235,0.73801,0.73809,1.00,1.00
2015.12.30 21:19:20.338,0.73799,0.73811,1.00,1.50
2015.12.30 21:19:20.848,0.73799,0.73811,1.00,2.25
2015.12.30 21:19:21.361,0.73799,0.73811,1.00,2.25
2015.12.30 21:19:22.336,0.73799,0.7381,1.00,1.37
2015.12.30 21:19:22.541,0.738,0.73811,1.00,1.00
2015.12.30 21:19:22.592,0.73802,0.73811,1.00,1.00
2015.12.30 21:19:24.141,0.73802,0.73811,1.00,1.50
2015.12.30 21:19:24.650,0.73802,0.73812,1.00,1.50
2015.12.30 21:19:34.806,0.73803,0.73812,1.00,1.50
2015.12.30 21:19:39.980,0.73803,0.73814,1.00,2.25
2015.12.30 21:19:40.083,0.73803,0.73815,1.00,1.12
2015.12.30 21:19:40.134,0.73806,0.73815,1.00,1.12
2015.12.30 21:19:40.389,0.73804,0.73815,1.00,1.12
2015.12.30 21:19:45.664,0.73804,0.73815,1.00,1.37
2015.12.30 21:20:00.159,0.73805,0.73815,1.00,1.50
2015.12.30 21:20:02.729,0.73803,0.73815,1.00,1.37
2015.12.30 21:20:06.273,0.73801,0.73815,2.25,1.37
2015.12.30 21:20:06.764,0.73803,0.73815,1.00,1.37
2015.12.30 21:20:09.901,0.73803,0.73815,1.00,1.12
2015.12.30 21:20:10.926,0.73803,0.73815,1.00,1.37
2015.12.30 21:20:11.984,0.73804,0.73815,1.00,1.37
2015.12.30 21:20:12.528,0.73804,0.73815,1.00,1.12
2015.12.30 21:20:13.005,0.73804,0.73815,1.00,1.37
2015.12.30 21:20:17.815,0.73803,0.73814,1.00,1.37
2015.12.30 21:20:18.359,0.73804,0.73815,1.00,1.37
2015.12.30 21:20:19.013,0.73804,0.73815,1.00,1.12
2015.12.30 21:20:23.958,0.73802,0.73815,1.00,1.12
2015.12.30 21:20:24.111,0.73804,0.73815,1.00,1.12
2015.12.30 21:20:24.213,0.73802,0.73815,1.00,1.50
2015.12.30 21:20:24.733,0.73803,0.73815,1.00,1.50
2015.12.30 21:20:24.988,0.73801,0.73814,2.62,1.12
2015.12.30 21:20:25.142,0.73799,0.73813,1.87,1.87
2015.12.30 21:20:25.665,0.73799,0.73813,1.00,2.25
2015.12.30 21:20:26.381,0.73799,0.73813,1.00,3.75
2015.12.30 21:20:26.891,0.73799,0.73813,1.00,2.25
2015.12.30 21:20:27.251,0.73799,0.73812,1.50,1.37
2015.12.30 21:20:27.405,0.73797,0.73812,1.00,1.87
2015.12.30 21:20:27.661,0.73797,0.73811,1.00,1.37
2015.12.30 21:20:28.636,0.738,0.7381,1.00,1.37
2015.12.30 21:20:29.149,0.738,0.73811,1.00,1.37
2015.12.30 21:20:29.793,0.738,0.7381,1.00,1.37
2015.12.30 21:20:30.852,0.738,0.73811,1.00,1.50
2015.12.30 21:20:31.797,0.738,0.7381,1.00,1.37
2015.12.30 21:20:32.302,0.738,0.73811,1.00,1.50
2015.12.30 21:20:34.290,0.738,0.7381,1.00,1.37
2015.12.30 21:20:34.906,0.738,0.73811,1.00,1.50
2015.12.30 21:20:36.455,0.73798,0.73811,1.00,1.50
2015.12.30 21:20:37.662,0.73798,0.7381,1.00,1.37
2015.12.30 21:20:38.269,0.73798,0.73811,1.00,1.50
2015.12.30 21:20:43.083,0.73798,0.73811,1.00,1.00
2015.12.30 21:20:46.978,0.73799,0.73811,1.00,1.00
2015.12.30 21:20:51.222,0.73799,0.73812,1.00,2.25
2015.12.30 21:20:59.121,0.73799,0.73811,1.00,1.00
2015.12.30 21:21:05.333,0.73799,0.73812,1.00,3.00
2015.12.30 21:21:09.172,0.73799,0.73811,1.00,1.00
2015.12.30 21:21:12.142,0.73799,0.73811,1.00,1.75
2015.12.30 21:21:15.757,0.73797,0.73811,1.87,2.62
2015.12.30 21:21:16.479,0.73797,0.73808,1.00,1.00
2015.12.30 21:21:17.676,0.73796,0.73808,1.00,1.12
2015.12.30 21:21:17.830,0.73795,0.73805,1.00,1.37
2015.12.30 21:21:17.933,0.73792,0.73805,1.12,1.12
2015.12.30 21:21:18.086,0.7379,0.73803,1.87,1.00
2015.12.30 21:21:18.595,0.7379,0.73803,1.00,1.87
2015.12.30 21:21:19.128,0.7379,0.73803,1.00,1.50
2015.12.30 21:21:19.436,0.73801,0.73808,1.37,1.87
2015.12.30 21:21:19.641,0.73792,0.738,1.00,1.12
2015.12.30 21:21:20.212,0.73791,0.738,1.00,1.12
2015.12.30 21:21:20.725,0.73791,0.73802,1.00,1.87
2015.12.30 21:21:21.234,0.73791,0.73804,1.00,2.25
2015.12.30 21:21:21.984,0.73791,0.73804,1.00,2.25
2015.12.30 21:21:22.489,0.73791,0.73804,1.00,2.25
2015.12.30 21:21:23.242,0.73791,0.73804,1.00,2.25
2015.12.30 21:21:23.501,0.73789,0.73804,1.50,2.25
2015.12.30 21:21:23.553,0.73789,0.73803,1.50,1.37
2015.12.30 21:21:23.860,0.73787,0.738,2.25,1.00
2015.12.30 21:21:24.116,0.73784,0.73799,2.62,1.37
2015.12.30 21:21:24.664,0.73783,0.73798,1.00,1.12
2015.12.30 21:21:25.072,0.73783,0.73796,1.00,1.37
2015.12.30 21:21:25.773,0.73783,0.73797,1.00,1.37
2015.12.30 21:21:26.763,0.73783,0.73796,1.00,1.37
2015.12.30 21:21:27.306,0.73783,0.73797,1.00,1.37
2015.12.30 21:21:27.816,0.73783,0.73798,1.00,1.50
2015.12.30 21:21:28.122,0.73783,0.73796,1.50,1.37
2015.12.30 21:21:28.174,0.73783,0.73799,1.50,2.25
2015.12.30 21:21:28.707,0.73783,0.73799,1.00,1.00
2015.12.30 21:21:28.974,0.73783,0.73798,1.00,1.37
2015.12.30 21:21:29.076,0.73783,0.73799,1.50,1.00
2015.12.30 21:21:29.585,0.73782,0.73799,2.25,2.25
2015.12.30 21:21:30.365,0.73782,0.73798,2.62,1.50
2015.12.30 21:21:30.884,0.73783,0.73798,1.00,1.50
2015.12.30 21:21:31.790,0.73783,0.73798,1.00,1.50
2015.12.30 21:21:33.447,0.73784,0.73799,1.00,2.25
2015.12.30 21:21:33.743,0.73782,0.73798,1.12,1.50
2015.12.30 21:21:34.100,0.73782,0.73795,1.00,1.37
2015.12.30 21:21:34.609,0.73781,0.73795,1.87,1.37
2015.12.30 21:21:35.595,0.73781,0.73795,2.25,1.00
2015.12.30 21:21:36.106,0.73781,0.73795,1.12,1.50
2015.12.30 21:21:38.079,0.73781,0.73794,1.12,1.37
2015.12.30 21:21:38.298,0.73781,0.73795,1.12,1.50
2015.12.30 21:21:38.830,0.73781,0.73795,1.12,1.50
2015.12.30 21:21:39.338,0.73781,0.73795,1.12,1.00
2015.12.30 21:21:39.878,0.73781,0.73795,1.12,1.50
2015.12.30 21:21:40.387,0.73781,0.73795,1.12,1.00
2015.12.30 21:21:41.681,0.73781,0.73795,1.87,1.37
2015.12.30 21:21:42.293,0.73781,0.73794,1.87,1.37
2015.12.30 21:21:42.904,0.73781,0.73795,1.50,1.50
2015.12.30 21:21:43.679,0.73781,0.73794,1.50,1.37
2015.12.30 21:21:43.883,0.73781,0.73795,1.00,1.00
2015.12.30 21:21:44.391,0.73781,0.73795,1.00,1.50
2015.12.30 21:21:44.927,0.73781,0.73795,1.00,1.00
2015.12.30 21:21:46.984,0.73781,0.73795,1.00,1.50
2015.12.30 21:21:47.493,0.73781,0.73795,1.00,1.00
2015.12.30 21:21:53.230,0.73783,0.73795,1.00,1.12
2015.12.30 21:21:53.564,0.73781,0.73795,2.25,2.25
2015.12.30 21:21:54.073,0.73782,0.73795,1.00,1.12
2015.12.30 21:21:55.224,0.73782,0.73795,1.00,1.50
2015.12.30 21:21:56.241,0.73782,0.73795,1.00,1.00
2015.12.30 21:21:58.001,0.73782,0.73794,1.00,1.12
2015.12.30 21:21:58.645,0.73782,0.73795,1.00,1.50
2015.12.30 21:21:59.204,0.7378,0.73795,1.00,1.50
2015.12.30 21:21:59.661,0.73782,0.73794,1.00,1.12
2015.12.30 21:22:00.171,0.73782,0.73795,1.50,1.00
2015.12.30 21:22:01.034,0.73783,0.73796,1.00,2.62
2015.12.30 21:22:01.628,0.73783,0.73796,1.00,1.00
2015.12.30 21:22:02.143,0.73782,0.73796,1.87,1.00
2015.12.30 21:22:02.652,0.73782,0.73796,1.87,1.87
2015.12.30 21:22:03.509,0.73783,0.73796,1.00,1.50
2015.12.30 21:22:04.020,0.73783,0.73796,1.00,1.00
2015.12.30 21:22:04.542,0.73782,0.73796,1.87,1.50
2015.12.30 21:22:05.053,0.73783,0.73796,1.00,1.50
2015.12.30 21:22:05.564,0.73783,0.73796,1.00,1.50
2015.12.30 21:22:06.111,0.73783,0.73796,1.00,1.37
2015.12.30 21:22:06.365,0.73783,0.73797,1.00,1.50
2015.12.30 21:22:06.467,0.73783,0.73796,1.00,1.37
2015.12.30 21:22:07.007,0.73783,0.73797,1.00,1.50
2015.12.30 21:22:07.506,0.73786,0.73797,1.00,2.25
2015.12.30 21:22:07.711,0.73786,0.73799,1.00,1.12
2015.12.30 21:22:07.864,0.73788,0.73801,1.00,1.87
2015.12.30 21:22:08.374,0.73788,0.73801,1.50,1.12
2015.12.30 21:22:09.919,0.73789,0.73802,1.00,2.25
2015.12.30 21:22:11.228,0.7379,0.73802,1.00,1.50
2015.12.30 21:22:15.285,0.73788,0.73801,1.87,1.00
2015.12.30 21:22:26.092,0.73787,0.738,1.37,1.37
2015.12.30 21:22:26.398,0.73785,0.73799,2.25,1.12
2015.12.30 21:22:27.155,0.73785,0.738,1.50,1.12
2015.12.30 21:22:27.868,0.73786,0.738,1.00,1.50
2015.12.30 21:22:29.283,0.73786,0.738,1.00,2.25
2015.12.30 21:22:29.791,0.73786,0.738,1.00,1.00
2015.12.30 21:22:30.303,0.73785,0.738,1.12,1.00
2015.12.30 21:22:31.338,0.73785,0.738,1.37,1.50
2015.12.30 21:22:33.854,0.73783,0.73799,1.12,2.25
2015.12.30 21:22:34.110,0.73784,0.73798,1.00,1.37
2015.12.30 21:22:34.416,0.73784,0.73799,1.00,2.25
2015.12.30 21:22:35.415,0.73784,0.73799,1.00,1.87
2015.12.30 21:22:35.925,0.73784,0.73799,2.62,1.00
2015.12.30 21:22:39.192,0.73784,0.738,3.00,1.00
2015.12.30 21:22:39.701,0.73784,0.738,3.37,2.25
2015.12.30 21:22:41.136,0.73784,0.73799,1.87,1.00
2015.12.30 21:22:41.696,0.73785,0.73799,1.37,1.50
2015.12.30 21:22:42.246,0.73785,0.73799,1.37,1.00
2015.12.30 21:22:42.755,0.73785,0.73799,1.87,1.50
2015.12.30 21:22:43.264,0.73785,0.73799,1.12,1.00
2015.12.30 21:22:43.985,0.73785,0.73799,1.12,1.50
2015.12.30 21:22:44.495,0.73785,0.73799,1.12,1.00
2015.12.30 21:22:45.309,0.73785,0.73799,1.12,1.50
2015.12.30 21:22:45.824,0.73785,0.73799,1.12,1.00
2015.12.30 21:22:49.342,0.73785,0.73799,1.12,1.50
2015.12.30 21:22:49.598,0.73785,0.738,1.87,2.25
2015.12.30 21:22:49.903,0.73785,0.73799,1.87,1.37
2015.12.30 21:22:50.412,0.73785,0.738,1.12,3.00
2015.12.30 21:22:51.761,0.73785,0.738,1.37,1.50
2015.12.30 21:22:52.270,0.73785,0.738,1.37,2.25
2015.12.30 21:22:53.639,0.73785,0.73799,1.37,1.37
2015.12.30 21:22:54.147,0.73785,0.738,1.12,1.50
2015.12.30 21:22:54.949,0.73785,0.73799,1.12,1.50
2015.12.30 21:22:55.459,0.73785,0.73799,1.12,1.00
2015.12.30 21:22:55.965,0.73785,0.73799,1.00,1.37
2015.12.30 21:22:56.625,0.73785,0.738,1.00,1.37
2015.12.30 21:22:57.333,0.73784,0.738,2.62,1.87
2015.12.30 21:22:57.944,0.73784,0.73799,2.62,1.37
2015.12.30 21:22:58.313,0.73785,0.738,1.12,1.50
2015.12.30 21:22:58.415,0.73785,0.738,1.12,2.25
2015.12.30 21:22:58.924,0.73785,0.738,1.12,2.25
2015.12.30 21:23:00.936,0.73785,0.73799,1.12,1.50
2015.12.30 21:23:02.073,0.73785,0.73799,1.37,1.37
2015.12.30 21:23:02.226,0.73785,0.738,1.37,1.50
2015.12.30 21:23:02.329,0.73784,0.73799,3.37,1.37
2015.12.30 21:23:05.376,0.73785,0.738,1.37,1.50
2015.12.30 21:23:06.142,0.73785,0.738,1.87,1.00
2015.12.30 21:23:06.663,0.73785,0.738,1.87,1.50
2015.12.30 21:23:07.202,0.73785,0.738,2.62,1.00
2015.12.30 21:23:07.763,0.73785,0.738,1.87,1.50
2015.12.30 21:23:08.281,0.73785,0.73799,1.87,1.00
2015.12.30 21:23:08.783,0.73785,0.73801,1.87,3.75
2015.12.30 21:23:09.292,0.73786,0.73801,1.00,3.75
2015.12.30 21:23:09.801,0.73786,0.738,1.12,1.37
2015.12.30 21:23:10.310,0.73786,0.738,1.12,1.00
2015.12.30 21:23:10.678,0.73786,0.73799,1.12,1.37
2015.12.30 21:23:11.035,0.73786,0.738,1.12,1.00
2015.12.30 21:23:11.852,0.73786,0.73799,1.00,1.37
2015.12.30 21:23:11.954,0.73786,0.73801,1.00,1.50
2015.12.30 21:23:12.858,0.73785,0.738,1.37,1.50
2015.12.30 21:23:13.367,0.73786,0.73801,1.00,2.25
2015.12.30 21:23:14.066,0.73785,0.73799,1.12,1.12
2015.12.30 21:23:14.575,0.73786,0.73801,1.00,1.87
2015.12.30 21:23:15.117,0.73785,0.73799,1.12,1.12
2015.12.30 21:23:15.626,0.73785,0.73799,1.12,2.25
2015.12.30 21:23:16.167,0.73785,0.73801,1.12,2.25
2015.12.30 21:23:16.778,0.73785,0.738,1.12,1.00
2015.12.30 21:23:17.629,0.73785,0.73799,1.12,1.12
2015.12.30 21:23:18.754,0.73785,0.738,1.87,1.00
2015.12.30 21:23:19.414,0.73785,0.738,1.87,1.50
2015.12.30 21:23:19.925,0.73785,0.738,1.87,1.75
2015.12.30 21:23:26.834,0.73784,0.738,3.37,2.62
2015.12.30 21:23:27.403,0.73784,0.73799,3.00,1.37
2015.12.30 21:23:27.913,0.73784,0.738,2.62,2.62
2015.12.30 21:23:28.423,0.73784,0.73799,3.37,1.50
2015.12.30 21:23:28.952,0.73784,0.73799,1.87,1.00
2015.12.30 21:23:31.272,0.73784,0.738,2.62,2.62
2015.12.30 21:23:32.289,0.73784,0.73799,2.62,1.00
2015.12.30 21:23:33.278,0.73785,0.738,1.12,2.62
2015.12.30 21:23:35.273,0.73785,0.738,1.50,2.62
2015.12.30 21:23:36.089,0.73785,0.73799,1.00,1.37
2015.12.30 21:23:36.583,0.73785,0.738,1.00,1.87
2015.12.30 21:23:37.082,0.73784,0.73799,2.62,1.37
2015.12.30 21:23:37.591,0.73784,0.738,1.50,2.62
2015.12.30 21:23:38.376,0.73784,0.73799,2.25,1.37
2015.12.30 21:23:38.886,0.73784,0.73799,2.62,1.00
2015.12.30 21:23:39.548,0.73785,0.738,1.00,1.87
2015.12.30 21:23:40.057,0.73784,0.73799,2.62,1.00
2015.12.30 21:23:40.656,0.73784,0.73799,2.62,1.00
2015.12.30 21:23:41.215,0.73784,0.73799,3.37,1.50
2015.12.30 21:23:41.724,0.73784,0.73799,3.37,1.00
2015.12.30 21:23:42.295,0.73784,0.73799,3.37,1.50
2015.12.30 21:23:44.865,0.73784,0.73799,2.62,1.00
2015.12.30 21:23:45.423,0.73786,0.73799,1.00,1.00
2015.12.30 21:23:45.983,0.73785,0.73799,1.12,1.00
2015.12.30 21:23:46.528,0.73786,0.73799,1.00,1.00
2015.12.30 21:23:48.324,0.73786,0.73799,1.00,1.50
2015.12.30 21:23:48.830,0.73784,0.73799,2.62,1.50
2015.12.30 21:23:49.351,0.73785,0.73799,1.12,1.00
2015.12.30 21:23:50.906,0.73785,0.73799,1.12,1.50
2015.12.30 21:23:51.515,0.73784,0.73799,3.37,1.00
2015.12.30 21:23:52.037,0.73784,0.738,2.62,3.00
2015.12.30 21:23:52.545,0.73784,0.73799,2.62,1.37
2015.12.30 21:23:53.053,0.73784,0.738,2.62,3.37
2015.12.30 21:23:53.663,0.73785,0.738,1.00,3.37
2015.12.30 21:23:54.169,0.73784,0.73799,1.12,1.00
2015.12.30 21:23:54.677,0.73785,0.73799,1.00,1.50
2015.12.30 21:23:55.185,0.73784,0.73799,1.87,1.00
2015.12.30 21:23:55.834,0.73784,0.73799,1.12,1.50
2015.12.30 21:23:56.140,0.73784,0.738,1.37,2.62
2015.12.30 21:23:56.242,0.73784,0.738,1.37,1.00
2015.12.30 21:23:56.750,0.73785,0.73799,1.12,1.00
2015.12.30 21:23:58.025,0.73785,0.73799,1.12,1.50
2015.12.30 21:23:58.483,0.73785,0.738,1.00,1.00
2015.12.30 21:23:58.992,0.73785,0.738,1.00,1.50
2015.12.30 21:23:59.500,0.73785,0.738,1.12,1.00
2015.12.30 21:23:59.856,0.73785,0.73799,1.12,1.37
2015.12.30 21:24:00.365,0.73785,0.738,1.12,1.00
2015.12.30 21:24:00.873,0.73785,0.73799,1.12,1.00
2015.12.30 21:24:01.778,0.73785,0.738,1.87,1.75
2015.12.30 21:24:02.286,0.73785,0.73799,1.87,1.00
2015.12.30 21:24:02.591,0.73785,0.73799,1.87,1.00
2015.12.30 21:24:03.099,0.73785,0.73799,1.00,1.50
2015.12.30 21:24:03.468,0.73783,0.73798,2.62,1.00
2015.12.30 21:24:05.190,0.73783,0.73796,1.12,1.37
2015.12.30 21:24:05.344,0.73781,0.73796,1.87,1.37
2015.12.30 21:24:05.955,0.73781,0.73796,2.62,1.87
2015.12.30 21:24:06.465,0.73781,0.73796,1.87,2.25
2015.12.30 21:24:06.999,0.73783,0.73796,1.00,2.25
2015.12.30 21:24:07.518,0.73783,0.73796,1.00,1.37
2015.12.30 21:24:08.078,0.73783,0.73796,1.00,1.87
2015.12.30 21:24:08.768,0.73784,0.73797,1.00,1.87
2015.12.30 21:24:09.787,0.73784,0.73797,1.00,2.25
2015.12.30 21:24:10.324,0.73784,0.73796,1.00,1.12
2015.12.30 21:24:10.889,0.73784,0.73797,1.00,1.87
2015.12.30 21:24:11.911,0.73783,0.73797,1.00,3.00
2015.12.30 21:24:12.572,0.73783,0.73796,1.00,1.12
2015.12.30 21:24:12.810,0.7378,0.73794,2.25,1.00
2015.12.30 21:24:12.871,0.7378,0.73792,1.00,1.00
2015.12.30 21:24:13.024,0.73776,0.73792,5.25,1.00
2015.12.30 21:24:13.076,0.73776,0.7379,2.25,2.62
2015.12.30 21:24:13.280,0.73778,0.73792,1.00,1.50
2015.12.30 21:24:13.789,0.73778,0.73792,1.37,1.50
2015.12.30 21:24:13.891,0.73778,0.73791,1.00,1.37
2015.12.30 21:24:14.470,0.73778,0.73792,1.00,1.50
2015.12.30 21:24:15.088,0.73778,0.73792,1.00,1.50
2015.12.30 21:24:15.892,0.73778,0.73792,1.00,1.50
2015.12.30 21:24:16.448,0.73777,0.73791,1.12,1.50
2015.12.30 21:24:16.962,0.73777,0.73791,1.12,1.50
2015.12.30 21:24:17.493,0.73777,0.7379,1.12,1.12
2015.12.30 21:24:18.052,0.73777,0.73791,1.12,1.00
2015.12.30 21:24:21.286,0.73777,0.7379,1.12,1.12
2015.12.30 21:24:21.817,0.73777,0.73791,1.00,1.00
2015.12.30 21:24:23.233,0.73776,0.7379,1.12,1.37
2015.12.30 21:24:23.744,0.73776,0.7379,1.12,1.87
2015.12.30 21:24:24.219,0.73777,0.73789,1.00,1.37
2015.12.30 21:24:24.477,0.73774,0.73789,1.87,1.37
2015.12.30 21:24:24.987,0.73774,0.73789,1.87,1.50
2015.12.30 21:24:25.140,0.73774,0.73788,1.87,1.37
2015.12.30 21:24:25.649,0.73774,0.73789,2.62,2.25
2015.12.30 21:24:26.187,0.73774,0.73789,2.62,2.25
2015.12.30 21:24:26.695,0.73774,0.73789,2.62,2.25
2015.12.30 21:24:27.204,0.73774,0.73788,1.87,1.12
2015.12.30 21:24:28.037,0.73774,0.73789,1.87,3.00
2015.12.30 21:24:28.350,0.73774,0.73788,1.87,1.37
2015.12.30 21:24:28.889,0.73774,0.73789,1.87,3.75
2015.12.30 21:24:29.600,0.73774,0.73789,1.87,3.00
2015.12.30 21:24:30.142,0.73774,0.73788,2.62,1.37
2015.12.30 21:24:30.846,0.73774,0.73789,2.62,3.00
2015.12.30 21:24:31.508,0.73774,0.73789,2.62,3.00
2015.12.30 21:24:32.045,0.73774,0.73789,1.87,3.75
2015.12.30 21:24:32.627,0.73774,0.73789,1.87,2.25
2015.12.30 21:24:34.412,0.73774,0.73788,2.62,1.37
2015.12.30 21:24:34.717,0.73774,0.73789,2.62,2.25
2015.12.30 21:24:35.226,0.73775,0.7379,1.00,1.87
2015.12.30 21:24:35.843,0.73775,0.7379,1.50,2.62
2015.12.30 21:24:36.352,0.73776,0.7379,1.00,1.12
2015.12.30 21:24:36.861,0.73775,0.7379,2.25,1.87
2015.12.30 21:24:37.413,0.73775,0.7379,2.25,1.12
2015.12.30 21:24:37.464,0.73775,0.73789,1.50,1.37
2015.12.30 21:24:37.975,0.73775,0.7379,2.25,2.62
2015.12.30 21:24:38.484,0.73775,0.73788,1.00,1.12
2015.12.30 21:24:39.126,0.73775,0.73788,1.00,1.50
2015.12.30 21:24:39.635,0.73776,0.73788,1.00,1.00
2015.12.30 21:24:40.168,0.73775,0.73788,1.00,1.00
2015.12.30 21:24:40.847,0.73774,0.73788,1.87,1.00
2015.12.30 21:24:41.866,0.73775,0.73788,1.00,1.00
2015.12.30 21:24:45.167,0.73775,0.73788,1.00,1.87
2015.12.30 21:24:45.675,0.73775,0.73788,1.00,1.00
2015.12.30 21:24:50.252,0.73775,0.73788,1.00,1.87
2015.12.30 21:24:50.821,0.73775,0.73788,1.00,1.00
2015.12.30 21:24:55.843,0.73776,0.73788,1.00,1.00
2015.12.30 21:24:56.475,0.73775,0.73788,1.50,1.12
2015.12.30 21:25:00.227,0.73776,0.73788,1.00,1.00
2015.12.30 21:25:00.750,0.73775,0.73788,2.25,1.00
2015.12.30 21:25:04.665,0.73775,0.73788,1.50,1.50
2015.12.30 21:25:04.972,0.73774,0.73786,1.12,1.37
2015.12.30 21:25:05.074,0.73775,0.73787,1.00,1.50
2015.12.30 21:25:05.675,0.73774,0.73788,1.12,1.37
2015.12.30 21:25:05.879,0.73774,0.73789,1.50,1.12
2015.12.30 21:25:06.390,0.73774,0.73789,1.50,1.87
2015.12.30 21:25:07.176,0.73774,0.73789,1.50,1.12
2015.12.30 21:25:07.990,0.73774,0.73789,1.50,2.25
2015.12.30 21:25:08.791,0.73775,0.73789,1.00,1.50
2015.12.30 21:25:09.809,0.73775,0.73789,1.00,2.25
2015.12.30 21:25:10.347,0.73775,0.73789,1.00,1.50
2015.12.30 21:25:10.871,0.73774,0.73789,1.00,1.50
2015.12.30 21:25:11.417,0.73773,0.73789,3.37,1.00
2015.12.30 21:25:11.469,0.73775,0.73789,1.00,1.00
2015.12.30 21:25:12.105,0.73775,0.73789,1.00,1.50
2015.12.30 21:25:12.618,0.73775,0.73789,1.00,1.00
2015.12.30 21:25:17.285,0.73775,0.73789,1.00,1.37
2015.12.30 21:25:46.858,0.73775,0.73789,1.00,1.00
2015.12.30 21:25:47.686,0.73775,0.73788,1.00,1.00
2015.12.30 21:25:48.145,0.73773,0.73787,1.00,1.00
2015.12.30 21:25:48.844,0.73773,0.73786,1.00,1.00
2015.12.30 21:25:49.352,0.73772,0.73786,1.00,1.12
2015.12.30 21:25:49.893,0.73772,0.73786,1.12,1.50
2015.12.30 21:25:50.952,0.73772,0.73786,1.00,1.12
2015.12.30 21:25:51.461,0.73773,0.73787,1.00,1.12
2015.12.30 21:25:52.052,0.73773,0.73789,1.00,3.75
2015.12.30 21:25:52.561,0.73773,0.73789,1.00,3.00
2015.12.30 21:25:53.219,0.73773,0.73788,1.37,1.00
2015.12.30 21:25:54.295,0.73773,0.73788,1.00,1.00
2015.12.30 21:25:56.476,0.73773,0.73789,1.00,2.25
2015.12.30 21:25:57.097,0.73773,0.73789,1.50,3.75
2015.12.30 21:25:58.289,0.73773,0.73788,1.00,1.87
2015.12.30 21:25:59.569,0.73773,0.73786,1.12,1.00
2015.12.30 21:26:00.563,0.73773,0.73789,1.12,4.12
2015.12.30 21:26:04.585,0.73773,0.73789,1.00,3.00
2015.12.30 21:26:05.696,0.73773,0.73789,1.00,3.00
2015.12.30 21:26:06.204,0.73773,0.73789,1.00,3.75
2015.12.30 21:26:06.759,0.73773,0.73789,1.00,2.25
2015.12.30 21:26:07.268,0.73773,0.73789,1.37,2.25
2015.12.30 21:26:07.778,0.73773,0.73789,1.00,2.25
2015.12.30 21:26:08.287,0.73773,0.73789,1.00,3.00
2015.12.30 21:26:08.829,0.73773,0.73789,1.00,2.62
2015.12.30 21:26:09.338,0.73773,0.73789,1.00,2.25
2015.12.30 21:26:09.695,0.73772,0.73788,1.50,1.50
2015.12.30 21:26:10.001,0.73774,0.73789,1.00,3.75
2015.12.30 21:26:10.701,0.73772,0.73789,1.50,3.00
2015.12.30 21:26:10.804,0.73774,0.73788,1.00,1.37
2015.12.30 21:26:10.906,0.73772,0.73789,1.00,3.75
2015.12.30 21:26:11.416,0.73772,0.73789,1.00,2.25
2015.12.30 21:26:11.621,0.73773,0.73789,1.00,3.00
2015.12.30 21:26:12.162,0.73773,0.73789,1.00,2.25
2015.12.30 21:26:12.722,0.73773,0.73789,1.00,2.25
2015.12.30 21:26:13.180,0.73773,0.73789,1.50,3.37
2015.12.30 21:26:13.821,0.73773,0.73789,1.50,3.37
2015.12.30 21:26:14.332,0.73773,0.73789,1.00,1.50
2015.12.30 21:26:15.212,0.73773,0.73789,1.00,3.00
2015.12.30 21:26:15.723,0.73773,0.73789,1.00,2.25
2015.12.30 21:26:16.079,0.73775,0.73789,1.00,2.25
2015.12.30 21:26:16.886,0.73775,0.73789,1.00,1.87
2015.12.30 21:26:17.295,0.73773,0.73789,1.00,3.00
2015.12.30 21:26:17.907,0.73773,0.73788,1.00,1.37
2015.12.30 21:26:18.489,0.73773,0.73789,1.12,3.00
2015.12.30 21:26:18.999,0.73774,0.73789,1.00,1.87
2015.12.30 21:26:19.610,0.73775,0.7379,1.00,1.00
2015.12.30 21:26:20.118,0.73775,0.73792,2.25,2.25
2015.12.30 21:26:20.730,0.73775,0.73791,2.25,1.37
2015.12.30 21:26:21.088,0.73776,0.73792,2.62,2.25
2015.12.30 21:26:21.140,0.73778,0.73792,1.00,1.12
2015.12.30 21:26:21.685,0.73777,0.73792,1.00,1.12
2015.12.30 21:26:23.349,0.73778,0.73792,1.00,1.00
2015.12.30 21:26:25.013,0.73778,0.73793,1.00,1.50
2015.12.30 21:26:26.789,0.73778,0.73793,1.00,3.37
2015.12.30 21:26:27.298,0.73778,0.73793,1.00,3.00
2015.12.30 21:26:28.010,0.73778,0.73793,1.00,3.75
2015.12.30 21:26:28.556,0.73778,0.73793,1.00,2.62
2015.12.30 21:26:29.522,0.73778,0.73793,1.00,3.37
2015.12.30 21:26:30.816,0.73777,0.73792,1.00,1.00
2015.12.30 21:26:34.329,0.73777,0.73793,1.12,1.12
2015.12.30 21:26:34.992,0.73777,0.73794,1.12,1.12
2015.12.30 21:26:35.501,0.73777,0.73794,1.12,1.37
2015.12.30 21:26:36.160,0.73777,0.73794,1.00,2.25
2015.12.30 21:26:37.075,0.73778,0.73794,1.00,1.87
2015.12.30 21:26:37.577,0.73777,0.73794,1.12,1.87
2015.12.30 21:26:38.441,0.73777,0.73794,1.87,3.00
2015.12.30 21:26:38.952,0.73778,0.73794,1.00,2.25
2015.12.30 21:26:39.497,0.73778,0.73793,1.00,1.00
2015.12.30 21:26:42.696,0.73778,0.73792,1.00,1.00
2015.12.30 21:26:44.184,0.73778,0.73793,1.50,1.00
2015.12.30 21:26:45.347,0.73778,0.73792,1.00,1.00
2015.12.30 21:26:57.172,0.73778,0.73792,1.37,1.00
2015.12.30 21:26:58.124,0.73778,0.73792,1.12,1.00
2015.12.30 21:27:00.937,0.73777,0.73792,2.25,1.00
2015.12.30 21:27:09.624,0.73777,0.73793,2.25,2.62
2015.12.30 21:27:09.931,0.73785,0.738,3.75,1.50
2015.12.30 21:27:10.543,0.73786,0.73801,1.00,1.37
2015.12.30 21:27:11.052,0.73786,0.73802,1.50,1.87
2015.12.30 21:27:11.589,0.73786,0.73802,1.87,1.87
2015.12.30 21:27:12.421,0.73786,0.738,2.62,1.37
2015.12.30 21:27:12.928,0.73786,0.73801,2.62,1.37
2015.12.30 21:27:14.517,0.73788,0.73801,1.00,1.87
2015.12.30 21:27:14.619,0.73788,0.73801,1.00,1.12
2015.12.30 21:27:15.594,0.73788,0.73801,1.00,1.37
2015.12.30 21:27:16.621,0.73788,0.73801,1.00,1.00
2015.12.30 21:27:18.712,0.73786,0.73802,1.00,1.12
2015.12.30 21:27:20.415,0.73786,0.73802,1.00,1.87
2015.12.30 21:27:20.933,0.73786,0.73802,1.00,1.12
2015.12.30 21:27:22.589,0.73786,0.73802,1.00,1.87
2015.12.30 21:27:23.128,0.73786,0.73802,1.00,1.12
2015.12.30 21:27:25.991,0.73786,0.73802,1.00,1.87
2015.12.30 21:27:26.492,0.73786,0.73802,1.00,1.12
2015.12.30 21:27:28.135,0.73785,0.73802,3.37,1.12
2015.12.30 21:27:28.656,0.73785,0.73802,3.37,1.87
2015.12.30 21:27:29.167,0.73785,0.73802,3.37,1.12
2015.12.30 21:27:33.119,0.73785,0.73802,3.37,1.87
2015.12.30 21:27:33.801,0.73785,0.73802,3.37,1.12
2015.12.30 21:27:40.440,0.73785,0.73802,2.25,1.37
2015.12.30 21:27:40.542,0.73787,0.73802,1.00,1.87
2015.12.30 21:27:40.871,0.73785,0.73802,3.00,1.00
2015.12.30 21:27:40.922,0.73785,0.73801,2.62,1.37
2015.12.30 21:27:41.433,0.73785,0.73802,1.87,1.87
2015.12.30 21:27:43.120,0.73785,0.73801,1.87,1.87
2015.12.30 21:27:43.629,0.73785,0.73801,2.25,1.00
2015.12.30 21:27:45.460,0.73785,0.73801,2.62,1.87
2015.12.30 21:27:45.972,0.73785,0.73801,1.87,1.00
2015.12.30 21:27:46.617,0.73786,0.73801,2.62,1.00
2015.12.30 21:27:47.332,0.73786,0.738,3.00,1.12
2015.12.30 21:27:47.869,0.73786,0.73801,2.62,1.50
2015.12.30 21:27:47.972,0.73786,0.73801,3.00,1.12
2015.12.30 21:27:49.058,0.73786,0.73801,3.00,1.12
2015.12.30 21:27:49.567,0.73786,0.738,1.87,1.00
2015.12.30 21:27:50.077,0.73786,0.73801,1.37,1.12
2015.12.30 21:27:50.444,0.73786,0.738,1.87,1.37
2015.12.30 21:27:50.648,0.73786,0.73801,2.62,1.12
2015.12.30 21:27:51.157,0.73786,0.73801,1.12,1.00
2015.12.30 21:27:52.070,0.73786,0.73801,1.75,1.00
2015.12.30 21:27:54.162,0.73786,0.73802,3.37,1.12
2015.12.30 21:27:57.004,0.73786,0.73801,1.87,1.00
2015.12.30 21:27:59.012,0.73786,0.73802,1.87,1.87
2015.12.30 21:28:00.797,0.73786,0.73801,1.75,1.00
2015.12.30 21:28:02.801,0.73787,0.73802,1.37,1.12
2015.12.30 21:28:03.332,0.73786,0.73801,2.25,1.00
2015.12.30 21:28:13.688,0.73785,0.73802,3.37,1.00
2015.12.30 21:28:18.667,0.73786,0.738,1.75,1.00
2015.12.30 21:28:22.199,0.73786,0.738,1.00,1.00
2015.12.30 21:28:22.505,0.73785,0.73802,1.50,3.37
2015.12.30 21:28:23.029,0.73786,0.73801,1.12,1.00
2015.12.30 21:28:23.538,0.73786,0.73801,1.12,1.37
2015.12.30 21:28:24.047,0.73785,0.73801,1.00,1.00
2015.12.30 21:28:24.696,0.73785,0.73802,1.87,2.25
2015.12.30 21:28:25.205,0.73785,0.73802,2.25,2.62
2015.12.30 21:28:25.765,0.73785,0.73799,1.50,1.00
2015.12.30 21:28:26.275,0.73783,0.73799,1.37,1.87
2015.12.30 21:28:26.785,0.73783,0.73799,1.37,1.12
2015.12.30 21:28:27.295,0.73782,0.73799,3.00,1.12
2015.12.30 21:28:27.918,0.73783,0.73799,1.37,1.50
2015.12.30 21:28:29.049,0.73784,0.73799,1.00,1.87
2015.12.30 21:28:30.943,0.73783,0.73799,1.87,1.87
2015.12.30 21:28:32.019,0.73783,0.73799,1.87,1.87
2015.12.30 21:28:33.591,0.73784,0.73799,1.50,1.50
2015.12.30 21:28:34.505,0.73784,0.738,2.25,1.12
2015.12.30 21:28:35.430,0.73784,0.738,2.25,1.87
2015.12.30 21:28:37.019,0.73784,0.738,2.25,1.12
2015.12.30 21:28:37.527,0.73784,0.738,2.25,1.87
2015.12.30 21:28:39.118,0.73784,0.738,2.25,1.12
2015.12.30 21:28:40.231,0.73784,0.738,2.25,2.62
2015.12.30 21:28:40.766,0.73784,0.738,1.87,1.87
2015.12.30 21:28:41.625,0.73784,0.738,1.87,2.62
2015.12.30 21:28:42.266,0.73784,0.738,1.87,1.87
2015.12.30 21:28:42.659,0.73785,0.738,1.37,2.25
2015.12.30 21:28:45.618,0.73785,0.738,1.37,2.25
2015.12.30 21:28:46.715,0.73785,0.738,1.12,2.25
2015.12.30 21:28:47.229,0.73785,0.738,1.12,2.25
2015.12.30 21:28:48.244,0.73785,0.738,1.12,2.25
2015.12.30 21:28:48.817,0.73785,0.738,1.12,3.00
2015.12.30 21:28:51.040,0.73785,0.738,1.12,1.50
2015.12.30 21:28:51.142,0.73785,0.738,1.37,1.50
2015.12.30 21:29:03.521,0.73785,0.73799,1.87,1.00
2015.12.30 21:29:04.833,0.73785,0.73799,1.87,1.00
2015.12.30 21:29:07.981,0.73785,0.738,1.37,1.50
2015.12.30 21:29:09.106,0.73784,0.738,2.25,2.25
2015.12.30 21:29:09.615,0.73784,0.738,1.87,1.50
2015.12.30 21:29:10.240,0.73784,0.738,1.87,1.50
2015.12.30 21:29:10.764,0.73784,0.738,2.62,2.25
2015.12.30 21:29:11.392,0.73784,0.738,1.87,1.50
2015.12.30 21:29:13.968,0.73784,0.738,3.37,2.25
2015.12.30 21:29:16.748,0.73784,0.738,3.37,1.87
2015.12.30 21:29:17.984,0.73784,0.738,3.37,2.25
2015.12.30 21:29:18.494,0.73784,0.738,2.25,2.62
2015.12.30 21:29:19.597,0.73784,0.738,2.25,1.87
2015.12.30 21:29:23.078,0.73785,0.738,1.00,1.50
2015.12.30 21:29:23.334,0.73789,0.738,1.00,1.00
2015.12.30 21:29:24.487,0.73789,0.73802,1.00,3.00
2015.12.30 21:29:26.292,0.73789,0.73801,1.00,1.37
2015.12.30 21:29:29.058,0.73789,0.73801,1.00,1.00
2015.12.30 21:29:32.309,0.73789,0.73799,1.00,1.37
2015.12.30 21:29:32.361,0.73786,0.73799,1.00,1.37
2015.12.30 21:29:32.930,0.73784,0.738,1.87,1.37
2015.12.30 21:29:33.439,0.73784,0.73799,1.00,1.12
2015.12.30 21:29:34.445,0.73784,0.73799,1.50,1.37
2015.12.30 21:29:35.139,0.73784,0.738,1.50,2.25
2015.12.30 21:29:37.025,0.73784,0.738,1.50,1.50
2015.12.30 21:29:37.538,0.73784,0.738,1.50,1.50
2015.12.30 21:29:42.063,0.73786,0.738,1.00,1.37
2015.12.30 21:29:42.166,0.73786,0.73801,1.00,3.00
2015.12.30 21:29:42.761,0.73786,0.73802,1.37,4.87
2015.12.30 21:29:43.326,0.73786,0.73802,2.25,2.62
2015.12.30 21:29:43.835,0.73786,0.73801,1.12,2.62
2015.12.30 21:29:44.366,0.73786,0.73801,1.50,3.37
2015.12.30 21:29:51.017,0.73785,0.73801,1.50,3.00
2015.12.30 21:29:55.724,0.73786,0.73799,1.00,1.00
2015.12.30 21:29:57.039,0.73786,0.738,1.00,1.00
2015.12.30 21:29:57.548,0.73787,0.738,1.00,1.50
2015.12.30 21:29:58.090,0.73787,0.73801,1.00,2.62
2015.12.30 21:29:58.243,0.73785,0.73801,1.12,3.37
2015.12.30 21:29:58.751,0.73785,0.738,1.00,1.37
2015.12.30 21:30:00.097,0.73785,0.738,1.00,1.87
2015.12.30 21:30:00.403,0.73789,0.73799,1.00,1.12
2015.12.30 21:30:01.211,0.73787,0.73799,1.00,1.00
2015.12.30 21:30:02.078,0.73788,0.738,1.00,1.50
2015.12.30 21:30:13.891,0.73788,0.738,1.00,1.50
2015.12.30 21:30:16.616,0.73787,0.73799,1.00,1.12
2015.12.30 21:30:17.127,0.73787,0.73799,1.00,1.37
2015.12.30 21:30:19.162,0.73787,0.73799,1.00,1.00
2015.12.30 21:30:27.943,0.73786,0.73798,1.00,1.00
2015.12.30 21:30:28.481,0.73785,0.73797,1.00,1.00
2015.12.30 21:30:29.122,0.73786,0.73798,1.00,1.00
2015.12.30 21:30:45.740,0.73787,0.73799,1.12,1.12
2015.12.30 21:30:46.250,0.73786,0.73798,1.50,1.00
2015.12.30 21:30:47.235,0.73787,0.73799,1.00,1.00
2015.12.30 21:30:47.858,0.73788,0.738,1.00,1.00
2015.12.30 21:30:49.611,0.73789,0.73801,1.00,1.00
2015.12.30 21:30:54.687,0.7379,0.73801,1.00,1.00
2015.12.30 21:31:17.328,0.73789,0.73799,1.50,1.00
2015.12.30 21:31:20.655,0.73787,0.73799,1.50,1.00
2015.12.30 21:31:21.166,0.73788,0.738,1.00,1.00
2015.12.30 21:31:22.918,0.73786,0.73798,1.12,1.00
2015.12.30 21:31:23.623,0.73786,0.73798,1.00,1.50
2015.12.30 21:31:26.026,0.73785,0.73797,1.00,1.12
2015.12.30 21:31:27.196,0.73785,0.73796,1.00,1.00
2015.12.30 21:31:27.707,0.73784,0.73796,1.00,1.87
2015.12.30 21:31:30.636,0.73784,0.73795,1.00,1.00
2015.12.30 21:31:31.146,0.73783,0.73795,1.00,1.12
2015.12.30 21:32:07.669,0.73783,0.73795,1.00,1.50
2015.12.30 21:32:09.372,0.73782,0.73794,1.00,1.12
2015.12.30 21:33:01.166,0.73783,0.73795,1.00,1.12
2015.12.30 21:33:02.173,0.73783,0.73795,1.00,1.37
2015.12.30 21:33:09.206,0.73784,0.73795,1.00,1.12
2015.12.30 21:33:46.282,0.73785,0.73795,1.00,1.00
2015.12.30 21:34:13.903,0.73784,0.73794,1.00,1.00
2015.12.30 21:34:38.325,0.73783,0.73793,1.00,1.00
2015.12.30 21:34:47.330,0.73781,0.7379,1.50,2.25
2015.12.30 21:34:47.484,0.73778,0.7379,1.00,3.00
2015.12.30 21:34:47.992,0.73778,0.73788,1.00,1.00
2015.12.30 21:34:49.829,0.73778,0.73786,1.00,1.00
2015.12.30 21:34:54.829,0.73776,0.73786,1.00,1.00
2015.12.30 21:35:24.504,0.73775,0.73786,1.00,1.00
2015.12.30 21:35:28.900,0.73776,0.73786,1.00,1.00
2015.12.30 21:35:49.842,0.73776,0.73788,1.00,1.00
2015.12.30 21:35:56.171,0.73776,0.73788,1.00,1.37
2015.12.30 21:36:02.297,0.73776,0.73788,1.00,1.00
2015.12.30 21:36:18.976,0.73777,0.73788,1.00,1.00
2015.12.30 21:36:19.845,0.73776,0.73788,1.50,1.50
2015.12.30 21:36:22.240,0.73777,0.73788,1.00,1.00
2015.12.30 21:36:23.341,0.73776,0.73788,1.50,1.50
2015.12.30 21:36:24.034,0.73777,0.73788,1.00,1.00
2015.12.30 21:36:27.155,0.73776,0.73788,1.50,1.50
2015.12.30 21:36:28.631,0.73777,0.73789,1.00,1.50
2015.12.30 21:36:29.192,0.73776,0.73788,1.00,1.00
2015.12.30 21:36:42.168,0.73776,0.73788,1.00,1.37
2015.12.30 21:36:44.349,0.73776,0.73788,1.00,1.00
2015.12.30 21:37:11.970,0.73777,0.73789,1.00,1.50
2015.12.30 21:37:13.512,0.73776,0.73788,1.12,1.00
2015.12.30 21:37:14.977,0.73777,0.73789,1.00,1.50
2015.12.30 21:37:17.941,0.73776,0.73788,1.00,1.00
2015.12.30 21:37:46.508,0.73777,0.73789,1.00,1.50
2015.12.30 21:37:54.002,0.73776,0.73788,1.00,1.00
2015.12.30 21:38:15.156,0.73776,0.73788,1.50,1.37
2015.12.30 21:38:24.523,0.73776,0.73788,1.00,1.00
2015.12.30 21:38:27.749,0.73776,0.73788,1.00,1.37
2015.12.30 21:38:31.265,0.73776,0.73788,1.00,1.00
2015.12.30 21:38:33.460,0.73776,0.73788,1.00,1.37
2015.12.30 21:38:34.461,0.73776,0.73788,1.00,1.00
2015.12.30 21:38:49.346,0.73777,0.73789,1.00,1.12
2015.12.30 21:38:50.849,0.73776,0.73788,1.12,1.00
2015.12.30 21:38:52.630,0.73777,0.73789,1.00,1.00
2015.12.30 21:39:08.115,0.73777,0.73789,1.00,1.87
2015.12.30 21:39:13.885,0.73777,0.73789,1.87,1.87
2015.12.30 21:39:14.418,0.73779,0.7379,1.00,1.37
2015.12.30 21:39:14.789,0.73779,0.7379,1.12,1.12
2015.12.30 21:39:33.214,0.73779,0.7379,1.87,1.12
2015.12.30 21:39:36.444,0.7378,0.7379,1.87,1.00
2015.12.30 21:39:36.951,0.7378,0.7379,1.12,1.00
2015.12.30 21:39:42.922,0.7378,0.7379,1.87,1.00
2015.12.30 21:39:44.033,0.7378,0.7379,1.12,1.00
2015.12.30 21:39:45.587,0.7378,0.7379,1.87,1.00
2015.12.30 21:39:46.527,0.7378,0.7379,1.12,1.00
2015.12.30 21:39:51.235,0.73779,0.7379,1.87,1.37
2015.12.30 21:39:51.744,0.73779,0.7379,1.12,1.37
2015.12.30 21:39:52.253,0.73779,0.7379,1.87,1.37
2015.12.30 21:39:52.864,0.73779,0.7379,1.12,1.37
2015.12.30 21:39:53.735,0.73779,0.7379,1.12,1.12
2015.12.30 21:39:56.944,0.73779,0.7379,1.12,1.37
2015.12.30 21:39:57.959,0.73779,0.7379,1.12,1.12
2015.12.30 21:40:02.096,0.73779,0.7379,1.87,1.12
2015.12.30 21:40:02.619,0.7378,0.7379,1.37,1.12
2015.12.30 21:40:03.122,0.73779,0.7379,1.87,1.12
2015.12.30 21:40:04.393,0.7378,0.7379,1.37,1.12
2015.12.30 21:40:04.899,0.73779,0.73791,1.87,1.87
2015.12.30 21:40:05.409,0.7378,0.73791,1.37,1.87
2015.12.30 21:40:05.802,0.73779,0.73791,1.12,1.87
2015.12.30 21:40:07.353,0.73779,0.73791,1.12,1.87
2015.12.30 21:40:07.872,0.73779,0.73791,1.87,1.87
2015.12.30 21:40:08.381,0.73779,0.73791,1.87,1.87
2015.12.30 21:40:10.115,0.73779,0.7379,1.12,1.12
2015.12.30 21:40:10.637,0.73779,0.7379,1.87,1.12
2015.12.30 21:40:11.146,0.7378,0.7379,1.37,1.12
2015.12.30 21:40:11.677,0.73779,0.7379,1.87,1.37
2015.12.30 21:40:13.527,0.7378,0.7379,1.37,1.37
2015.12.30 21:40:13.629,0.73779,0.7379,1.12,1.37
2015.12.30 21:40:18.806,0.73779,0.7379,1.87,1.37
2015.12.30 21:40:19.113,0.73778,0.7379,1.12,1.87
2015.12.30 21:40:19.520,0.7378,0.7379,1.00,1.87
2015.12.30 21:40:19.926,0.73778,0.7379,1.12,1.87
2015.12.30 21:40:20.445,0.73778,0.7379,1.87,1.87
2015.12.30 21:40:21.703,0.73779,0.7379,1.37,1.87
2015.12.30 21:40:24.525,0.73779,0.7379,1.12,1.37
2015.12.30 21:40:28.552,0.73779,0.7379,1.87,1.12
2015.12.30 21:40:29.059,0.73779,0.7379,1.12,1.12
2015.12.30 21:40:30.213,0.7378,0.7379,1.37,1.12
2015.12.30 21:40:33.260,0.73778,0.7379,1.87,1.87
2015.12.30 21:40:33.864,0.73779,0.7379,1.37,1.87
2015.12.30 21:40:34.229,0.73778,0.7379,1.87,1.87
2015.12.30 21:40:34.774,0.73779,0.7379,1.37,1.87
2015.12.30 21:40:35.433,0.73778,0.7379,1.87,1.87
2015.12.30 21:40:36.070,0.7378,0.7379,1.37,1.87
2015.12.30 21:40:36.224,0.7378,0.7379,1.37,1.87
2015.12.30 21:40:36.762,0.73779,0.7379,1.37,1.87
2015.12.30 21:40:39.279,0.73778,0.7379,1.87,1.87
2015.12.30 21:40:39.828,0.73778,0.73789,1.37,1.00
2015.12.30 21:40:42.277,0.73779,0.73789,1.37,1.12
2015.12.30 21:40:42.793,0.73778,0.73789,1.37,1.12
2015.12.30 21:40:43.351,0.73779,0.73789,1.37,1.12
2015.12.30 21:40:43.555,0.73777,0.73789,1.87,1.12
2015.12.30 21:40:44.087,0.73779,0.73789,1.37,1.87
2015.12.30 21:40:44.595,0.73778,0.73789,1.37,1.12
2015.12.30 21:40:45.357,0.73779,0.73789,1.37,1.12
2015.12.30 21:40:45.958,0.73778,0.73789,1.37,1.12
2015.12.30 21:40:46.466,0.73777,0.73789,1.87,1.12
2015.12.30 21:40:46.975,0.73778,0.73789,1.37,1.12
2015.12.30 21:40:47.483,0.73778,0.73788,1.37,1.00
2015.12.30 21:40:48.011,0.73778,0.7379,1.87,1.87
2015.12.30 21:40:48.470,0.7378,0.7379,1.37,1.37
2015.12.30 21:40:48.674,0.73779,0.7379,1.12,1.12
2015.12.30 21:40:52.159,0.73779,0.7379,1.12,1.37
2015.12.30 21:40:53.369,0.73779,0.7379,1.37,1.37
2015.12.30 21:40:54.508,0.73779,0.73791,1.12,1.87
2015.12.30 21:41:00.384,0.73779,0.7379,1.87,1.37
2015.12.30 21:41:02.432,0.73779,0.7379,1.87,1.00
2015.12.30 21:41:02.941,0.73779,0.7379,1.12,1.00
2015.12.30 21:41:03.297,0.7378,0.7379,1.37,1.00
2015.12.30 21:41:03.821,0.73779,0.7379,1.87,1.37
2015.12.30 21:41:04.329,0.73779,0.7379,1.12,1.37
2015.12.30 21:41:04.843,0.73779,0.7379,1.87,1.37
2015.12.30 21:41:05.369,0.73779,0.7379,1.87,1.50
2015.12.30 21:41:07.310,0.73779,0.7379,1.87,1.37
2015.12.30 21:41:07.818,0.73779,0.7379,1.00,1.37
2015.12.30 21:41:09.860,0.73779,0.7379,1.12,1.12
2015.12.30 21:41:12.040,0.73779,0.7379,1.87,1.12
2015.12.30 21:41:12.543,0.73779,0.7379,1.12,1.12
2015.12.30 21:41:15.698,0.73779,0.7379,1.87,1.12
2015.12.30 21:41:16.209,0.73779,0.7379,1.12,1.12
2015.12.30 21:41:16.718,0.73779,0.7379,1.87,1.12
2015.12.30 21:41:17.226,0.73779,0.7379,1.12,1.37
2015.12.30 21:41:18.306,0.73779,0.7379,1.12,1.12
2015.12.30 21:41:19.275,0.73779,0.7379,1.12,1.37
2015.12.30 21:41:19.957,0.73779,0.7379,1.87,1.37
2015.12.30 21:41:20.466,0.73779,0.7379,1.12,1.37
2015.12.30 21:41:22.639,0.73779,0.7379,1.87,1.37
2015.12.30 21:41:23.179,0.73779,0.7379,1.12,1.37
2015.12.30 21:41:24.564,0.73779,0.73791,1.87,3.37
2015.12.30 21:41:25.068,0.73779,0.73791,1.12,2.25
2015.12.30 21:41:26.247,0.73779,0.73791,1.87,3.37
2015.12.30 21:41:26.758,0.73779,0.73791,1.12,2.25
2015.12.30 21:41:27.318,0.73779,0.73791,1.12,2.25
2015.12.30 21:41:27.827,0.73779,0.73791,1.87,3.37
2015.12.30 21:41:28.337,0.73779,0.73791,1.12,2.25
2015.12.30 21:41:28.932,0.73779,0.73791,1.87,3.37
2015.12.30 21:41:29.549,0.73779,0.73791,1.12,2.25
2015.12.30 21:41:30.526,0.73779,0.73791,1.12,2.25
2015.12.30 21:41:33.584,0.73779,0.73791,1.87,3.37
2015.12.30 21:41:34.170,0.73779,0.73791,1.12,2.25
2015.12.30 21:41:36.175,0.73779,0.73791,1.87,3.37
2015.12.30 21:41:36.684,0.73779,0.73791,1.12,2.25
2015.12.30 21:41:38.163,0.73779,0.73791,1.87,3.37
2015.12.30 21:41:38.673,0.73779,0.73791,1.12,2.25
2015.12.30 21:41:39.478,0.73779,0.7379,1.87,1.00
2015.12.30 21:41:40.192,0.73779,0.73791,1.12,2.62
2015.12.30 21:41:41.870,0.73779,0.73791,1.12,2.62
2015.12.30 21:41:43.360,0.73779,0.73791,1.87,2.25
2015.12.30 21:41:44.073,0.73779,0.7379,1.87,1.00
2015.12.30 21:41:44.747,0.73779,0.73791,1.12,2.62
2015.12.30 21:41:45.364,0.73779,0.7379,1.87,1.00
2015.12.30 21:41:45.874,0.73779,0.73791,1.12,2.62
2015.12.30 21:41:46.767,0.73779,0.7379,1.87,1.00
2015.12.30 21:41:47.287,0.73779,0.73791,1.12,2.62
2015.12.30 21:41:47.795,0.73779,0.73791,1.37,2.25
2015.12.30 21:41:48.318,0.73779,0.73791,1.12,2.62
2015.12.30 21:41:49.285,0.73779,0.7379,1.87,1.00
2015.12.30 21:41:49.829,0.73779,0.73791,1.12,2.62
2015.12.30 21:41:51.228,0.73779,0.7379,1.87,1.00
2015.12.30 21:41:51.740,0.73779,0.73791,1.12,2.62
2015.12.30 21:41:52.249,0.73779,0.7379,1.87,1.00
2015.12.30 21:41:52.770,0.73779,0.73791,1.12,2.62
2015.12.30 21:41:53.296,0.73779,0.7379,1.87,1.00
2015.12.30 21:41:53.805,0.73779,0.73791,1.12,2.62
2015.12.30 21:41:54.517,0.73779,0.73791,1.87,3.75
2015.12.30 21:41:55.018,0.73779,0.73791,1.12,2.62
2015.12.30 21:41:56.190,0.73779,0.73791,1.37,2.25
2015.12.30 21:41:56.732,0.73779,0.73791,1.12,2.62
2015.12.30 21:41:57.610,0.73779,0.73791,1.37,2.25
2015.12.30 21:41:58.582,0.73779,0.73791,1.12,2.62
2015.12.30 21:41:59.094,0.73779,0.73791,1.87,2.25
2015.12.30 21:41:59.806,0.73779,0.73791,1.12,2.62
2015.12.30 21:42:00.346,0.73779,0.73791,1.87,2.25
2015.12.30 21:42:00.856,0.73779,0.73791,1.12,2.62
2015.12.30 21:42:01.366,0.73779,0.73791,1.87,2.25
2015.12.30 21:42:02.119,0.73779,0.73791,1.12,2.62
2015.12.30 21:42:02.611,0.7378,0.73791,1.37,2.62
2015.12.30 21:42:02.816,0.73779,0.73791,1.12,2.62
2015.12.30 21:42:03.362,0.73779,0.73791,1.87,2.25
2015.12.30 21:42:03.871,0.73779,0.73791,1.37,2.25
2015.12.30 21:42:04.380,0.73779,0.73791,1.12,2.62
2015.12.30 21:42:04.791,0.7378,0.73791,1.37,3.00
2015.12.30 21:42:05.293,0.73779,0.73791,1.87,2.25
2015.12.30 21:42:06.210,0.73779,0.73791,1.12,2.25
2015.12.30 21:42:06.829,0.73779,0.73791,1.87,1.87
2015.12.30 21:42:07.744,0.73779,0.73791,1.87,3.00
2015.12.30 21:42:08.280,0.73779,0.73791,1.87,1.87
2015.12.30 21:42:08.800,0.7378,0.73791,1.37,2.25
2015.12.30 21:42:09.604,0.73779,0.73791,1.37,1.87
2015.12.30 21:42:11.446,0.73779,0.73791,1.87,3.00
2015.12.30 21:42:12.351,0.73779,0.73791,1.87,1.87
2015.12.30 21:42:12.859,0.7378,0.73791,1.37,2.25
2015.12.30 21:42:12.912,0.73779,0.73791,1.12,2.25
2015.12.30 21:42:13.530,0.73779,0.7379,1.87,1.00
2015.12.30 21:42:14.078,0.73779,0.73791,1.12,3.00
2015.12.30 21:42:14.770,0.73779,0.73791,1.12,3.00
2015.12.30 21:42:15.757,0.73779,0.73791,1.87,3.75
2015.12.30 21:42:16.267,0.73779,0.73791,1.12,3.00
2015.12.30 21:42:16.624,0.73779,0.73789,1.87,2.62
2015.12.30 21:42:16.778,0.73778,0.73787,1.00,1.50
2015.12.30 21:42:17.564,0.73778,0.73786,1.00,1.00
2015.12.30 21:42:17.615,0.73776,0.73786,1.00,1.00
2015.12.30 21:42:18.126,0.73776,0.73787,1.00,1.12
2015.12.30 21:42:19.736,0.73776,0.73788,1.00,3.75
2015.12.30 21:42:37.952,0.73776,0.73788,1.00,1.12
2015.12.30 21:42:38.107,0.73778,0.73788,1.87,1.12
2015.12.30 21:42:38.615,0.73778,0.7379,1.12,1.87
2015.12.30 21:42:39.214,0.73778,0.7379,1.12,1.87
2015.12.30 21:42:40.298,0.73778,0.7379,1.87,2.25
2015.12.30 21:42:40.809,0.73778,0.7379,1.12,1.87
2015.12.30 21:42:41.470,0.73778,0.7379,1.87,2.25
2015.12.30 21:42:42.051,0.73778,0.7379,1.12,1.87
2015.12.30 21:42:42.569,0.73778,0.7379,1.12,1.87
2015.12.30 21:42:44.633,0.73778,0.7379,1.12,1.87
2015.12.30 21:42:45.628,0.73778,0.7379,1.12,1.87
2015.12.30 21:42:46.391,0.73778,0.7379,1.87,2.25
2015.12.30 21:42:46.894,0.73778,0.7379,1.12,1.87
2015.12.30 21:42:47.403,0.73778,0.73789,1.00,3.00
2015.12.30 21:42:47.455,0.73776,0.73788,1.00,1.75
2015.12.30 21:43:10.521,0.73776,0.73788,1.00,2.25
2015.12.30 21:43:11.031,0.73777,0.73788,1.50,1.50
2015.12.30 21:43:13.474,0.73777,0.73789,1.87,1.50
2015.12.30 21:43:14.193,0.73778,0.7379,1.50,1.75
2015.12.30 21:43:14.448,0.73779,0.7379,1.87,1.12
2015.12.30 21:43:15.334,0.73779,0.73791,1.12,4.12
2015.12.30 21:43:15.909,0.73779,0.73791,1.12,2.25
2015.12.30 21:43:21.377,0.73779,0.73791,1.87,3.00
2015.12.30 21:43:21.901,0.73779,0.73791,1.12,2.25
2015.12.30 21:43:22.539,0.73779,0.7379,1.00,1.12
2015.12.30 21:43:22.591,0.73779,0.7379,1.00,1.87
2015.12.30 21:43:22.897,0.73784,0.73795,1.00,3.37
2015.12.30 21:43:22.999,0.73781,0.73793,1.87,1.12
2015.12.30 21:43:23.101,0.73783,0.73793,1.50,1.00
2015.12.30 21:43:23.407,0.73784,0.73795,1.37,1.87
2015.12.30 21:43:23.762,0.73782,0.73793,1.00,1.00
2015.12.30 21:43:24.071,0.73785,0.73795,1.00,1.87
2015.12.30 21:43:24.586,0.73785,0.73795,1.87,1.00
2015.12.30 21:43:25.094,0.73786,0.73795,1.37,1.00
2015.12.30 21:43:25.636,0.73785,0.73795,1.37,1.00
2015.12.30 21:43:26.855,0.73786,0.73795,1.37,1.00
2015.12.30 21:43:28.060,0.73785,0.73795,1.87,1.00
2015.12.30 21:43:29.168,0.73786,0.73795,1.37,1.00
2015.12.30 21:43:29.372,0.73785,0.73795,1.12,1.00
2015.12.30 21:43:29.960,0.73785,0.73795,1.87,1.12
2015.12.30 21:43:30.856,0.73786,0.73795,1.37,1.12
2015.12.30 21:43:31.365,0.73785,0.73795,1.87,1.12
2015.12.30 21:43:32.272,0.73785,0.73793,1.00,1.12
2015.12.30 21:43:32.375,0.7378,0.73791,1.00,1.00
2015.12.30 21:43:32.784,0.73778,0.7379,1.00,1.00
2015.12.30 21:43:33.245,0.73777,0.73788,1.00,1.00
2015.12.30 21:43:33.747,0.73777,0.73789,1.00,1.50
2015.12.30 21:43:34.103,0.73777,0.73787,1.00,1.00
2015.12.30 21:43:34.957,0.73774,0.73786,1.00,1.00
2015.12.30 21:43:35.017,0.73774,0.73784,1.00,1.00
2015.12.30 21:43:35.323,0.73772,0.73784,1.00,1.00
2015.12.30 21:43:38.648,0.73772,0.73782,1.00,1.00
2015.12.30 21:43:38.953,0.7377,0.7378,1.00,1.50
2015.12.30 21:43:43.576,0.7377,0.73782,1.00,1.87
2015.12.30 21:43:47.392,0.73771,0.73782,1.00,1.00
2015.12.30 21:43:47.916,0.73771,0.73783,1.50,1.00
2015.12.30 21:43:48.663,0.73771,0.73783,1.00,1.37
2015.12.30 21:43:48.766,0.73769,0.73781,1.50,1.00
2015.12.30 21:43:49.072,0.73769,0.73779,1.00,1.00
2015.12.30 21:43:49.176,0.73767,0.73779,1.50,1.00
2015.12.30 21:43:49.687,0.73767,0.73778,1.00,1.00
2015.12.30 21:43:51.643,0.73768,0.73779,1.12,1.37
2015.12.30 21:43:52.155,0.7377,0.73782,1.00,3.37
2015.12.30 21:43:53.215,0.7377,0.73782,1.12,3.37
2015.12.30 21:43:56.064,0.7377,0.73782,1.00,2.25
2015.12.30 21:43:57.121,0.73769,0.73781,1.00,1.87
2015.12.30 21:43:57.630,0.73768,0.7378,1.00,1.00
2015.12.30 21:44:03.512,0.73768,0.73778,1.00,1.00
2015.12.30 21:44:09.342,0.73767,0.73777,1.00,1.00
2015.12.30 21:44:09.649,0.73767,0.73779,1.00,1.00
2015.12.30 21:44:10.323,0.73768,0.7378,1.00,1.00
2015.12.30 21:44:10.426,0.73768,0.73778,1.00,1.00
2015.12.30 21:44:12.490,0.73769,0.73779,1.00,1.00
2015.12.30 21:44:12.956,0.73767,0.73779,1.00,1.00
2015.12.30 21:44:13.555,0.73768,0.7378,1.00,1.00
2015.12.30 21:44:13.807,0.73768,0.73778,1.00,1.00
2015.12.30 21:44:14.367,0.73768,0.7378,1.00,1.00
2015.12.30 21:44:14.877,0.73767,0.73779,1.00,1.00
2015.12.30 21:44:15.454,0.73768,0.7378,1.00,1.00
2015.12.30 21:44:15.964,0.73769,0.73781,1.00,1.00
2015.12.30 21:44:18.875,0.7377,0.73782,1.00,1.12
2015.12.30 21:44:21.668,0.7377,0.73782,1.00,3.00
2015.12.30 21:44:23.416,0.7377,0.73782,1.00,1.50
2015.12.30 21:44:49.254,0.7377,0.73782,1.37,1.50
2015.12.30 21:44:49.762,0.7377,0.73782,1.00,1.50
2015.12.30 21:44:57.764,0.7377,0.73782,1.00,1.00
2015.12.30 21:44:58.388,0.73771,0.73783,1.00,1.00
2015.12.30 21:44:58.900,0.73772,0.73784,1.00,1.12
2015.12.30 21:45:00.031,0.73772,0.73782,1.00,1.00
2015.12.30 21:45:00.338,0.7377,0.73782,1.50,1.00
2015.12.30 21:45:00.923,0.73771,0.73783,1.00,1.00
2015.12.30 21:45:02.234,0.7377,0.73782,1.50,1.00
2015.12.30 21:45:04.089,0.73771,0.73783,1.00,1.00
2015.12.30 21:45:13.780,0.73768,0.73778,1.00,1.00
2015.12.30 21:45:14.081,0.73766,0.73776,1.00,1.00
2015.12.30 21:45:15.000,0.73764,0.73776,1.00,1.00
2015.12.30 21:45:30.820,0.73765,0.73777,1.00,1.00
2015.12.30 21:45:41.160,0.73764,0.73776,1.00,1.00
2015.12.30 21:45:58.872,0.73765,0.73777,1.00,1.00
2015.12.30 21:45:59.375,0.73764,0.73776,1.00,1.00
2015.12.30 21:46:11.467,0.73774,0.73778,1.00,1.00
2015.12.30 21:46:11.570,0.73775,0.73781,1.00,1.00
2015.12.30 21:46:11.672,0.73773,0.73782,1.50,1.00
2015.12.30 21:46:11.826,0.73773,0.73782,1.00,1.37
2015.12.30 21:46:11.877,0.7377,0.7378,1.00,1.87
2015.12.30 21:46:11.929,0.73768,0.7378,1.00,1.50
2015.12.30 21:46:11.981,0.73765,0.73776,1.12,1.00
2015.12.30 21:46:12.529,0.73764,0.73776,1.00,1.00
2015.12.30 21:46:13.192,0.73765,0.73777,1.00,1.00
2015.12.30 21:46:13.728,0.73764,0.73776,1.00,1.00
2015.12.30 21:46:20.582,0.73766,0.73778,1.00,1.00
2015.12.30 21:46:21.129,0.73767,0.73779,1.00,1.00
2015.12.30 21:46:30.889,0.73767,0.73776,1.00,1.00
2015.12.30 21:46:31.043,0.73763,0.73775,1.00,1.00
2015.12.30 21:46:31.699,0.73763,0.73773,1.00,1.00
2015.12.30 21:46:37.524,0.73762,0.73773,1.00,1.50
2015.12.30 21:46:38.034,0.73761,0.73773,1.00,1.50
2015.12.30 21:46:40.809,0.73762,0.73773,1.00,1.00
2015.12.30 21:46:45.719,0.73762,0.73774,1.00,3.37
2015.12.30 21:46:46.039,0.73762,0.73772,1.00,1.50
2015.12.30 21:46:51.723,0.73762,0.73772,1.00,1.37
2015.12.30 21:46:53.726,0.73762,0.73772,1.00,1.12
2015.12.30 21:46:54.941,0.73762,0.73772,1.00,1.37
2015.12.30 21:46:55.824,0.73762,0.73772,1.00,1.87
2015.12.30 21:47:00.843,0.73762,0.73772,1.00,1.37
2015.12.30 21:47:03.746,0.73762,0.73772,1.00,1.37
2015.12.30 21:47:09.828,0.73762,0.73772,1.00,1.00
2015.12.30 21:47:10.391,0.73762,0.73773,1.00,1.50
2015.12.30 21:47:14.924,0.73763,0.73773,1.00,1.00
2015.12.30 21:47:16.335,0.73762,0.73774,1.00,1.37
2015.12.30 21:47:17.332,0.73764,0.73774,1.00,1.37
2015.12.30 21:47:17.856,0.73764,0.73774,1.00,1.75
2015.12.30 21:47:19.149,0.73764,0.73774,1.00,1.50
2015.12.30 21:47:19.200,0.73762,0.73775,1.00,3.37
2015.12.30 21:47:27.464,0.73763,0.73773,1.00,1.12
2015.12.30 21:47:28.204,0.73769,0.73776,1.00,1.37
2015.12.30 21:47:29.270,0.73769,0.73776,1.00,1.37
2015.12.30 21:47:30.260,0.73769,0.73776,1.00,1.12
2015.12.30 21:47:34.739,0.73765,0.73776,1.00,1.50
2015.12.30 21:47:35.072,0.73765,0.73774,1.00,1.00
2015.12.30 21:47:35.582,0.73764,0.73774,1.00,1.50
2015.12.30 21:47:35.837,0.73762,0.73774,1.00,1.50
2015.12.30 21:47:36.380,0.73762,0.73774,1.00,1.37
2015.12.30 21:47:37.132,0.73763,0.73773,1.00,1.12
2015.12.30 21:47:39.892,0.73762,0.73773,1.00,1.00
2015.12.30 21:47:40.622,0.73762,0.73774,1.00,1.75
2015.12.30 21:47:45.490,0.73762,0.73773,1.00,1.12
2015.12.30 21:47:52.049,0.73762,0.73773,1.00,1.00
2015.12.30 21:47:52.757,0.73762,0.73774,1.00,1.50
2015.12.30 21:47:56.163,0.73762,0.73774,1.00,1.87
2015.12.30 21:47:58.973,0.73762,0.73774,1.00,2.62
2015.12.30 21:48:01.678,0.73762,0.73774,1.00,1.87
2015.12.30 21:48:03.569,0.73762,0.73774,1.00,2.25
2015.12.30 21:48:06.245,0.73762,0.73774,1.00,2.25
2015.12.30 21:48:10.951,0.73762,0.73773,1.00,1.37
2015.12.30 21:48:12.770,0.73762,0.73773,1.00,1.50
2015.12.30 21:48:13.962,0.73762,0.73772,1.00,1.37
2015.12.30 21:48:31.193,0.73762,0.73773,1.00,1.00
2015.12.30 21:48:32.579,0.73761,0.73773,1.00,1.50
2015.12.30 21:48:33.113,0.73762,0.73773,1.00,1.50
2015.12.30 21:48:40.049,0.73763,0.73773,1.00,2.25
2015.12.30 21:48:41.104,0.73763,0.73773,1.00,2.62
2015.12.30 21:48:43.447,0.73763,0.73773,1.00,1.87
2015.12.30 21:48:44.340,0.73763,0.73773,1.00,1.87
2015.12.30 21:48:52.129,0.73763,0.73773,1.00,2.25
2015.12.30 21:48:53.238,0.73763,0.73773,1.00,1.50
2015.12.30 21:48:53.756,0.73763,0.73773,1.00,1.87
2015.12.30 21:48:54.893,0.73764,0.73773,1.00,1.12
2015.12.30 21:49:02.592,0.73765,0.73773,1.00,1.00
2015.12.30 21:49:05.136,0.73763,0.73773,1.00,1.00
2015.12.30 21:49:07.929,0.73763,0.73775,1.00,1.50
2015.12.30 21:49:11.093,0.73764,0.73775,1.00,1.00
2015.12.30 21:49:11.737,0.73763,0.73775,1.00,1.50
2015.12.30 21:49:12.253,0.73764,0.73775,1.00,1.00
2015.12.30 21:49:13.016,0.73764,0.73774,1.00,1.00
2015.12.30 21:49:15.149,0.73764,0.73776,1.00,2.25
2015.12.30 21:49:17.720,0.73764,0.73776,1.00,2.62
2015.12.30 21:49:18.842,0.73764,0.73776,1.00,2.62
2015.12.30 21:49:20.831,0.73764,0.73776,1.00,3.00
2015.12.30 21:49:22.913,0.73764,0.73776,1.00,3.00
2015.12.30 21:49:24.320,0.73764,0.73776,1.00,3.37
2015.12.30 21:49:24.830,0.73764,0.73775,1.00,1.00
2015.12.30 21:49:25.340,0.73764,0.73776,1.00,2.25
2015.12.30 21:49:27.258,0.73764,0.73775,1.00,1.12
2015.12.30 21:49:31.884,0.73764,0.73776,1.00,1.50
2015.12.30 21:49:32.139,0.73766,0.73777,1.00,1.00
2015.12.30 21:49:36.048,0.73766,0.73776,1.00,1.00
2015.12.30 21:49:36.556,0.73765,0.73776,1.00,1.50
2015.12.30 21:49:40.420,0.73766,0.73776,1.00,1.00
2015.12.30 21:49:43.586,0.73766,0.73775,1.00,1.00
2015.12.30 21:49:43.688,0.73766,0.73777,1.00,1.00
2015.12.30 21:49:53.322,0.73767,0.73777,1.00,1.87
2015.12.30 21:50:01.626,0.73766,0.73777,1.00,1.50
2015.12.30 21:50:05.067,0.73767,0.73778,1.00,1.37
2015.12.30 21:50:05.608,0.73766,0.73778,1.00,1.87
2015.12.30 21:50:09.333,0.73766,0.73778,1.00,1.50
2015.12.30 21:50:09.856,0.73766,0.73777,1.00,1.00
2015.12.30 21:50:10.213,0.73764,0.73776,1.00,2.25
2015.12.30 21:50:10.520,0.73764,0.73774,1.00,1.00
2015.12.30 21:50:10.573,0.73761,0.73773,1.00,1.00
2015.12.30 21:50:11.083,0.73761,0.73772,1.00,1.12
2015.12.30 21:50:11.595,0.7376,0.73772,1.00,1.50
2015.12.30 21:50:12.128,0.73759,0.73771,1.00,1.00
2015.12.30 21:50:20.147,0.73759,0.73771,1.00,1.37
2015.12.30 21:50:22.866,0.73758,0.7377,1.00,1.12
2015.12.30 21:50:23.459,0.73758,0.7377,1.00,1.37
2015.12.30 21:50:23.758,0.73759,0.73771,1.00,1.00
2015.12.30 21:50:24.832,0.73758,0.7377,1.00,1.00
2015.12.30 21:50:27.611,0.73759,0.73771,1.00,1.50
2015.12.30 21:50:32.695,0.73759,0.7377,1.00,1.00
2015.12.30 21:50:33.213,0.73758,0.7377,1.00,1.50
2015.12.30 21:50:34.238,0.73758,0.7377,1.00,1.87
2015.12.30 21:50:34.945,0.73758,0.7377,1.00,1.50
2015.12.30 21:50:35.593,0.73757,0.73769,1.00,1.12
2015.12.30 21:50:36.484,0.73756,0.73768,1.00,1.00
2015.12.30 21:50:37.044,0.73757,0.73769,1.00,1.12
2015.12.30 21:50:38.146,0.73756,0.73768,1.00,1.00
2015.12.30 21:50:43.634,0.73758,0.73768,1.00,1.00
2015.12.30 21:50:46.997,0.73758,0.73768,1.00,1.37
2015.12.30 21:50:55.181,0.73757,0.73767,1.00,1.00
2015.12.30 21:50:58.530,0.73755,0.73767,1.00,1.00
2015.12.30 21:50:59.925,0.73756,0.73768,1.00,1.50
2015.12.30 21:51:06.323,0.73758,0.73768,1.00,1.00
2015.12.30 21:51:09.150,0.73758,0.7377,1.00,1.50
2015.12.30 21:51:13.514,0.73758,0.73769,1.00,1.00
2015.12.30 21:51:14.032,0.73757,0.73769,1.00,1.50
2015.12.30 21:51:14.542,0.73756,0.73768,1.00,1.00
2015.12.30 21:51:15.766,0.73756,0.73766,1.00,1.00
2015.12.30 21:51:17.866,0.73758,0.73767,1.00,1.00
2015.12.30 21:51:18.381,0.73757,0.73767,1.00,1.00
2015.12.30 21:51:19.528,0.73759,0.73767,1.00,1.00
2015.12.30 21:51:19.580,0.73759,0.73769,1.00,2.25
2015.12.30 21:51:20.556,0.73759,0.7377,1.00,1.50
2015.12.30 21:51:21.058,0.7376,0.7377,1.00,1.50
2015.12.30 21:51:25.505,0.73761,0.7377,1.00,1.00
2015.12.30 21:51:26.711,0.73762,0.73773,1.00,1.50
2015.12.30 21:51:26.872,0.73764,0.73775,1.00,1.12
2015.12.30 21:51:27.384,0.73765,0.73773,1.00,1.00
2015.12.30 21:51:27.436,0.73762,0.73773,1.00,1.00
2015.12.30 21:51:27.780,0.73765,0.73774,1.00,1.00
2015.12.30 21:51:28.292,0.73765,0.73775,1.00,1.00
2015.12.30 21:51:29.752,0.73765,0.73774,1.00,1.00
2015.12.30 21:51:30.302,0.73765,0.73775,1.00,1.00
2015.12.30 21:51:39.009,0.73765,0.73774,1.00,1.00
2015.12.30 21:51:39.520,0.73766,0.73773,1.00,1.00
2015.12.30 21:51:39.988,0.73766,0.7377,1.00,1.00
2015.12.30 21:51:40.091,0.73766,0.73773,1.00,1.00
2015.12.30 21:51:40.842,0.73766,0.73775,1.00,1.50
2015.12.30 21:51:41.977,0.73766,0.73777,1.00,1.12
2015.12.30 21:51:44.501,0.73767,0.73777,1.00,1.12
2015.12.30 21:51:47.039,0.73767,0.73776,1.00,1.00
2015.12.30 21:51:47.192,0.73767,0.73774,1.00,1.00
2015.12.30 21:51:49.680,0.73766,0.73774,1.00,1.00
2015.12.30 21:51:50.184,0.73765,0.73774,1.00,1.00
2015.12.30 21:51:50.707,0.73764,0.73774,1.00,1.00
2015.12.30 21:51:52.495,0.73764,0.73776,1.00,1.12
2015.12.30 21:51:54.613,0.73764,0.73776,1.00,1.37
2015.12.30 21:51:58.877,0.73766,0.73776,1.00,1.87
2015.12.30 21:52:00.996,0.73766,0.73776,1.00,1.50
2015.12.30 21:52:02.945,0.73766,0.73776,1.00,1.87
2015.12.30 21:52:05.238,0.73766,0.73776,1.00,1.12
2015.12.30 21:52:05.596,0.73767,0.73778,1.00,1.00
2015.12.30 21:52:05.699,0.7377,0.73778,1.00,1.00
2015.12.30 21:52:06.057,0.7377,0.7378,1.00,1.00
2015.12.30 21:52:06.601,0.7377,0.73781,1.00,2.62
2015.12.30 21:52:12.226,0.7377,0.7378,1.00,1.12
2015.12.30 21:52:23.690,0.7377,0.73779,1.00,1.00
2015.12.30 21:52:27.821,0.7377,0.73781,1.00,1.00
2015.12.30 21:52:29.924,0.7377,0.7378,1.00,1.00
2015.12.30 21:52:32.524,0.7377,0.73781,1.00,3.00
2015.12.30 21:52:33.394,0.7377,0.7378,1.00,1.00
2015.12.30 21:52:34.214,0.73772,0.7378,1.00,1.12
2015.12.30 21:52:34.418,0.7377,0.7378,1.00,1.12
2015.12.30 21:53:03.849,0.7377,0.73781,1.00,1.00
2015.12.30 21:53:03.951,0.73772,0.73782,1.00,1.50
2015.12.30 21:53:04.567,0.73774,0.73782,1.00,1.50
2015.12.30 21:53:05.212,0.73773,0.73782,1.00,1.50
2015.12.30 21:53:06.121,0.73775,0.73782,1.00,1.50
2015.12.30 21:53:10.439,0.73773,0.73782,1.00,1.00
2015.12.30 21:53:14.142,0.73774,0.73782,1.00,1.00
2015.12.30 21:53:31.297,0.73773,0.73782,1.00,1.00
2015.12.30 21:53:31.810,0.73773,0.73783,1.00,1.50
2015.12.30 21:53:32.330,0.73774,0.73783,1.00,1.50
2015.12.30 21:53:42.113,0.73774,0.73782,1.00,1.00
2015.12.30 21:53:45.865,0.73772,0.73782,1.00,1.00
2015.12.30 21:53:48.479,0.73773,0.73782,1.00,1.00
2015.12.30 21:53:50.551,0.73772,0.73782,1.00,1.00
2015.12.30 21:54:02.236,0.73771,0.73782,1.00,1.50
2015.12.30 21:54:04.818,0.73771,0.73781,1.00,1.00
2015.12.30 21:54:05.358,0.73772,0.73781,1.00,1.00
2015.12.30 21:54:05.907,0.73771,0.73781,1.00,1.00
2015.12.30 21:54:08.855,0.73772,0.73781,1.00,1.00
2015.12.30 21:54:11.209,0.73772,0.73782,1.00,1.50
2015.12.30 21:54:11.456,0.73776,0.73782,1.00,1.00
2015.12.30 21:54:11.508,0.73776,0.73786,1.00,1.50
2015.12.30 21:54:12.555,0.73774,0.73786,1.00,1.00
2015.12.30 21:54:17.905,0.73774,0.73785,1.00,1.00
2015.12.30 21:54:18.637,0.73775,0.73785,1.00,1.00
2015.12.30 21:54:26.752,0.73773,0.73785,1.00,1.00
2015.12.30 21:54:31.489,0.73775,0.73785,1.00,1.50
2015.12.30 21:54:32.060,0.73774,0.73785,1.00,1.00
2015.12.30 21:54:33.120,0.73773,0.73785,1.00,1.00
2015.12.30 21:54:33.905,0.73775,0.73785,1.00,1.50
2015.12.30 21:54:34.671,0.73773,0.73785,1.00,1.00
2015.12.30 21:54:35.802,0.73773,0.73784,1.00,1.00
2015.12.30 21:54:36.088,0.73775,0.73784,1.00,1.00
2015.12.30 21:54:36.602,0.73774,0.73784,1.00,1.00
2015.12.30 21:54:37.824,0.73774,0.73782,1.00,1.00
2015.12.30 21:54:37.875,0.73772,0.73782,1.00,1.00
2015.12.30 21:54:40.347,0.73772,0.73781,1.00,1.00
2015.12.30 21:54:40.501,0.73769,0.73781,1.00,1.00
2015.12.30 21:54:41.191,0.7377,0.73781,1.00,1.50
2015.12.30 21:54:44.567,0.73771,0.73781,1.00,1.00
2015.12.30 21:54:45.616,0.73771,0.7378,1.00,1.00
2015.12.30 21:54:45.885,0.73769,0.7378,1.00,1.00
2015.12.30 21:54:47.462,0.7377,0.7378,1.00,1.00
2015.12.30 21:54:47.972,0.73771,0.7378,1.00,1.00
2015.12.30 21:54:48.845,0.73769,0.7378,1.00,1.00
2015.12.30 21:54:55.140,0.7377,0.7378,1.50,1.00
2015.12.30 21:54:55.447,0.73772,0.7378,1.00,1.00
2015.12.30 21:54:56.042,0.73771,0.7378,1.00,1.00
2015.12.30 21:55:00.220,0.7377,0.7378,1.00,1.00
2015.12.30 21:55:01.274,0.7377,0.73781,1.00,1.50
2015.12.30 21:55:01.854,0.73769,0.73781,1.00,1.00
2015.12.30 21:55:02.303,0.73768,0.73778,1.00,1.00
2015.12.30 21:55:03.288,0.73769,0.73778,1.00,1.00
2015.12.30 21:55:06.882,0.73767,0.73778,1.00,1.00
2015.12.30 21:55:07.396,0.73768,0.73778,1.00,1.00
2015.12.30 21:55:07.921,0.73767,0.73778,1.00,1.00
2015.12.30 21:55:10.098,0.73768,0.73778,1.00,1.00
2015.12.30 21:55:12.411,0.73768,0.7378,1.00,1.00
2015.12.30 21:55:12.929,0.73767,0.7378,1.00,1.00
2015.12.30 21:55:17.727,0.73767,0.73775,1.00,1.00
2015.12.30 21:55:18.026,0.73765,0.73776,1.00,1.00
2015.12.30 21:55:18.555,0.73766,0.73776,1.00,1.00
2015.12.30 21:55:23.115,0.73766,0.73778,1.00,1.00
2015.12.30 21:55:29.169,0.73766,0.73779,1.00,1.00
2015.12.30 21:55:44.186,0.73766,0.73778,1.00,1.00
2015.12.30 21:55:50.144,0.73766,0.7378,1.00,1.00
2015.12.30 21:55:54.381,0.73766,0.73778,1.00,1.00
2015.12.30 21:55:56.215,0.73767,0.73778,1.00,1.00
2015.12.30 21:55:56.857,0.73765,0.73778,1.00,1.00
2015.12.30 21:55:57.370,0.73766,0.73778,1.00,1.00
2015.12.30 21:55:58.683,0.73766,0.73775,1.00,1.00
2015.12.30 21:55:58.785,0.73766,0.73778,1.00,1.50
2015.12.30 21:56:03.886,0.73765,0.73778,1.00,1.00
2015.12.30 21:56:06.432,0.73767,0.73778,1.00,1.00
2015.12.30 21:56:08.837,0.73766,0.73778,1.00,1.00
2015.12.30 21:56:34.148,0.73766,0.7378,1.00,1.50
2015.12.30 21:56:42.372,0.73765,0.73779,1.00,1.00
2015.12.30 21:56:47.116,0.73767,0.73779,1.00,1.00
2015.12.30 21:56:47.576,0.73765,0.73778,1.00,1.00
2015.12.30 21:56:47.811,0.73757,0.73761,1.00,1.00
2015.12.30 21:56:47.863,0.73757,0.73769,1.00,1.00
2015.12.30 21:56:48.016,0.73754,0.73768,1.00,1.00
2015.12.30 21:56:48.119,0.73758,0.7377,1.00,1.00
2015.12.30 21:56:48.632,0.73758,0.73771,1.00,1.00
2015.12.30 21:56:48.969,0.73763,0.73775,1.00,1.50
2015.12.30 21:56:49.430,0.73763,0.73777,1.00,1.50
2015.12.30 21:56:50.625,0.73764,0.73777,1.00,1.00
2015.12.30 21:56:51.396,0.73764,0.73776,1.00,1.00
2015.12.30 21:56:51.911,0.73765,0.73777,1.00,1.00
2015.12.30 21:56:53.081,0.73765,0.73779,1.00,1.50
2015.12.30 21:56:54.597,0.73764,0.73778,1.00,1.00
2015.12.30 21:56:55.149,0.73765,0.73779,1.00,1.50
2015.12.30 21:56:56.671,0.73765,0.73779,1.00,1.87
2015.12.30 21:56:57.795,0.73763,0.73777,1.00,1.00
2015.12.30 21:56:58.152,0.73765,0.73779,1.00,1.12
2015.12.30 21:56:59.573,0.73765,0.73778,1.00,1.00
2015.12.30 21:56:59.976,0.73755,0.7376,1.00,1.00
2015.12.30 21:57:00.027,0.73755,0.73767,1.00,1.00
2015.12.30 21:57:00.539,0.73754,0.73767,1.00,1.00
2015.12.30 21:57:03.075,0.73755,0.73767,1.00,1.00
2015.12.30 21:57:03.609,0.73754,0.73767,1.00,1.00
2015.12.30 21:57:04.173,0.73754,0.73768,1.00,1.50
2015.12.30 21:57:04.276,0.73758,0.7377,1.00,1.00
2015.12.30 21:57:04.582,0.73758,0.73772,1.00,1.50
2015.12.30 21:57:08.209,0.73758,0.73768,1.00,1.00
2015.12.30 21:57:08.414,0.73757,0.73771,1.00,1.50
2015.12.30 21:57:08.466,0.73759,0.73771,1.00,1.00
2015.12.30 21:57:09.147,0.73758,0.73772,1.00,1.50
2015.12.30 21:57:13.432,0.73758,0.73766,1.00,1.00
2015.12.30 21:57:13.636,0.73755,0.73767,1.00,1.00
2015.12.30 21:57:15.279,0.73754,0.73767,1.00,1.00
2015.12.30 21:57:17.603,0.73756,0.73769,1.00,1.00
2015.12.30 21:57:18.114,0.73757,0.73769,1.00,1.00
2015.12.30 21:57:18.573,0.73759,0.7377,1.00,1.00
2015.12.30 21:57:19.097,0.73758,0.7377,1.00,1.50
2015.12.30 21:57:19.609,0.73757,0.7377,1.00,1.00
2015.12.30 21:57:20.207,0.73758,0.7377,1.00,1.00
2015.12.30 21:57:20.514,0.7376,0.7377,1.00,1.50
2015.12.30 21:57:20.772,0.73758,0.7377,1.00,1.00
2015.12.30 21:57:21.282,0.73759,0.7377,1.00,1.50
2015.12.30 21:57:21.818,0.73758,0.7377,1.00,1.00
2015.12.30 21:57:22.330,0.73758,0.73768,1.00,1.00
2015.12.30 21:57:22.433,0.73755,0.73768,1.00,1.00
2015.12.30 21:57:31.212,0.73755,0.73768,1.00,1.37
2015.12.30 21:57:32.889,0.73754,0.73768,1.00,2.62
2015.12.30 21:57:33.433,0.73756,0.73768,1.00,1.87
2015.12.30 21:57:33.944,0.73755,0.73768,1.00,1.00
2015.12.30 21:57:34.476,0.73754,0.73768,1.00,1.50
2015.12.30 21:57:37.504,0.73757,0.73768,1.00,1.00
2015.12.30 21:57:37.900,0.73755,0.73767,1.00,1.00
2015.12.30 21:57:37.952,0.73758,0.73768,1.00,1.00
2015.12.30 21:57:38.156,0.73756,0.73768,1.00,1.00
2015.12.30 21:57:38.259,0.73754,0.73768,1.00,1.50
2015.12.30 21:57:39.355,0.73754,0.73767,1.00,1.00
2015.12.30 21:57:47.738,0.73753,0.73767,1.00,1.50
2015.12.30 21:57:48.567,0.73753,0.73766,1.00,1.00
2015.12.30 21:57:50.951,0.73753,0.73767,1.00,1.50
2015.12.30 21:57:51.920,0.73752,0.73766,1.00,1.00
2015.12.30 21:57:55.836,0.73752,0.73766,1.00,1.37
2015.12.30 21:57:56.347,0.73752,0.73764,1.00,1.00
2015.12.30 21:57:56.398,0.7375,0.73764,1.00,1.00
2015.12.30 21:57:56.553,0.73748,0.73763,1.00,1.00
2015.12.30 21:57:56.856,0.7375,0.73764,1.00,1.00
2015.12.30 21:57:57.370,0.73749,0.73765,1.00,1.00
2015.12.30 21:57:57.881,0.7375,0.73765,1.00,1.50
2015.12.30 21:57:58.219,0.73748,0.73762,1.00,1.00
2015.12.30 21:57:58.526,0.73749,0.73764,1.00,1.00
2015.12.30 21:57:58.832,0.73747,0.73763,1.00,1.00
2015.12.30 21:57:59.292,0.73748,0.73765,1.00,1.50
2015.12.30 21:57:59.670,0.73748,0.73762,1.00,1.00
2015.12.30 21:57:59.823,0.73749,0.73764,1.00,1.00
2015.12.30 21:58:00.181,0.73751,0.73765,1.00,1.00
2015.12.30 21:58:00.706,0.73752,0.73766,1.00,1.50
2015.12.30 21:58:01.032,0.73755,0.73766,1.00,1.00
