2009.06.09 09:00:00.392,0.8626,0.8627,3.40,3.00
2009.06.09 09:00:00.851,0.8626,0.8627,3.20,3.00
2009.06.09 09:00:01.202,0.86265,0.86275,1.00,3.00
2009.06.09 09:00:01.551,0.8626,0.8627,5.80,3.00
2009.06.09 09:00:02.121,0.8627,0.8628,1.00,8.40
2009.06.09 09:00:02.411,0.8627,0.86275,1.20,4.20
2009.06.09 09:00:02.691,0.8627,0.86275,3.40,1.20
2009.06.09 09:00:02.981,0.8627,0.8629,2.80,4.60
2009.06.09 09:00:03.274,0.8627,0.86285,2.00,1.60
2009.06.09 09:00:03.801,0.86265,0.86285,3.00,3.00
2009.06.09 09:00:04.151,0.86265,0.86285,3.80,3.80
2009.06.09 09:00:04.551,0.8626,0.8628,11.60,3.00
2009.06.09 09:00:05.411,0.8626,0.8628,1.60,11.40
2009.06.09 09:00:05.700,0.8626,0.8627,1.60,1.20
2009.06.09 09:00:05.920,0.8626,0.8628,1.60,3.80
2009.06.09 09:00:06.260,0.86265,0.86285,1.80,5.40
2009.06.09 09:00:06.790,0.86265,0.8628,8.40,3.00
2009.06.09 09:00:07.140,0.8627,0.86285,1.00,6.00
2009.06.09 09:00:07.540,0.8628,0.8629,2.20,7.60
2009.06.09 09:00:07.770,0.8628,0.86295,2.20,3.00
2009.06.09 09:00:08.050,0.8628,0.86295,1.60,3.00
2009.06.09 09:00:08.630,0.8628,0.86295,3.60,3.00
2009.06.09 09:00:08.930,0.8628,0.86295,2.00,3.00
2009.06.09 09:00:09.229,0.86285,0.863,1.60,3.80
2009.06.09 09:00:09.699,0.86285,0.863,2.00,3.80
2009.06.09 09:00:09.919,0.8628,0.863,8.20,3.80
2009.06.09 09:00:10.139,0.8628,0.863,3.40,3.80
2009.06.09 09:00:10.430,0.8628,0.863,3.40,3.00
2009.06.09 09:00:10.719,0.8628,0.863,2.00,3.80
2009.06.09 09:00:11.069,0.8628,0.86295,1.60,3.00
2009.06.09 09:00:11.419,0.86275,0.86295,3.20,3.00
2009.06.09 09:00:11.779,0.8628,0.86295,6.80,3.00
2009.06.09 09:00:12.411,0.8628,0.86295,2.40,3.00
2009.06.09 09:00:12.709,0.8628,0.86295,6.80,3.00
2009.06.09 09:00:12.939,0.86285,0.863,1.00,3.80
2009.06.09 09:00:13.289,0.8628,0.86295,8.40,3.00
2009.06.09 09:00:13.578,0.8628,0.86295,2.00,3.00
2009.06.09 09:00:13.859,0.8628,0.863,2.00,4.60
2009.06.09 09:00:16.238,0.8628,0.86295,2.00,3.00
2009.06.09 09:00:16.867,0.86275,0.86295,2.20,3.00
2009.06.09 09:00:19.397,0.8628,0.86295,2.40,3.00
2009.06.09 09:00:22.956,0.8628,0.86295,3.20,3.00
2009.06.09 09:00:23.186,0.8628,0.86295,3.60,3.00
2009.06.09 09:00:23.248,0.8628,0.86295,4.00,3.00
2009.06.09 09:00:24.016,0.8628,0.86295,4.80,3.00
2009.06.09 09:00:24.136,0.8628,0.863,5.60,7.00
2009.06.09 09:00:24.416,0.8628,0.863,2.00,4.60
2009.06.09 09:00:30.085,0.8628,0.863,1.60,4.60
2009.06.09 09:00:30.434,0.8628,0.86295,1.60,3.00
2009.06.09 09:00:30.844,0.86275,0.86295,10.60,5.00
2009.06.09 09:00:31.134,0.86275,0.8629,7.20,1.00
2009.06.09 09:00:31.255,0.8628,0.8629,1.00,3.00
2009.06.09 09:00:31.754,0.8628,0.8629,1.60,3.00
2009.06.09 09:00:34.114,0.8628,0.86295,2.00,1.00
2009.06.09 09:00:34.414,0.8628,0.863,4.00,4.60
2009.06.09 09:00:34.694,0.8628,0.86295,1.20,3.00
2009.06.09 09:00:34.923,0.86285,0.863,1.60,7.80
2009.06.09 09:00:35.324,0.86285,0.863,2.00,3.00
2009.06.09 09:00:35.843,0.8629,0.863,3.60,17.00
2009.06.09 09:00:36.183,0.8629,0.863,1.60,3.00
2009.06.09 09:00:36.694,0.86285,0.863,1.00,3.80
2009.06.09 09:00:37.033,0.8628,0.863,7.60,3.80
2009.06.09 09:00:37.613,0.8628,0.863,2.00,3.80
2009.06.09 09:00:37.913,0.8628,0.863,1.60,3.80
2009.06.09 09:00:38.193,0.8628,0.863,7.00,3.80
2009.06.09 09:00:38.872,0.8628,0.863,6.20,3.80
2009.06.09 09:00:39.614,0.8628,0.863,7.20,4.60
2009.06.09 09:00:39.902,0.8628,0.863,6.40,4.60
2009.06.09 09:00:40.422,0.8628,0.863,4.80,4.60
2009.06.09 09:00:40.762,0.8628,0.863,4.80,3.80
2009.06.09 09:00:41.112,0.86285,0.863,1.00,3.80
2009.06.09 09:00:41.692,0.8628,0.863,2.00,3.00
2009.06.09 09:00:41.931,0.8628,0.863,12.00,3.00
2009.06.09 09:00:42.501,0.8628,0.863,9.80,3.00
2009.06.09 09:00:42.681,0.8628,0.863,9.60,3.00
2009.06.09 09:00:43.411,0.8628,0.86295,10.60,1.00
2009.06.09 09:00:43.701,0.8628,0.86295,7.20,1.00
2009.06.09 09:00:43.991,0.8628,0.8629,7.20,1.20
2009.06.09 09:00:44.341,0.8628,0.86295,5.60,3.00
2009.06.09 09:00:44.581,0.8628,0.86295,4.80,3.00
2009.06.09 09:00:45.201,0.8628,0.8629,4.80,1.20
2009.06.09 09:00:48.160,0.86285,0.863,1.20,4.00
2009.06.09 09:00:48.560,0.86285,0.863,1.20,3.00
2009.06.09 09:00:48.970,0.8629,0.863,3.60,3.00
2009.06.09 09:00:49.260,0.8629,0.863,4.00,3.00
2009.06.09 09:00:50.449,0.86295,0.863,1.00,2.80
2009.06.09 09:00:50.830,0.863,0.86305,1.00,6.90
2009.06.09 09:00:51.009,0.863,0.86305,1.20,4.20
2009.06.09 09:00:51.519,0.863,0.8631,1.00,6.50
2009.06.09 09:00:51.849,0.863,0.86305,1.00,1.20
2009.06.09 09:00:52.239,0.86295,0.8631,3.60,3.60
2009.06.09 09:00:52.589,0.86295,0.8631,5.20,3.00
2009.06.09 09:00:52.989,0.863,0.86315,6.00,3.00
2009.06.09 09:00:53.159,0.863,0.8631,5.40,3.00
2009.06.09 09:00:53.599,0.86305,0.8631,1.00,3.00
2009.06.09 09:00:54.009,0.86305,0.8631,1.00,1.20
2009.06.09 09:00:54.469,0.8631,0.8632,1.00,2.70
2009.06.09 09:00:55.088,0.86305,0.8631,7.00,1.60
2009.06.09 09:00:57.028,0.86315,0.8632,1.20,2.10
2009.06.09 09:00:57.208,0.86315,0.8633,1.20,1.90
2009.06.09 09:00:58.468,0.86305,0.8631,7.40,1.00
2009.06.09 09:00:58.758,0.86305,0.8631,12.40,1.00
2009.06.09 09:00:58.927,0.8631,0.8633,7.20,3.40
2009.06.09 09:00:59.257,0.86305,0.8631,8.90,1.00
2009.06.09 09:00:59.997,0.86315,0.86325,1.00,2.50
2009.06.09 09:01:00.398,0.86315,0.8633,1.20,3.50
2009.06.09 09:01:00.787,0.8631,0.8633,7.80,5.00
2009.06.09 09:01:01.347,0.8631,0.86325,3.20,1.50
2009.06.09 09:01:01.738,0.8631,0.86325,3.70,3.10
2009.06.09 09:01:02.037,0.86315,0.86345,2.60,6.80
2009.06.09 09:01:02.328,0.8632,0.8634,1.00,3.80
2009.06.09 09:01:02.687,0.8632,0.8634,1.00,1.20
2009.06.09 09:01:02.986,0.86315,0.86335,6.20,1.20
2009.06.09 09:01:03.386,0.86315,0.86325,1.40,4.20
2009.06.09 09:01:03.836,0.8632,0.86325,1.00,4.20
2009.06.09 09:01:04.286,0.86325,0.8634,1.00,4.20
2009.06.09 09:01:04.456,0.86325,0.8634,1.00,4.20
2009.06.09 09:01:06.356,0.86325,0.8634,1.00,3.00
2009.06.09 09:01:06.756,0.86325,0.8634,1.60,3.00
2009.06.09 09:01:07.755,0.8632,0.8634,6.00,3.00
2009.06.09 09:01:08.155,0.86325,0.8634,1.60,4.20
2009.06.09 09:01:08.395,0.8632,0.8634,5.60,4.20
2009.06.09 09:01:08.675,0.8632,0.8634,6.00,3.00
2009.06.09 09:01:08.905,0.86325,0.8634,1.60,3.00
2009.06.09 09:01:09.655,0.8632,0.8634,6.80,3.00
2009.06.09 09:01:09.885,0.8632,0.8634,5.20,4.60
2009.06.09 09:01:10.065,0.8632,0.8634,4.80,6.00
2009.06.09 09:01:10.225,0.8632,0.8634,3.20,6.00
2009.06.09 09:01:10.454,0.8632,0.8634,4.00,6.00
2009.06.09 09:01:11.084,0.86325,0.8634,1.00,4.20
2009.06.09 09:01:11.364,0.8632,0.8634,6.00,4.20
2009.06.09 09:01:11.604,0.8632,0.8634,7.60,4.20
2009.06.09 09:01:11.874,0.8632,0.8634,6.40,4.20
2009.06.09 09:01:12.174,0.8632,0.8634,4.00,4.20
2009.06.09 09:01:12.404,0.86325,0.8634,1.00,4.20
2009.06.09 09:01:12.524,0.86325,0.8634,1.20,4.20
2009.06.09 09:01:13.054,0.86325,0.8634,1.20,4.60
2009.06.09 09:01:13.164,0.86325,0.8634,1.20,5.00
2009.06.09 09:01:13.914,0.86325,0.8634,1.20,4.40
2009.06.09 09:01:14.184,0.86325,0.8634,6.40,3.80
2009.06.09 09:01:14.714,0.8632,0.8634,5.20,4.60
2009.06.09 09:01:14.984,0.8632,0.86335,3.20,3.00
2009.06.09 09:01:15.443,0.8632,0.86335,2.00,3.00
2009.06.09 09:01:15.724,0.86325,0.8634,1.00,3.80
2009.06.09 09:01:16.023,0.8632,0.8634,7.20,3.80
2009.06.09 09:01:16.723,0.8632,0.8634,8.60,3.00
2009.06.09 09:01:17.123,0.86325,0.8634,1.00,3.00
2009.06.09 09:01:17.293,0.86325,0.8634,1.00,3.00
2009.06.09 09:01:17.403,0.8632,0.8634,9.40,3.00
2009.06.09 09:01:17.643,0.86325,0.8634,1.00,3.00
2009.06.09 09:01:17.933,0.8632,0.8634,9.40,3.00
2009.06.09 09:01:18.053,0.8632,0.8634,7.20,3.00
2009.06.09 09:01:18.113,0.86325,0.8634,1.00,3.00
2009.06.09 09:01:18.353,0.86325,0.8634,1.00,3.00
2009.06.09 09:01:18.983,0.86325,0.8634,1.00,3.40
2009.06.09 09:01:19.273,0.86325,0.8634,1.00,3.80
2009.06.09 09:01:24.291,0.8632,0.86335,3.20,3.00
2009.06.09 09:01:24.471,0.8632,0.86335,1.00,3.00
2009.06.09 09:01:24.921,0.8632,0.86335,1.00,4.20
2009.06.09 09:01:26.960,0.86315,0.86335,1.20,4.20
2009.06.09 09:01:27.311,0.86315,0.8633,1.20,3.00
2009.06.09 09:01:27.831,0.8632,0.8633,1.00,3.00
2009.06.09 09:01:28.071,0.8632,0.86335,1.00,3.00
2009.06.09 09:01:28.191,0.8632,0.86335,2.00,3.00
2009.06.09 09:01:28.250,0.86315,0.86335,4.40,3.00
2009.06.09 09:01:28.590,0.86315,0.86335,1.20,4.20
2009.06.09 09:01:29.000,0.86315,0.8633,1.20,3.00
2009.06.09 09:01:30.150,0.86315,0.86335,1.20,5.20
2009.06.09 09:01:30.500,0.8632,0.86335,2.00,3.00
2009.06.09 09:01:31.130,0.86315,0.8633,8.00,3.00
2009.06.09 09:01:31.430,0.86315,0.8633,1.80,3.00
2009.06.09 09:01:31.770,0.8632,0.8634,3.20,5.60
2009.06.09 09:01:32.119,0.8632,0.8634,1.00,5.80
2009.06.09 09:01:32.460,0.8632,0.8634,1.00,5.00
2009.06.09 09:01:34.559,0.8632,0.86335,1.00,3.00
2009.06.09 09:01:35.229,0.8632,0.86335,2.00,3.00
2009.06.09 09:01:35.519,0.8632,0.86335,4.00,3.00
2009.06.09 09:01:35.868,0.8632,0.86335,5.20,3.00
2009.06.09 09:01:36.208,0.8632,0.8634,10.20,3.00
2009.06.09 09:01:36.778,0.86325,0.8633,1.00,1.00
2009.06.09 09:01:37.418,0.8632,0.8633,12.80,1.00
2009.06.09 09:01:37.588,0.86325,0.8633,1.00,1.00
2009.06.09 09:01:37.938,0.8632,0.8633,8.00,1.00
2009.06.09 09:01:37.998,0.86325,0.8633,1.00,1.00
2009.06.09 09:01:38.528,0.86325,0.8633,2.00,1.00
2009.06.09 09:01:38.758,0.8632,0.8633,11.40,1.00
2009.06.09 09:01:38.938,0.8632,0.8633,9.20,1.00
2009.06.09 09:01:39.168,0.8632,0.8633,8.00,1.00
2009.06.09 09:01:40.787,0.8632,0.86335,4.80,3.80
2009.06.09 09:01:41.137,0.8632,0.86335,4.00,3.80
2009.06.09 09:01:41.377,0.8632,0.86335,2.40,3.80
2009.06.09 09:01:46.176,0.8632,0.86335,2.40,3.80
2009.06.09 09:01:47.456,0.8632,0.8633,2.40,1.00
2009.06.09 09:01:49.375,0.8632,0.8633,2.00,3.00
2009.06.09 09:01:53.144,0.8632,0.8633,2.40,3.00
2009.06.09 09:01:55.044,0.8632,0.8633,3.20,3.00
2009.06.09 09:01:55.274,0.8632,0.8633,2.40,3.00
2009.06.09 09:01:55.334,0.8632,0.8633,2.00,3.00
2009.06.09 09:01:55.614,0.8632,0.8633,3.00,3.00
2009.06.09 09:01:55.664,0.8632,0.8633,4.60,3.00
2009.06.09 09:01:55.724,0.8632,0.8633,5.40,3.00
2009.06.09 09:01:55.964,0.8632,0.8633,4.40,3.00
2009.06.09 09:01:56.193,0.8632,0.8633,3.20,3.00
2009.06.09 09:01:56.543,0.8632,0.8633,3.20,3.80
2009.06.09 09:02:00.003,0.8632,0.8633,2.40,3.80
2009.06.09 09:02:01.083,0.8632,0.8633,2.00,3.80
2009.06.09 09:02:05.741,0.8632,0.8633,2.40,3.80
2009.06.09 09:02:06.031,0.8632,0.8633,2.00,3.80
2009.06.09 09:02:06.681,0.86315,0.8633,3.40,3.80
2009.06.09 09:02:07.431,0.8632,0.8633,2.00,3.80
2009.06.09 09:02:08.401,0.8632,0.8633,2.80,3.80
2009.06.09 09:02:10.350,0.8632,0.8633,2.00,3.80
2009.06.09 09:02:10.570,0.8632,0.8633,2.80,3.80
2009.06.09 09:02:11.420,0.8632,0.8633,2.00,3.80
2009.06.09 09:02:12.270,0.8632,0.8633,1.00,3.80
2009.06.09 09:02:12.740,0.8632,0.8633,2.00,3.80
2009.06.09 09:02:13.360,0.86315,0.8633,1.20,3.80
2009.06.09 09:02:14.459,0.86315,0.8633,1.00,3.80
2009.06.09 09:02:14.639,0.86315,0.8633,1.20,3.80
2009.06.09 09:02:15.609,0.8632,0.8633,2.80,3.80
2009.06.09 09:02:16.069,0.8632,0.8633,2.00,3.80
2009.06.09 09:02:16.629,0.8632,0.8633,2.00,3.00
2009.06.09 09:02:17.089,0.86315,0.8632,2.20,1.20
2009.06.09 09:02:17.438,0.86315,0.8633,1.20,3.00
2009.06.09 09:02:17.848,0.86315,0.8633,1.00,3.00
2009.06.09 09:02:18.179,0.86315,0.8633,1.20,3.00
2009.06.09 09:02:19.228,0.86315,0.8633,1.00,3.00
2009.06.09 09:02:20.318,0.86315,0.8632,1.00,1.00
2009.06.09 09:02:20.428,0.86315,0.8632,1.00,1.00
2009.06.09 09:02:21.927,0.86315,0.8632,1.20,1.00
2009.06.09 09:02:24.117,0.86315,0.8632,1.00,1.00
2009.06.09 09:02:25.616,0.86315,0.8632,1.00,3.00
2009.06.09 09:02:26.127,0.86315,0.8632,1.20,1.00
2009.06.09 09:02:27.256,0.8632,0.8633,2.00,4.70
2009.06.09 09:02:30.066,0.86315,0.8632,1.20,1.00
2009.06.09 09:02:36.384,0.86315,0.8632,4.40,1.00
2009.06.09 09:02:36.734,0.86315,0.8632,2.60,1.00
2009.06.09 09:02:37.024,0.86315,0.8632,1.20,1.00
2009.06.09 09:02:39.663,0.86315,0.8632,1.80,1.00
2009.06.09 09:02:40.004,0.8632,0.8633,1.20,4.50
2009.06.09 09:02:40.223,0.8632,0.8633,3.20,3.00
2009.06.09 09:02:40.333,0.86315,0.8632,7.60,1.00
2009.06.09 09:02:40.613,0.86315,0.8632,7.70,1.00
2009.06.09 09:02:44.022,0.86325,0.86345,9.00,4.60
2009.06.09 09:02:44.132,0.86325,0.86345,5.20,4.20
2009.06.09 09:02:44.362,0.86325,0.86345,1.00,4.20
2009.06.09 09:02:44.482,0.8633,0.86345,6.80,3.00
2009.06.09 09:02:44.722,0.8633,0.86345,8.80,3.00
2009.06.09 09:02:45.072,0.8633,0.8634,11.20,3.00
2009.06.09 09:02:48.361,0.86335,0.86345,6.20,1.00
2009.06.09 09:02:48.591,0.86335,0.86345,8.00,3.00
2009.06.09 09:02:49.001,0.86335,0.86345,8.20,3.00
2009.06.09 09:02:49.341,0.86335,0.86345,12.20,3.00
2009.06.09 09:02:50.331,0.86335,0.86345,11.40,3.00
2009.06.09 09:02:50.610,0.86335,0.86345,9.40,3.00
2009.06.09 09:02:50.830,0.86335,0.86345,1.40,1.40
2009.06.09 09:02:51.351,0.86335,0.8635,1.40,3.00
2009.06.09 09:02:51.641,0.86335,0.8635,4.60,3.00
2009.06.09 09:02:52.470,0.86335,0.86345,1.40,1.00
2009.06.09 09:02:53.050,0.86335,0.8635,1.20,4.20
2009.06.09 09:02:53.570,0.86335,0.8635,1.20,3.00
2009.06.09 09:02:53.890,0.86335,0.86345,1.00,1.20
2009.06.09 09:02:54.190,0.8633,0.86335,2.00,1.40
2009.06.09 09:02:54.420,0.86325,0.86335,3.60,1.00
2009.06.09 09:02:54.720,0.86325,0.86345,1.20,4.80
2009.06.09 09:02:54.950,0.86325,0.86335,1.00,1.00
2009.06.09 09:02:55.589,0.8632,0.86335,8.20,1.60
2009.06.09 09:02:56.049,0.86325,0.8633,1.00,1.00
2009.06.09 09:02:56.459,0.86325,0.8634,1.00,3.60
2009.06.09 09:02:56.819,0.86325,0.86335,1.00,1.00
2009.06.09 09:02:57.159,0.8632,0.86335,9.80,1.00
2009.06.09 09:02:57.509,0.86325,0.86335,1.00,1.00
2009.06.09 09:02:57.969,0.86325,0.86345,1.20,5.60
2009.06.09 09:02:58.199,0.86325,0.8634,1.20,3.60
2009.06.09 09:02:58.479,0.86325,0.8634,1.00,3.00
2009.06.09 09:02:58.769,0.8632,0.8634,16.80,3.00
2009.06.09 09:02:59.069,0.86325,0.8634,1.00,4.00
2009.06.09 09:02:59.368,0.86325,0.86335,1.00,1.00
2009.06.09 09:02:59.668,0.86325,0.86345,1.00,5.60
2009.06.09 09:02:59.968,0.86325,0.86345,1.00,4.20
2009.06.09 09:03:00.248,0.86325,0.8634,1.80,3.00
2009.06.09 09:03:00.608,0.86325,0.8634,3.40,3.00
2009.06.09 09:03:01.168,0.86325,0.8634,3.20,3.00
2009.06.09 09:03:01.328,0.86325,0.8634,8.60,3.00
2009.06.09 09:03:02.048,0.86325,0.86345,6.40,5.00
2009.06.09 09:03:02.687,0.86325,0.86345,6.40,4.20
2009.06.09 09:03:03.987,0.86325,0.86345,6.40,5.00
2009.06.09 09:03:04.337,0.86325,0.86345,1.20,5.00
2009.06.09 09:03:06.967,0.86325,0.86345,1.00,6.40
2009.06.09 09:03:07.327,0.8632,0.86345,11.00,6.40
2009.06.09 09:03:08.376,0.8632,0.86345,11.00,6.20
2009.06.09 09:03:08.496,0.8632,0.86335,11.00,3.00
2009.06.09 09:03:08.786,0.8632,0.8634,11.00,2.00
2009.06.09 09:03:08.896,0.86325,0.8634,1.20,3.00
2009.06.09 09:03:09.816,0.86325,0.8634,2.00,3.00
2009.06.09 09:03:10.096,0.86325,0.86345,2.00,3.80
2009.06.09 09:03:10.386,0.8633,0.86345,2.00,3.00
2009.06.09 09:03:10.736,0.86325,0.8634,8.60,3.00
2009.06.09 09:03:12.605,0.8632,0.8634,3.00,3.80
2009.06.09 09:03:12.955,0.86325,0.8634,1.00,3.80
2009.06.09 09:03:13.295,0.86325,0.8634,1.20,3.00
2009.06.09 09:03:14.125,0.86325,0.86345,1.20,3.80
2009.06.09 09:03:14.585,0.86325,0.86345,1.20,4.40
2009.06.09 09:03:14.764,0.8632,0.8634,9.20,3.00
2009.06.09 09:03:15.174,0.8632,0.86335,8.20,1.00
2009.06.09 09:03:15.625,0.8632,0.8633,3.20,1.20
2009.06.09 09:03:16.035,0.8632,0.8633,1.20,1.60
2009.06.09 09:03:16.834,0.8632,0.8633,1.00,1.60
2009.06.09 09:03:17.114,0.8632,0.8633,3.20,1.60
2009.06.09 09:03:18.394,0.8632,0.8633,2.40,1.60
2009.06.09 09:03:18.454,0.8632,0.86325,1.60,1.00
2009.06.09 09:03:19.254,0.8632,0.86335,1.60,4.80
2009.06.09 09:03:19.984,0.8632,0.8633,2.00,1.60
2009.06.09 09:03:20.513,0.8632,0.86335,2.00,2.20
2009.06.09 09:03:20.743,0.8632,0.86335,2.00,2.40
2009.06.09 09:03:21.023,0.86325,0.8634,1.60,5.60
2009.06.09 09:03:21.253,0.8632,0.8634,3.60,5.60
2009.06.09 09:03:21.823,0.8632,0.8634,3.60,4.80
2009.06.09 09:03:23.783,0.8632,0.8634,3.60,5.60
2009.06.09 09:03:26.452,0.8632,0.86335,2.00,3.00
2009.06.09 09:03:34.610,0.8632,0.86335,5.60,3.00
2009.06.09 09:03:35.020,0.8632,0.8634,2.00,4.40
2009.06.09 09:03:35.250,0.8632,0.8634,5.60,5.20
2009.06.09 09:03:35.600,0.8632,0.8634,2.00,4.80
2009.06.09 09:03:35.940,0.8632,0.8634,2.00,5.60
2009.06.09 09:03:36.230,0.8632,0.8634,3.60,5.60
2009.06.09 09:03:36.709,0.8632,0.86335,2.00,2.00
2009.06.09 09:03:37.239,0.8632,0.8634,3.60,6.00
2009.06.09 09:03:37.409,0.8632,0.8634,1.20,2.20
2009.06.09 09:03:37.809,0.8632,0.8634,1.20,5.00
2009.06.09 09:03:39.869,0.86315,0.86335,3.20,3.60
2009.06.09 09:03:40.099,0.86315,0.86335,2.20,4.40
2009.06.09 09:03:40.159,0.8632,0.8633,2.00,1.60
2009.06.09 09:03:40.399,0.8632,0.8633,2.00,3.00
2009.06.09 09:03:40.638,0.86315,0.8633,5.20,3.00
2009.06.09 09:03:40.999,0.86315,0.86335,2.20,6.00
2009.06.09 09:03:41.288,0.86315,0.86335,1.60,6.40
2009.06.09 09:03:41.738,0.86315,0.86325,2.00,1.00
2009.06.09 09:03:42.078,0.86315,0.86335,3.80,4.80
2009.06.09 09:03:42.378,0.86315,0.8633,3.80,2.40
2009.06.09 09:03:42.728,0.86315,0.8633,3.00,2.40
2009.06.09 09:03:43.178,0.86315,0.8633,1.20,3.00
2009.06.09 09:03:46.127,0.86315,0.8633,1.20,3.00
2009.06.09 09:03:46.767,0.86315,0.8633,1.00,3.00
2009.06.09 09:03:47.047,0.86315,0.86335,1.20,5.60
2009.06.09 09:03:47.717,0.86315,0.86325,1.00,1.20
2009.06.09 09:03:48.007,0.8631,0.86325,12.00,1.20
2009.06.09 09:03:48.407,0.8631,0.8633,4.80,4.40
2009.06.09 09:03:48.527,0.8631,0.86325,8.20,2.40
2009.06.09 09:03:48.927,0.8631,0.86325,3.40,2.40
2009.06.09 09:03:49.676,0.8631,0.86325,3.20,2.40
2009.06.09 09:03:50.326,0.8631,0.8632,3.20,1.00
2009.06.09 09:03:50.676,0.8631,0.86325,3.20,2.40
2009.06.09 09:03:51.136,0.8631,0.86325,3.40,2.40
2009.06.09 09:03:51.706,0.8631,0.8632,3.20,3.00
2009.06.09 09:03:51.816,0.8631,0.8632,2.20,3.00
2009.06.09 09:03:52.276,0.8631,0.86315,2.00,3.00
2009.06.09 09:03:52.566,0.86305,0.8632,9.80,3.00
2009.06.09 09:03:52.625,0.86305,0.8632,7.80,8.80
2009.06.09 09:03:53.135,0.86305,0.86325,7.40,3.40
2009.06.09 09:03:53.435,0.8631,0.86325,2.00,3.00
2009.06.09 09:03:53.795,0.86305,0.8632,9.20,1.00
2009.06.09 09:03:54.215,0.86315,0.8633,1.00,5.60
2009.06.09 09:03:54.635,0.8631,0.86325,3.20,3.00
2009.06.09 09:03:55.035,0.8631,0.86325,2.20,3.00
2009.06.09 09:03:55.205,0.8631,0.86325,2.00,3.00
2009.06.09 09:03:58.174,0.8631,0.86325,5.40,3.00
2009.06.09 09:03:58.824,0.8631,0.86325,4.40,3.00
2009.06.09 09:03:59.004,0.8631,0.86325,2.80,3.00
2009.06.09 09:03:59.984,0.8631,0.86325,2.00,3.00
2009.06.09 09:04:02.273,0.8631,0.86325,2.00,3.00
2009.06.09 09:04:10.161,0.86305,0.8632,2.80,1.80
2009.06.09 09:04:10.281,0.86305,0.8632,2.80,1.20
2009.06.09 09:04:10.401,0.86305,0.8632,4.80,1.20
2009.06.09 09:04:10.641,0.86305,0.8632,6.40,5.40
2009.06.09 09:04:10.811,0.86305,0.8632,4.80,5.40
2009.06.09 09:04:11.271,0.86305,0.86315,4.80,1.00
2009.06.09 09:04:11.511,0.86305,0.8632,5.20,6.40
2009.06.09 09:04:11.851,0.86305,0.8632,4.80,1.60
2009.06.09 09:04:12.311,0.86305,0.86315,2.60,3.00
2009.06.09 09:04:13.111,0.86305,0.8632,5.20,5.00
2009.06.09 09:04:13.291,0.86305,0.86315,5.40,3.00
2009.06.09 09:04:13.520,0.86305,0.86315,4.60,3.00
2009.06.09 09:04:13.690,0.86305,0.86315,2.60,3.00
2009.06.09 09:04:13.971,0.86305,0.86315,2.80,1.00
2009.06.09 09:04:14.090,0.86305,0.86315,4.80,1.00
2009.06.09 09:04:16.010,0.86305,0.8632,4.80,1.60
2009.06.09 09:04:16.310,0.86305,0.8632,6.00,1.60
2009.06.09 09:04:16.660,0.86305,0.86315,4.80,1.00
2009.06.09 09:04:17.419,0.86305,0.86315,6.40,1.00
2009.06.09 09:04:17.750,0.86305,0.86315,4.80,1.00
2009.06.09 09:04:18.049,0.86305,0.86315,5.20,1.00
2009.06.09 09:04:18.609,0.86305,0.8632,6.80,2.20
2009.06.09 09:04:18.779,0.86305,0.8632,4.80,3.60
2009.06.09 09:04:19.209,0.86305,0.8632,6.40,3.60
2009.06.09 09:04:20.309,0.86305,0.8632,6.40,6.80
2009.06.09 09:04:20.769,0.86295,0.86305,10.10,1.20
2009.06.09 09:04:20.999,0.86305,0.8631,5.20,2.20
2009.06.09 09:04:21.229,0.863,0.86305,1.00,8.00
2009.06.09 09:04:21.449,0.863,0.8631,4.20,4.20
2009.06.09 09:04:21.679,0.86305,0.8631,1.60,3.20
2009.06.09 09:04:22.148,0.86305,0.86315,1.60,1.00
2009.06.09 09:04:26.517,0.86305,0.86315,1.00,5.60
2009.06.09 09:04:26.867,0.8629,0.86305,3.20,12.40
2009.06.09 09:04:27.307,0.8629,0.86305,2.20,21.60
2009.06.09 09:04:27.417,0.86295,0.863,3.00,4.20
2009.06.09 09:04:27.997,0.863,0.8631,2.80,1.00
2009.06.09 09:04:28.347,0.863,0.86315,2.00,1.60
2009.06.09 09:04:28.647,0.863,0.8631,2.00,1.40
2009.06.09 09:04:28.937,0.863,0.8631,2.20,1.00
2009.06.09 09:04:29.057,0.86305,0.86315,1.60,1.00
2009.06.09 09:04:29.507,0.86305,0.86315,1.60,3.00
2009.06.09 09:04:29.837,0.86305,0.8631,1.60,3.00
2009.06.09 09:04:30.127,0.86305,0.86315,2.20,3.00
2009.06.09 09:04:30.836,0.8631,0.86315,1.00,3.00
2009.06.09 09:04:31.207,0.8631,0.86315,1.00,3.00
2009.06.09 09:04:31.606,0.8631,0.86315,1.60,3.00
2009.06.09 09:04:31.956,0.86305,0.86325,8.40,3.00
2009.06.09 09:04:32.286,0.86305,0.86315,1.60,3.00
2009.06.09 09:04:33.376,0.86305,0.8632,2.20,3.00
2009.06.09 09:04:33.786,0.86305,0.8632,9.60,3.00
2009.06.09 09:04:34.016,0.8631,0.8632,1.60,1.00
2009.06.09 09:04:34.196,0.8631,0.8632,1.60,4.80
2009.06.09 09:04:34.375,0.86305,0.8631,1.00,2.00
2009.06.09 09:04:34.595,0.863,0.86305,5.40,4.20
2009.06.09 09:04:34.995,0.863,0.86305,1.00,8.20
2009.06.09 09:04:35.345,0.863,0.8631,2.80,1.60
2009.06.09 09:04:35.745,0.863,0.86315,1.20,4.20
2009.06.09 09:04:35.985,0.86305,0.86315,1.40,1.00
2009.06.09 09:04:36.555,0.86305,0.86315,2.20,5.80
2009.06.09 09:04:36.895,0.86305,0.8631,1.00,1.00
2009.06.09 09:04:37.245,0.863,0.8631,2.20,1.00
2009.06.09 09:04:37.475,0.86295,0.8631,12.00,1.00
2009.06.09 09:04:37.765,0.86295,0.8631,9.80,1.00
2009.06.09 09:04:38.175,0.863,0.8631,1.60,1.00
2009.06.09 09:04:38.645,0.86305,0.86315,2.20,5.00
2009.06.09 09:04:38.995,0.86305,0.8631,1.60,3.00
2009.06.09 09:04:39.445,0.86305,0.86315,1.00,1.60
2009.06.09 09:04:39.794,0.863,0.86305,6.60,1.20
2009.06.09 09:04:40.084,0.863,0.86305,7.00,1.20
2009.06.09 09:04:40.494,0.86305,0.8632,1.60,1.00
2009.06.09 09:04:41.114,0.86305,0.86315,1.60,1.00
2009.06.09 09:04:43.283,0.863,0.86315,3.80,4.00
2009.06.09 09:04:43.403,0.863,0.86315,3.80,5.00
2009.06.09 09:04:44.553,0.863,0.86315,4.20,5.00
2009.06.09 09:04:44.883,0.863,0.86315,4.20,1.00
2009.06.09 09:04:45.453,0.86305,0.86315,1.60,1.00
2009.06.09 09:04:45.803,0.863,0.86315,5.00,1.00
2009.06.09 09:04:46.423,0.863,0.86315,4.20,1.00
2009.06.09 09:04:52.082,0.86305,0.8632,2.20,5.80
2009.06.09 09:04:54.191,0.86305,0.8632,1.60,5.80
2009.06.09 09:05:00.559,0.86305,0.86325,1.60,7.80
2009.06.09 09:05:00.739,0.86295,0.8631,1.00,11.80
2009.06.09 09:05:01.069,0.8629,0.863,3.20,3.00
2009.06.09 09:05:01.409,0.8629,0.863,2.80,3.00
2009.06.09 09:05:01.929,0.8629,0.863,6.40,3.00
2009.06.09 09:05:04.118,0.8629,0.863,3.60,3.00
2009.06.09 09:05:04.538,0.8629,0.86295,3.60,4.80
2009.06.09 09:05:04.878,0.8629,0.86295,3.60,11.40
2009.06.09 09:05:05.798,0.86285,0.863,4.20,4.20
2009.06.09 09:05:06.148,0.8629,0.86295,3.80,3.00
2009.06.09 09:05:06.568,0.86285,0.86295,3.80,3.00
2009.06.09 09:05:07.128,0.86285,0.86295,4.60,3.00
2009.06.09 09:05:07.298,0.8629,0.86295,1.60,3.00
2009.06.09 09:05:07.698,0.8629,0.86295,2.40,3.00
2009.06.09 09:05:07.877,0.86285,0.86295,4.60,3.00
2009.06.09 09:05:09.547,0.8629,0.86295,2.40,3.00
2009.06.09 09:05:09.827,0.86285,0.86295,4.60,3.00
2009.06.09 09:05:10.397,0.86285,0.86295,5.20,3.00
2009.06.09 09:05:10.807,0.8629,0.863,3.00,3.00
2009.06.09 09:05:11.107,0.8629,0.863,5.00,3.00
2009.06.09 09:05:11.527,0.86295,0.863,2.20,3.00
2009.06.09 09:05:12.097,0.86295,0.86315,12.00,5.60
2009.06.09 09:05:12.456,0.86295,0.86315,12.00,1.00
2009.06.09 09:05:13.016,0.86295,0.8631,8.20,3.00
2009.06.09 09:05:13.126,0.86295,0.8631,5.00,1.00
2009.06.09 09:05:13.246,0.86295,0.8631,2.20,1.00
2009.06.09 09:05:13.766,0.86295,0.8631,2.20,1.80
2009.06.09 09:05:16.305,0.8629,0.86305,1.00,3.00
2009.06.09 09:05:16.545,0.8629,0.86305,1.60,6.00
2009.06.09 09:05:16.885,0.8629,0.86305,1.20,6.00
2009.06.09 09:05:17.226,0.8629,0.863,4.80,1.20
2009.06.09 09:05:17.576,0.86285,0.863,15.60,1.20
2009.06.09 09:05:18.335,0.8629,0.863,1.00,3.00
2009.06.09 09:05:18.735,0.8629,0.863,4.00,1.20
2009.06.09 09:05:19.095,0.8629,0.863,1.00,1.20
2009.06.09 09:05:19.215,0.86285,0.863,11.20,1.20
2009.06.09 09:05:20.134,0.86285,0.863,11.20,4.80
2009.06.09 09:05:20.715,0.86285,0.863,11.20,4.00
2009.06.09 09:05:20.954,0.86285,0.863,11.20,4.80
2009.06.09 09:05:21.684,0.86285,0.86305,11.20,6.80
2009.06.09 09:05:22.254,0.86285,0.863,8.20,4.20
2009.06.09 09:05:22.424,0.86285,0.863,7.20,4.20
2009.06.09 09:05:22.814,0.86285,0.863,1.60,3.00
2009.06.09 09:05:23.114,0.86285,0.863,1.80,3.00
2009.06.09 09:05:23.284,0.86285,0.863,8.00,2.40
2009.06.09 09:05:23.694,0.86285,0.8631,12.40,16.00
2009.06.09 09:05:23.864,0.86285,0.8631,12.40,18.00
2009.06.09 09:05:24.953,0.86285,0.86305,12.40,3.00
2009.06.09 09:05:25.283,0.86285,0.863,12.40,1.80
2009.06.09 09:05:25.573,0.86285,0.863,6.60,1.80
2009.06.09 09:05:26.043,0.86285,0.863,1.80,4.80
2009.06.09 09:05:26.323,0.86285,0.863,1.00,4.80
2009.06.09 09:05:26.853,0.86285,0.863,1.20,4.20
2009.06.09 09:05:27.253,0.86285,0.863,1.80,4.20
2009.06.09 09:05:27.543,0.86285,0.863,8.40,1.80
2009.06.09 09:05:27.832,0.86285,0.863,3.00,1.80
2009.06.09 09:05:29.332,0.86285,0.863,8.40,1.80
2009.06.09 09:05:39.870,0.8629,0.86305,1.60,3.80
2009.06.09 09:05:40.719,0.8629,0.86305,3.80,3.80
2009.06.09 09:05:44.629,0.86285,0.863,12.40,1.00
2009.06.09 09:05:44.749,0.86285,0.86305,12.40,3.00
2009.06.09 09:05:44.858,0.86285,0.86305,10.80,3.00
2009.06.09 09:05:45.038,0.86285,0.86305,8.40,3.00
2009.06.09 09:05:45.208,0.8629,0.86305,3.80,3.00
2009.06.09 09:05:45.858,0.8629,0.86305,4.20,3.00
2009.06.09 09:05:47.658,0.86285,0.86295,1.60,1.00
2009.06.09 09:05:47.959,0.8628,0.863,4.60,3.00
2009.06.09 09:05:48.238,0.8628,0.86295,4.00,1.00
2009.06.09 09:05:48.518,0.86275,0.8629,11.60,1.80
2009.06.09 09:05:48.808,0.86275,0.86295,11.60,3.80
2009.06.09 09:05:49.108,0.8628,0.86295,2.40,3.00
2009.06.09 09:05:49.447,0.8628,0.86295,1.60,3.00
2009.06.09 09:05:49.737,0.8628,0.86295,4.60,3.00
2009.06.09 09:05:50.857,0.8628,0.86295,4.80,3.00
2009.06.09 09:05:54.066,0.8628,0.863,5.20,3.00
2009.06.09 09:05:54.666,0.8628,0.863,8.40,3.00
2009.06.09 09:05:55.006,0.86285,0.863,3.00,3.00
2009.06.09 09:05:55.586,0.86285,0.863,3.80,3.00
2009.06.09 09:05:58.565,0.86285,0.863,2.20,3.00
2009.06.09 09:05:59.015,0.86285,0.863,1.80,3.00
2009.06.09 09:05:59.245,0.86285,0.863,2.60,3.00
2009.06.09 09:05:59.475,0.86285,0.863,1.80,3.00
2009.06.09 09:05:59.715,0.86285,0.863,1.20,3.00
2009.06.09 09:06:00.105,0.86285,0.863,1.20,3.00
2009.06.09 09:06:00.625,0.86285,0.863,1.00,3.00
2009.06.09 09:06:00.805,0.86285,0.863,1.20,3.00
2009.06.09 09:06:02.345,0.8628,0.8629,9.20,3.00
2009.06.09 09:06:02.635,0.8628,0.86285,2.40,3.00
2009.06.09 09:06:02.914,0.86275,0.8629,8.40,3.00
2009.06.09 09:06:03.204,0.86275,0.8629,9.60,3.00
2009.06.09 09:06:03.434,0.86275,0.8629,6.40,3.00
2009.06.09 09:06:04.064,0.86275,0.8629,6.00,3.00
2009.06.09 09:06:04.924,0.86275,0.86285,5.20,3.00
2009.06.09 09:06:05.334,0.86275,0.86285,5.00,3.00
2009.06.09 09:06:05.634,0.86275,0.86285,1.60,3.00
2009.06.09 09:06:06.263,0.8627,0.86285,3.40,3.00
2009.06.09 09:06:09.283,0.86275,0.86285,1.00,3.00
2009.06.09 09:06:11.002,0.8627,0.8628,4.80,3.00
2009.06.09 09:06:11.472,0.8627,0.8628,2.60,3.00
2009.06.09 09:06:11.752,0.8627,0.8628,2.40,3.00
2009.06.09 09:06:12.092,0.8627,0.8628,2.60,3.00
2009.06.09 09:06:14.042,0.8627,0.86275,2.00,3.00
2009.06.09 09:06:14.262,0.86265,0.8628,5.00,3.00
2009.06.09 09:06:14.441,0.8626,0.8628,7.60,3.00
2009.06.09 09:06:14.561,0.8626,0.8628,6.00,3.00
2009.06.09 09:06:19.320,0.8626,0.8628,6.00,3.00
2009.06.09 09:06:19.620,0.8626,0.8628,6.00,3.00
2009.06.09 09:06:19.740,0.8626,0.8628,7.60,3.00
2009.06.09 09:06:20.390,0.8626,0.86275,7.60,3.00
2009.06.09 09:06:22.699,0.86265,0.86275,1.00,3.00
2009.06.09 09:06:23.049,0.86265,0.8628,1.00,3.00
2009.06.09 09:06:35.336,0.8626,0.8628,8.80,3.00
2009.06.09 09:06:35.446,0.86265,0.8628,1.00,12.00
2009.06.09 09:06:35.866,0.8626,0.8628,11.80,4.80
2009.06.09 09:06:36.316,0.86265,0.8628,1.20,3.80
2009.06.09 09:06:36.556,0.86265,0.8628,6.40,3.80
2009.06.09 09:06:37.246,0.86265,0.8628,6.00,2.20
2009.06.09 09:06:37.706,0.86265,0.8628,1.00,4.80
2009.06.09 09:06:37.816,0.86265,0.8628,6.40,1.00
2009.06.09 09:06:39.516,0.86265,0.8628,5.60,1.00
2009.06.09 09:06:39.975,0.86265,0.8628,1.00,1.00
2009.06.09 09:06:40.255,0.8626,0.8628,4.80,5.00
2009.06.09 09:06:40.805,0.8626,0.8628,3.20,8.00
2009.06.09 09:06:45.724,0.8626,0.8628,3.20,10.60
2009.06.09 09:06:46.004,0.86265,0.8628,1.00,6.20
2009.06.09 09:06:46.584,0.86265,0.8628,5.60,1.60
2009.06.09 09:06:46.934,0.86265,0.8628,6.40,1.00
2009.06.09 09:06:47.283,0.86265,0.8628,8.60,1.00
2009.06.09 09:06:47.633,0.86265,0.8628,8.60,1.00
2009.06.09 09:06:48.093,0.86265,0.8628,5.20,1.40
2009.06.09 09:06:48.323,0.86265,0.8628,6.40,1.40
2009.06.09 09:06:48.773,0.86265,0.8628,6.40,1.00
2009.06.09 09:06:49.063,0.86265,0.8628,11.80,1.00
2009.06.09 09:06:49.363,0.86265,0.86285,9.60,7.80
2009.06.09 09:06:49.713,0.86265,0.8628,1.00,1.40
2009.06.09 09:06:50.173,0.86265,0.8628,1.00,1.00
2009.06.09 09:06:50.703,0.86265,0.8628,1.00,1.40
2009.06.09 09:06:51.343,0.86265,0.8628,1.00,1.00
2009.06.09 09:06:51.802,0.86265,0.8628,1.00,3.80
2009.06.09 09:06:52.312,0.86265,0.8628,2.60,3.80
2009.06.09 09:06:52.492,0.86265,0.8628,7.80,1.60
2009.06.09 09:06:53.002,0.8626,0.8628,8.60,3.20
2009.06.09 09:06:53.302,0.8626,0.8628,11.40,5.60
2009.06.09 09:06:53.582,0.86265,0.8628,3.20,1.40
2009.06.09 09:06:53.872,0.86265,0.8628,3.20,1.00
2009.06.09 09:06:54.282,0.86265,0.8628,1.20,1.40
2009.06.09 09:06:54.672,0.8627,0.8628,1.00,1.00
2009.06.09 09:06:55.122,0.8627,0.8628,5.20,3.00
2009.06.09 09:06:55.522,0.86265,0.8628,1.00,1.00
2009.06.09 09:06:55.862,0.86265,0.8628,5.60,1.00
2009.06.09 09:06:56.141,0.86265,0.8628,6.40,3.80
2009.06.09 09:06:56.421,0.86265,0.8628,1.20,7.00
2009.06.09 09:06:56.831,0.86265,0.8628,1.20,2.20
2009.06.09 09:06:57.171,0.86265,0.8628,1.20,1.00
2009.06.09 09:06:57.931,0.86265,0.8628,1.80,1.00
2009.06.09 09:06:58.111,0.8627,0.86285,4.00,11.00
2009.06.09 09:06:58.461,0.8627,0.86285,8.00,3.20
2009.06.09 09:06:58.691,0.8627,0.8629,8.00,7.00
2009.06.09 09:06:59.041,0.86275,0.8628,1.60,3.00
2009.06.09 09:06:59.331,0.8627,0.86285,1.00,3.00
2009.06.09 09:06:59.620,0.8627,0.86285,1.20,3.00
2009.06.09 09:06:59.900,0.8627,0.86285,5.20,3.00
2009.06.09 09:07:00.650,0.86265,0.8628,6.40,3.00
2009.06.09 09:07:01.160,0.8628,0.86285,1.00,3.00
2009.06.09 09:07:01.631,0.8627,0.86285,5.20,3.80
2009.06.09 09:07:02.100,0.86265,0.86285,8.20,3.00
2009.06.09 09:07:02.570,0.86275,0.8629,1.00,7.20
2009.06.09 09:07:02.690,0.86275,0.86285,1.00,3.00
2009.06.09 09:07:03.150,0.8627,0.86285,6.40,3.00
2009.06.09 09:07:03.320,0.86265,0.86285,10.40,3.80
2009.06.09 09:07:03.540,0.86265,0.8628,10.20,3.00
2009.06.09 09:07:03.899,0.8627,0.8628,5.20,3.00
2009.06.09 09:07:04.179,0.8628,0.86285,1.00,4.80
2009.06.09 09:07:04.500,0.8627,0.8629,2.80,7.00
2009.06.09 09:07:04.729,0.8627,0.86285,8.20,1.00
2009.06.09 09:07:05.070,0.8627,0.8629,2.80,5.40
2009.06.09 09:07:05.349,0.8627,0.8629,1.20,5.40
2009.06.09 09:07:05.809,0.8627,0.8629,1.00,3.80
2009.06.09 09:07:06.099,0.8628,0.8629,1.00,3.00
2009.06.09 09:07:06.379,0.86275,0.8629,1.20,3.00
2009.06.09 09:07:06.899,0.86275,0.8629,2.00,3.00
2009.06.09 09:07:07.529,0.8628,0.8629,2.00,3.00
2009.06.09 09:07:09.908,0.8628,0.8629,2.40,3.00
2009.06.09 09:07:11.408,0.8628,0.86295,3.40,3.00
2009.06.09 09:07:11.688,0.8628,0.8629,2.40,3.00
2009.06.09 09:07:20.026,0.8627,0.8629,15.20,3.00
2009.06.09 09:07:20.256,0.8627,0.86285,12.80,1.00
2009.06.09 09:07:20.435,0.8627,0.8629,12.80,3.00
2009.06.09 09:07:20.785,0.8627,0.8629,11.20,3.60
2009.06.09 09:07:21.245,0.8627,0.8629,11.20,3.20
2009.06.09 09:07:21.415,0.8627,0.8629,11.20,3.00
2009.06.09 09:07:21.865,0.8627,0.8629,11.40,3.00
2009.06.09 09:07:22.905,0.8627,0.8629,12.80,3.00
2009.06.09 09:07:23.345,0.8627,0.8629,14.40,3.00
2009.06.09 09:07:25.454,0.86275,0.8629,1.00,3.00
2009.06.09 09:07:26.534,0.86275,0.8629,1.20,3.00
2009.06.09 09:07:32.463,0.8628,0.8629,2.00,3.00
2009.06.09 09:07:36.612,0.8628,0.8629,2.40,3.00
2009.06.09 09:07:37.471,0.8628,0.8629,2.00,3.00
2009.06.09 09:07:37.831,0.8628,0.8629,2.40,3.00
2009.06.09 09:07:40.351,0.86275,0.8629,3.00,3.00
2009.06.09 09:07:43.140,0.86275,0.8629,3.80,3.00
2009.06.09 09:07:43.260,0.86275,0.8629,2.60,3.00
2009.06.09 09:07:45.670,0.86275,0.8629,3.00,3.00
2009.06.09 09:07:49.568,0.86275,0.8629,3.00,3.00
2009.06.09 09:07:50.368,0.86275,0.8629,2.60,3.00
2009.06.09 09:07:50.778,0.86275,0.8629,3.00,3.00
2009.06.09 09:07:51.698,0.86275,0.8629,1.40,3.00
2009.06.09 09:07:52.048,0.86275,0.8629,1.00,3.00
2009.06.09 09:07:55.647,0.8627,0.8629,14.60,3.00
2009.06.09 09:07:55.817,0.8627,0.8629,13.00,3.00
2009.06.09 09:07:58.286,0.86275,0.8629,1.00,3.00
2009.06.09 09:08:00.666,0.86275,0.8629,2.00,3.00
2009.06.09 09:08:04.275,0.86275,0.8629,1.60,3.00
2009.06.09 09:08:04.565,0.8627,0.8628,1.60,3.00
2009.06.09 09:08:04.865,0.8627,0.8628,8.40,3.00
2009.06.09 09:08:05.095,0.8627,0.8628,1.60,3.00
2009.06.09 09:08:05.435,0.86265,0.8628,12.80,3.00
2009.06.09 09:08:05.845,0.86265,0.8628,2.00,3.00
2009.06.09 09:08:07.325,0.8626,0.8627,8.20,3.00
2009.06.09 09:08:07.854,0.8626,0.8627,9.00,3.00
2009.06.09 09:08:10.513,0.8626,0.8627,4.20,3.00
2009.06.09 09:08:12.973,0.8626,0.86275,4.20,16.80
2009.06.09 09:08:13.313,0.86265,0.8628,2.00,3.00
2009.06.09 09:08:17.492,0.8626,0.86275,10.60,1.00
2009.06.09 09:08:17.822,0.8626,0.86275,7.40,1.00
2009.06.09 09:08:18.041,0.8626,0.86275,10.60,1.00
2009.06.09 09:08:18.492,0.86265,0.86275,1.00,1.00
2009.06.09 09:08:18.792,0.86265,0.8628,2.00,3.00
2009.06.09 09:08:19.591,0.8627,0.8628,1.00,3.00
2009.06.09 09:08:19.761,0.8627,0.8628,1.60,3.00
2009.06.09 09:08:24.750,0.8627,0.8628,1.00,3.00
2009.06.09 09:08:25.380,0.86265,0.8628,12.40,3.00
2009.06.09 09:08:25.680,0.8627,0.8628,1.00,3.00
2009.06.09 09:08:27.610,0.8626,0.86275,9.00,1.00
2009.06.09 09:08:27.899,0.8626,0.86275,10.60,1.80
2009.06.09 09:08:27.959,0.8626,0.86275,10.60,1.00
2009.06.09 09:08:29.859,0.8626,0.86275,7.40,1.00
2009.06.09 09:08:31.458,0.8626,0.86275,5.80,1.00
2009.06.09 09:08:31.568,0.8626,0.86275,9.00,1.80
2009.06.09 09:08:32.498,0.8626,0.86275,5.40,1.80
2009.06.09 09:08:32.898,0.8626,0.86275,5.40,2.20
2009.06.09 09:08:33.018,0.8626,0.86275,5.40,3.20
2009.06.09 09:08:33.068,0.8626,0.86275,7.00,3.20
2009.06.09 09:08:33.418,0.8626,0.8627,3.20,3.00
2009.06.09 09:08:33.888,0.8626,0.8627,1.60,3.00
2009.06.09 09:08:36.307,0.86255,0.8626,11.80,3.00
2009.06.09 09:08:36.647,0.8625,0.8626,10.80,3.00
2009.06.09 09:08:37.047,0.8625,0.8626,10.80,3.00
2009.06.09 09:08:37.617,0.8625,0.8626,7.60,3.00
2009.06.09 09:08:43.935,0.86255,0.86265,1.00,1.00
2009.06.09 09:08:44.345,0.8625,0.86265,12.40,1.00
2009.06.09 09:08:44.755,0.8625,0.86265,14.00,1.00
2009.06.09 09:08:45.105,0.86255,0.86265,1.00,1.00
2009.06.09 09:08:45.685,0.86255,0.8627,1.00,3.00
2009.06.09 09:08:46.535,0.86255,0.8627,1.20,3.00
2009.06.09 09:08:46.875,0.86255,0.8627,1.00,3.00
2009.06.09 09:08:49.274,0.86255,0.8626,1.00,3.00
2009.06.09 09:08:49.854,0.8625,0.8626,11.60,3.00
2009.06.09 09:08:50.084,0.8625,0.8626,7.60,3.00
2009.06.09 09:08:51.324,0.8625,0.8626,8.20,3.00
2009.06.09 09:08:51.674,0.86255,0.8627,5.60,3.80
2009.06.09 09:08:52.073,0.8626,0.8627,2.00,3.80
2009.06.09 09:08:52.625,0.8626,0.8627,2.80,3.00
2009.06.09 09:08:52.974,0.8626,0.8627,3.20,3.00
2009.06.09 09:08:53.263,0.8626,0.8627,2.60,3.00
2009.06.09 09:08:53.553,0.8626,0.8627,3.20,3.00
2009.06.09 09:08:54.383,0.86255,0.8626,1.60,3.00
2009.06.09 09:08:54.733,0.8625,0.8626,2.00,3.00
2009.06.09 09:08:55.063,0.8625,0.8626,6.00,3.00
2009.06.09 09:08:56.212,0.86255,0.8627,1.20,11.60
2009.06.09 09:08:56.713,0.86255,0.8627,1.20,3.00
2009.06.09 09:08:57.532,0.86255,0.8626,1.20,1.00
2009.06.09 09:08:58.512,0.86255,0.8626,1.00,1.00
2009.06.09 09:09:00.741,0.8625,0.8626,17.20,1.00
2009.06.09 09:09:01.031,0.8625,0.8626,14.00,1.00
2009.06.09 09:09:01.151,0.8625,0.8626,11.60,1.00
2009.06.09 09:09:01.381,0.8625,0.8626,11.60,1.00
2009.06.09 09:09:01.561,0.86255,0.8626,1.00,1.00
2009.06.09 09:09:02.781,0.8625,0.86265,8.40,3.60
2009.06.09 09:09:03.241,0.8625,0.86265,7.60,3.60
2009.06.09 09:09:03.411,0.86255,0.8626,1.00,1.00
2009.06.09 09:09:05.630,0.8625,0.8626,11.60,1.00
2009.06.09 09:09:05.860,0.8625,0.8626,14.00,1.00
2009.06.09 09:09:06.260,0.86255,0.8626,1.00,1.00
2009.06.09 09:09:10.239,0.8625,0.8626,12.40,1.00
2009.06.09 09:09:11.259,0.8625,0.8626,5.20,1.00
2009.06.09 09:09:11.619,0.8625,0.86265,5.40,3.60
2009.06.09 09:09:11.909,0.8625,0.8626,3.20,1.00
2009.06.09 09:09:12.198,0.8625,0.8626,3.00,1.00
2009.06.09 09:09:13.188,0.8625,0.8626,4.00,1.00
2009.06.09 09:09:13.308,0.8625,0.8626,3.00,1.00
2009.06.09 09:09:13.488,0.8625,0.8626,5.20,1.00
2009.06.09 09:09:13.598,0.8626,0.8627,1.40,4.60
2009.06.09 09:09:14.118,0.8626,0.86265,1.40,1.00
2009.06.09 09:09:16.458,0.8626,0.8627,1.40,3.00
2009.06.09 09:09:16.817,0.86255,0.8627,1.80,3.00
2009.06.09 09:09:20.557,0.8626,0.8627,1.40,3.00
2009.06.09 09:09:21.267,0.86255,0.8627,1.80,3.00
2009.06.09 09:09:21.377,0.8626,0.86265,1.40,1.00
2009.06.09 09:09:23.816,0.8626,0.8627,1.40,3.00
2009.06.09 09:09:26.075,0.8626,0.86265,1.40,3.00
2009.06.09 09:09:26.415,0.8626,0.86265,1.40,1.00
2009.06.09 09:09:26.765,0.8626,0.8627,1.40,3.80
2009.06.09 09:09:26.945,0.8626,0.8627,1.40,3.00
2009.06.09 09:09:27.985,0.86255,0.8627,1.80,3.00
2009.06.09 09:09:36.872,0.86255,0.8627,1.80,3.00
2009.06.09 09:09:37.143,0.8626,0.8627,1.40,3.00
2009.06.09 09:09:38.352,0.8625,0.8626,5.20,3.80
2009.06.09 09:09:38.752,0.86245,0.8626,1.40,3.80
2009.06.09 09:09:41.781,0.86245,0.86255,1.40,6.60
2009.06.09 09:09:42.081,0.8625,0.86255,2.00,6.60
2009.06.09 09:09:42.321,0.8625,0.86265,7.40,1.00
2009.06.09 09:09:42.601,0.8625,0.8627,7.20,3.80
2009.06.09 09:09:43.051,0.8625,0.8627,8.80,3.80
2009.06.09 09:09:43.391,0.8625,0.86265,9.00,1.00
2009.06.09 09:09:43.901,0.8625,0.8627,8.80,3.80
2009.06.09 09:09:44.601,0.8625,0.8627,8.00,3.80
2009.06.09 09:09:45.180,0.8625,0.8627,6.40,3.80
2009.06.09 09:09:46.150,0.8625,0.8627,8.60,3.80
2009.06.09 09:09:50.020,0.8624,0.86245,2.00,1.00
2009.06.09 09:09:50.369,0.86235,0.8624,2.20,3.00
2009.06.09 09:09:50.729,0.86225,0.86235,2.20,1.00
2009.06.09 09:09:50.959,0.8623,0.86235,2.00,1.00
2009.06.09 09:09:51.349,0.86225,0.8624,10.20,3.00
2009.06.09 09:09:51.689,0.86225,0.8624,4.00,3.00
2009.06.09 09:09:52.209,0.86225,0.8624,1.20,3.00
2009.06.09 09:09:52.549,0.86225,0.86235,1.00,3.00
2009.06.09 09:09:53.079,0.86215,0.86225,2.20,3.00
2009.06.09 09:09:53.249,0.8621,0.86225,4.20,3.80
2009.06.09 09:09:53.429,0.8621,0.8622,4.20,1.00
2009.06.09 09:09:53.829,0.86215,0.8622,2.60,2.40
2009.06.09 09:09:54.119,0.86215,0.8622,2.60,3.00
2009.06.09 09:09:54.418,0.8621,0.8622,4.00,3.00
2009.06.09 09:09:54.708,0.8621,0.8622,2.40,3.00
2009.06.09 09:09:55.278,0.8621,0.8622,2.00,3.00
2009.06.09 09:09:55.578,0.8621,0.8622,2.40,3.00
2009.06.09 09:09:55.868,0.8621,0.86225,3.20,3.00
2009.06.09 09:09:56.468,0.8621,0.8622,2.40,3.00
2009.06.09 09:09:57.038,0.86205,0.8622,3.00,3.00
2009.06.09 09:09:57.368,0.86205,0.86215,1.00,3.00
2009.06.09 09:09:57.718,0.8621,0.8622,6.00,3.00
2009.06.09 09:09:58.278,0.8621,0.8622,2.00,3.00
2009.06.09 09:09:58.778,0.8621,0.8622,3.20,3.00
2009.06.09 09:09:59.417,0.8621,0.8622,2.00,3.00
2009.06.09 09:10:00.317,0.86205,0.8622,1.20,3.00
2009.06.09 09:10:01.197,0.86205,0.8622,1.00,3.00
2009.06.09 09:10:01.487,0.86205,0.8622,1.20,3.00
2009.06.09 09:10:02.686,0.8621,0.86225,3.20,3.00
2009.06.09 09:10:03.247,0.8621,0.8622,2.00,3.00
2009.06.09 09:10:03.996,0.8621,0.8622,3.20,3.00
2009.06.09 09:10:04.806,0.8621,0.8622,2.00,3.00
2009.06.09 09:10:05.166,0.86215,0.86225,1.00,3.00
2009.06.09 09:10:05.496,0.8621,0.86215,5.40,3.00
2009.06.09 09:10:05.766,0.86205,0.8622,5.20,3.00
2009.06.09 09:10:06.066,0.8621,0.86225,2.80,2.20
2009.06.09 09:10:06.346,0.8621,0.8622,2.00,6.80
2009.06.09 09:10:06.686,0.86205,0.8622,10.60,4.40
2009.06.09 09:10:07.246,0.862,0.86215,2.00,6.20
2009.06.09 09:10:07.755,0.862,0.8621,10.80,2.80
2009.06.09 09:10:08.115,0.862,0.8621,12.80,3.80
2009.06.09 09:10:08.635,0.862,0.8621,9.60,3.80
2009.06.09 09:10:09.385,0.862,0.8621,12.80,3.80
2009.06.09 09:10:09.735,0.862,0.8621,14.80,3.80
2009.06.09 09:10:10.175,0.862,0.8621,7.60,3.80
2009.06.09 09:10:10.536,0.862,0.8621,8.80,3.80
2009.06.09 09:10:10.825,0.862,0.8621,10.80,3.80
2009.06.09 09:10:11.125,0.862,0.8621,10.80,1.40
2009.06.09 09:10:11.424,0.862,0.8622,12.40,7.20
2009.06.09 09:10:11.764,0.862,0.8622,12.40,7.20
2009.06.09 09:10:12.005,0.86205,0.86215,1.00,4.20
2009.06.09 09:10:12.405,0.86205,0.86215,1.20,4.20
2009.06.09 09:10:12.974,0.86205,0.86215,1.40,4.40
2009.06.09 09:10:13.324,0.8621,0.8622,1.00,3.00
2009.06.09 09:10:13.604,0.8621,0.8622,2.40,3.00
2009.06.09 09:10:13.884,0.8621,0.8622,4.00,1.40
2009.06.09 09:10:14.294,0.86205,0.86225,2.20,3.00
2009.06.09 09:10:14.644,0.86205,0.8622,1.40,7.60
2009.06.09 09:10:14.884,0.86205,0.86215,1.40,1.40
2009.06.09 09:10:15.514,0.862,0.86215,4.40,7.00
2009.06.09 09:10:16.014,0.86205,0.8621,1.20,3.00
2009.06.09 09:10:16.363,0.8621,0.8622,1.00,7.20
2009.06.09 09:10:16.833,0.86205,0.86215,5.40,1.40
2009.06.09 09:10:17.184,0.862,0.86215,18.80,2.80
2009.06.09 09:10:17.763,0.862,0.8622,15.40,5.20
2009.06.09 09:10:17.873,0.862,0.86215,17.60,4.20
2009.06.09 09:10:19.123,0.86205,0.86215,1.00,2.80
2009.06.09 09:10:19.403,0.86205,0.8622,1.40,4.20
2009.06.09 09:10:19.852,0.8621,0.8622,3.20,2.80
2009.06.09 09:10:20.082,0.8621,0.86225,3.20,3.80
2009.06.09 09:10:20.772,0.8621,0.86225,3.20,3.60
2009.06.09 09:10:21.162,0.8621,0.86225,6.60,2.80
2009.06.09 09:10:21.402,0.8621,0.86225,12.20,2.80
2009.06.09 09:10:21.982,0.8621,0.86225,8.20,2.80
2009.06.09 09:10:22.222,0.8621,0.8623,6.40,5.80
2009.06.09 09:10:22.502,0.8621,0.8623,8.00,5.80
2009.06.09 09:10:22.952,0.8621,0.8623,9.60,5.80
2009.06.09 09:10:23.451,0.8621,0.86225,8.20,2.80
2009.06.09 09:10:23.742,0.86215,0.86225,1.00,2.80
2009.06.09 09:10:24.261,0.86215,0.86225,1.20,2.80
2009.06.09 09:10:24.801,0.86215,0.86225,1.20,1.00
2009.06.09 09:10:27.621,0.86215,0.86225,1.20,1.00
2009.06.09 09:10:27.970,0.86215,0.86235,1.20,15.40
2009.06.09 09:10:28.431,0.8622,0.8623,2.00,3.00
2009.06.09 09:10:29.110,0.8622,0.86235,3.20,13.80
2009.06.09 09:10:29.510,0.86215,0.86235,8.20,13.40
2009.06.09 09:10:29.800,0.86215,0.8623,3.00,2.80
2009.06.09 09:10:30.105,0.86215,0.86235,4.80,6.00
2009.06.09 09:10:30.450,0.8622,0.8623,1.00,3.20
2009.06.09 09:10:30.740,0.8622,0.8623,1.40,2.40
2009.06.09 09:10:31.270,0.8622,0.8623,1.00,2.40
2009.06.09 09:10:31.550,0.8622,0.8623,1.00,3.00
2009.06.09 09:10:33.069,0.8622,0.86235,1.00,5.40
2009.06.09 09:10:33.649,0.8622,0.8623,1.00,3.00
2009.06.09 09:10:34.329,0.86225,0.8623,1.00,2.40
2009.06.09 09:10:34.669,0.86225,0.8623,1.20,2.40
2009.06.09 09:10:35.009,0.86225,0.8623,1.00,2.40
2009.06.09 09:10:37.338,0.8622,0.8623,9.60,2.40
2009.06.09 09:10:37.848,0.8622,0.8623,6.40,2.40
2009.06.09 09:10:38.378,0.8622,0.8623,4.80,2.40
2009.06.09 09:10:39.138,0.8622,0.8623,3.20,2.40
2009.06.09 09:10:39.608,0.8622,0.86225,3.20,3.00
2009.06.09 09:10:39.668,0.8622,0.86225,4.80,3.00
2009.06.09 09:10:39.898,0.8622,0.86225,6.40,3.00
2009.06.09 09:10:40.797,0.8622,0.86225,8.00,3.00
2009.06.09 09:10:43.717,0.8622,0.86225,11.80,3.00
2009.06.09 09:10:44.247,0.8622,0.8623,12.80,1.80
2009.06.09 09:10:44.587,0.86225,0.8623,1.00,1.80
2009.06.09 09:10:45.057,0.86225,0.8624,1.20,3.00
2009.06.09 09:10:45.457,0.8623,0.86245,1.00,7.80
2009.06.09 09:10:45.746,0.8623,0.86245,1.00,3.00
2009.06.09 09:10:46.096,0.8623,0.86245,3.20,3.00
2009.06.09 09:10:46.316,0.8623,0.8625,3.80,3.00
2009.06.09 09:10:46.666,0.8623,0.8625,7.20,3.80
2009.06.09 09:10:47.006,0.8623,0.8625,6.40,3.80
2009.06.09 09:10:47.346,0.8623,0.8625,6.40,3.00
2009.06.09 09:10:47.706,0.8623,0.8625,8.00,12.00
2009.06.09 09:10:48.285,0.8623,0.8625,8.00,8.00
2009.06.09 09:10:49.905,0.86235,0.8625,1.00,8.00
2009.06.09 09:10:50.295,0.86235,0.8625,1.20,8.00
2009.06.09 09:10:50.405,0.86235,0.8625,1.20,4.80
2009.06.09 09:10:50.635,0.86235,0.8625,1.20,4.00
2009.06.09 09:10:50.925,0.86235,0.8625,1.20,1.80
2009.06.09 09:10:51.165,0.86235,0.8625,1.20,1.00
2009.06.09 09:10:51.675,0.8624,0.86255,2.40,3.60
2009.06.09 09:10:51.955,0.8624,0.86255,2.00,3.00
2009.06.09 09:10:52.235,0.86245,0.8626,1.00,3.00
2009.06.09 09:10:53.324,0.8624,0.8626,6.40,3.80
2009.06.09 09:10:56.174,0.8624,0.8626,8.60,3.80
2009.06.09 09:10:57.034,0.8624,0.8626,8.60,3.00
2009.06.09 09:10:57.383,0.8624,0.8626,8.60,3.80
2009.06.09 09:10:57.723,0.8624,0.8626,6.40,3.80
2009.06.09 09:10:58.063,0.8624,0.86255,8.80,3.00
2009.06.09 09:10:58.593,0.86245,0.8626,2.80,3.00
2009.06.09 09:10:58.924,0.8624,0.8626,13.40,3.00
2009.06.09 09:10:59.323,0.8624,0.8626,9.60,4.40
2009.06.09 09:10:59.653,0.86245,0.8626,1.00,3.00
2009.06.09 09:10:59.883,0.86245,0.8626,4.00,3.00
2009.06.09 09:11:01.382,0.86245,0.8626,4.40,3.00
2009.06.09 09:11:01.493,0.86245,0.86265,4.60,12.20
2009.06.09 09:11:01.722,0.86245,0.86255,2.40,1.20
2009.06.09 09:11:02.072,0.86245,0.8626,1.00,5.80
2009.06.09 09:11:02.592,0.8625,0.86265,2.00,7.80
2009.06.09 09:11:02.982,0.86245,0.8625,1.60,2.40
2009.06.09 09:11:03.283,0.86245,0.8625,1.00,1.20
2009.06.09 09:11:03.682,0.8624,0.8625,9.80,1.20
2009.06.09 09:11:04.092,0.86245,0.8625,1.00,1.20
2009.06.09 09:11:04.762,0.8624,0.86245,5.50,1.20
2009.06.09 09:11:05.541,0.8624,0.86245,8.10,1.20
2009.06.09 09:11:06.161,0.86245,0.86255,1.00,1.70
2009.06.09 09:11:07.151,0.86245,0.8626,1.00,1.60
2009.06.09 09:11:07.731,0.8625,0.8627,1.00,3.20
2009.06.09 09:11:08.071,0.8625,0.8627,1.20,3.00
2009.06.09 09:11:08.421,0.8625,0.8627,1.00,3.00
2009.06.09 09:11:08.991,0.8625,0.86265,1.00,3.20
2009.06.09 09:11:09.281,0.8625,0.86265,1.20,3.00
2009.06.09 09:11:09.561,0.8625,0.86265,1.00,3.00
2009.06.09 09:11:09.940,0.8625,0.86265,1.20,3.00
2009.06.09 09:11:10.120,0.8625,0.86265,1.00,3.00
2009.06.09 09:11:10.561,0.8625,0.86265,1.60,3.00
2009.06.09 09:11:10.780,0.86245,0.86265,9.80,3.20
2009.06.09 09:11:11.010,0.86245,0.86265,8.20,3.60
2009.06.09 09:11:11.360,0.86245,0.86265,6.60,3.60
2009.06.09 09:11:11.590,0.8625,0.86265,1.60,3.20
2009.06.09 09:11:11.970,0.86245,0.86265,9.80,3.00
2009.06.09 09:11:12.260,0.86245,0.86265,8.20,3.60
2009.06.09 09:11:15.819,0.86245,0.8626,7.00,1.40
2009.06.09 09:11:15.939,0.86245,0.86255,1.60,1.40
2009.06.09 09:11:15.999,0.86245,0.86255,2.40,1.40
2009.06.09 09:11:16.289,0.86245,0.8625,1.60,3.00
2009.06.09 09:11:16.349,0.8624,0.8625,6.20,3.00
2009.06.09 09:11:16.409,0.8624,0.8625,5.20,3.00
2009.06.09 09:11:16.649,0.8624,0.8625,3.60,3.00
2009.06.09 09:11:16.769,0.8624,0.8625,2.00,3.00
2009.06.09 09:11:19.478,0.8624,0.86245,2.00,1.00
2009.06.09 09:11:19.538,0.8624,0.86245,2.00,3.00
2009.06.09 09:11:19.768,0.8623,0.86245,2.40,1.20
2009.06.09 09:11:19.828,0.8623,0.86245,6.40,2.60
2009.06.09 09:11:19.938,0.8623,0.86245,5.00,2.60
2009.06.09 09:11:20.878,0.8623,0.86245,4.80,3.00
2009.06.09 09:11:21.218,0.86225,0.8624,3.20,1.00
2009.06.09 09:11:21.458,0.8623,0.8624,3.60,1.00
2009.06.09 09:11:21.748,0.86225,0.86245,1.60,9.40
2009.06.09 09:11:22.038,0.86225,0.86245,1.60,10.20
2009.06.09 09:11:24.837,0.8623,0.86245,1.00,3.00
2009.06.09 09:11:25.237,0.8623,0.8625,4.80,3.80
2009.06.09 09:11:25.577,0.86235,0.8625,1.20,3.00
2009.06.09 09:11:25.866,0.8624,0.8625,2.00,3.00
2009.06.09 09:11:26.766,0.86235,0.8625,1.20,3.00
2009.06.09 09:11:27.276,0.8624,0.8625,4.40,3.00
2009.06.09 09:11:27.686,0.8624,0.8625,4.80,3.00
2009.06.09 09:11:31.745,0.8624,0.8625,4.80,3.00
2009.06.09 09:11:31.975,0.8624,0.8625,4.00,3.00
2009.06.09 09:11:32.395,0.8623,0.86245,4.60,1.00
2009.06.09 09:11:32.735,0.86235,0.8624,3.20,3.00
2009.06.09 09:11:33.305,0.86225,0.8624,4.40,3.00
2009.06.09 09:11:34.344,0.8623,0.8624,3.60,3.00
2009.06.09 09:11:34.564,0.8623,0.8624,1.60,3.00
2009.06.09 09:11:34.925,0.86225,0.8624,4.40,3.00
2009.06.09 09:11:35.165,0.86225,0.8624,2.80,3.00
2009.06.09 09:11:35.446,0.86225,0.8624,1.00,3.00
2009.06.09 09:11:36.154,0.8622,0.8624,9.60,3.00
2009.06.09 09:11:36.624,0.8622,0.8624,12.80,4.60
2009.06.09 09:11:37.524,0.8622,0.86235,12.80,2.60
2009.06.09 09:11:38.383,0.8622,0.8624,12.80,4.40
2009.06.09 09:11:38.973,0.8622,0.8624,12.80,3.60
2009.06.09 09:11:40.223,0.8622,0.86235,12.40,1.60
2009.06.09 09:11:40.524,0.8622,0.86235,12.40,1.40
2009.06.09 09:11:40.804,0.8622,0.86235,12.40,2.40
2009.06.09 09:11:41.143,0.8622,0.86235,7.60,3.00
2009.06.09 09:11:41.583,0.8622,0.8623,4.80,1.00
2009.06.09 09:11:41.983,0.8622,0.86235,2.00,3.00
2009.06.09 09:11:42.513,0.8622,0.86235,1.00,5.80
2009.06.09 09:11:42.912,0.86215,0.86235,8.20,5.80
2009.06.09 09:11:43.242,0.86215,0.86235,9.40,10.60
2009.06.09 09:11:43.662,0.8622,0.86235,2.00,3.80
2009.06.09 09:11:44.242,0.86215,0.86235,1.40,3.80
2009.06.09 09:11:44.532,0.86215,0.86235,1.40,11.40
2009.06.09 09:11:44.822,0.86215,0.8623,8.00,3.00
2009.06.09 09:11:45.122,0.8622,0.8623,2.00,3.00
2009.06.09 09:11:45.422,0.86215,0.8623,2.80,3.00
2009.06.09 09:11:45.712,0.86215,0.8623,5.20,3.00
2009.06.09 09:11:45.982,0.86215,0.8623,4.40,3.00
2009.06.09 09:11:46.372,0.86215,0.8623,1.00,3.00
2009.06.09 09:11:46.952,0.8621,0.8623,15.40,3.00
2009.06.09 09:11:47.521,0.86215,0.8623,1.20,3.00
2009.06.09 09:11:50.161,0.86215,0.8623,9.20,3.00
2009.06.09 09:11:50.810,0.86215,0.8623,11.60,3.00
2009.06.09 09:11:52.640,0.86215,0.8623,12.40,3.00
2009.06.09 09:11:57.919,0.86215,0.8623,1.20,3.00
2009.06.09 09:11:58.319,0.86215,0.8623,1.00,3.00
2009.06.09 09:11:59.308,0.86215,0.8623,2.00,3.00
2009.06.09 09:11:59.698,0.86215,0.8623,3.60,3.00
2009.06.09 09:11:59.878,0.86215,0.8623,1.20,3.00
2009.06.09 09:12:00.628,0.8622,0.8623,1.00,3.00
2009.06.09 09:12:01.148,0.8622,0.8623,1.60,3.00
2009.06.09 09:12:01.598,0.86215,0.8623,2.80,3.00
2009.06.09 09:12:01.818,0.86215,0.8623,1.20,3.00
2009.06.09 09:12:02.118,0.8621,0.8623,19.60,3.00
2009.06.09 09:12:02.408,0.8622,0.8623,1.00,3.00
2009.06.09 09:12:03.148,0.8622,0.8623,3.20,3.00
2009.06.09 09:12:03.507,0.8621,0.8623,10.80,3.00
2009.06.09 09:12:03.907,0.8621,0.8623,17.20,3.00
2009.06.09 09:12:04.128,0.8621,0.8623,16.40,3.00
2009.06.09 09:12:04.477,0.8622,0.8623,1.00,3.00
2009.06.09 09:12:04.657,0.8622,0.8623,3.20,3.00
2009.06.09 09:12:04.937,0.86215,0.8623,4.40,3.00
2009.06.09 09:12:05.287,0.86215,0.8623,1.00,3.00
2009.06.09 09:12:05.997,0.8622,0.8623,1.00,3.00
2009.06.09 09:12:06.517,0.8622,0.8623,1.60,3.00
2009.06.09 09:12:06.837,0.86215,0.8623,1.00,3.00
2009.06.09 09:12:07.956,0.8622,0.8623,3.20,3.00
2009.06.09 09:12:12.605,0.8622,0.8623,1.00,3.00
2009.06.09 09:12:12.835,0.8622,0.8623,2.40,3.00
2009.06.09 09:12:13.185,0.8622,0.8623,4.00,3.00
2009.06.09 09:12:18.004,0.86225,0.86235,4.40,3.20
2009.06.09 09:12:18.354,0.8623,0.8624,1.00,1.00
2009.06.09 09:12:18.584,0.8623,0.8624,1.20,1.00
2009.06.09 09:12:18.704,0.8623,0.8624,1.20,1.00
2009.06.09 09:12:18.824,0.8623,0.8624,1.00,1.00
2009.06.09 09:12:18.934,0.8623,0.86245,1.00,1.60
2009.06.09 09:12:19.404,0.8623,0.86245,1.00,1.60
2009.06.09 09:12:19.523,0.86235,0.86245,4.00,1.00
2009.06.09 09:12:19.744,0.86235,0.8625,4.00,3.60
2009.06.09 09:12:20.094,0.86235,0.86245,4.00,1.00
2009.06.09 09:12:20.443,0.8623,0.8624,5.00,3.00
2009.06.09 09:12:20.553,0.8623,0.8624,2.80,3.00
2009.06.09 09:12:20.793,0.86235,0.8624,3.20,3.00
2009.06.09 09:12:20.903,0.8624,0.86245,1.00,7.20
2009.06.09 09:12:21.023,0.86235,0.86245,1.00,1.00
2009.06.09 09:12:21.723,0.86235,0.86245,1.00,1.40
2009.06.09 09:12:21.943,0.8623,0.8625,2.20,4.40
2009.06.09 09:12:22.063,0.8623,0.86245,9.40,1.60
2009.06.09 09:12:22.293,0.8623,0.86245,9.40,1.00
2009.06.09 09:12:22.403,0.8623,0.86245,11.80,1.60
2009.06.09 09:12:23.013,0.8623,0.86245,7.80,1.60
2009.06.09 09:12:23.312,0.8623,0.86245,8.60,1.60
2009.06.09 09:12:24.143,0.8623,0.8624,4.80,4.00
2009.06.09 09:12:24.202,0.86225,0.8623,1.60,3.00
2009.06.09 09:12:24.502,0.8622,0.8623,6.40,3.00
2009.06.09 09:12:24.682,0.8622,0.8623,4.80,3.00
2009.06.09 09:12:24.922,0.8622,0.8623,4.40,3.00
2009.06.09 09:12:25.042,0.8622,0.8623,3.60,3.00
2009.06.09 09:12:25.262,0.8622,0.8623,2.00,3.00
2009.06.09 09:12:25.372,0.86225,0.8624,1.20,14.40
2009.06.09 09:12:25.672,0.8622,0.8623,12.60,3.00
2009.06.09 09:12:25.782,0.8622,0.8623,6.80,3.00
2009.06.09 09:12:26.022,0.8622,0.8623,6.00,3.00
2009.06.09 09:12:26.132,0.8622,0.8623,4.40,3.00
2009.06.09 09:12:26.712,0.86225,0.8624,6.80,10.20
2009.06.09 09:12:27.052,0.86225,0.8624,4.00,10.60
2009.06.09 09:12:27.112,0.8623,0.8624,1.00,2.60
2009.06.09 09:12:27.562,0.8623,0.86245,11.20,4.60
2009.06.09 09:12:28.022,0.86235,0.86255,1.00,14.60
2009.06.09 09:12:28.312,0.86235,0.8625,4.00,1.60
2009.06.09 09:12:28.482,0.86235,0.8625,4.00,1.80
2009.06.09 09:12:28.711,0.8624,0.8625,1.00,1.80
2009.06.09 09:12:28.821,0.8624,0.8625,4.00,1.80
2009.06.09 09:12:29.271,0.8624,0.86255,4.00,3.80
2009.06.09 09:12:29.511,0.8624,0.86245,2.40,3.80
2009.06.09 09:12:29.682,0.86235,0.8624,6.60,4.00
2009.06.09 09:12:30.021,0.86235,0.86245,1.60,6.20
2009.06.09 09:12:30.371,0.8623,0.8624,1.20,1.00
2009.06.09 09:12:30.781,0.86235,0.8624,1.00,1.00
2009.06.09 09:12:31.001,0.86225,0.8624,15.00,1.00
2009.06.09 09:12:31.531,0.86235,0.8624,1.00,1.00
2009.06.09 09:12:31.811,0.86235,0.86245,1.20,1.00
2009.06.09 09:12:31.872,0.86235,0.86245,2.40,1.00
2009.06.09 09:12:32.041,0.8623,0.8624,5.40,3.00
2009.06.09 09:12:32.330,0.8623,0.8624,2.20,3.00
2009.06.09 09:12:32.511,0.8623,0.8624,2.00,3.00
2009.06.09 09:12:32.790,0.8623,0.8624,2.40,3.00
2009.06.09 09:12:33.200,0.8623,0.8624,3.20,3.00
2009.06.09 09:12:33.540,0.8623,0.8624,4.80,3.00
2009.06.09 09:12:34.520,0.8623,0.8624,5.00,3.00
2009.06.09 09:12:36.410,0.86235,0.86245,2.40,19.40
2009.06.09 09:12:36.589,0.86235,0.8624,3.20,3.00
2009.06.09 09:12:36.860,0.8623,0.8624,2.20,3.00
2009.06.09 09:12:37.199,0.8623,0.8624,6.60,3.00
2009.06.09 09:12:37.589,0.8623,0.8624,5.00,3.00
2009.06.09 09:12:37.929,0.8623,0.8624,4.80,3.00
2009.06.09 09:12:38.159,0.8623,0.8624,6.60,3.00
2009.06.09 09:12:38.339,0.8623,0.8624,6.40,3.00
2009.06.09 09:12:38.559,0.86235,0.8624,1.20,3.00
2009.06.09 09:12:38.679,0.86235,0.86245,4.40,3.00
2009.06.09 09:12:38.919,0.8624,0.8625,1.00,14.40
2009.06.09 09:12:39.139,0.86235,0.8624,7.40,3.00
2009.06.09 09:12:39.539,0.86235,0.8624,4.60,3.00
2009.06.09 09:12:39.759,0.86235,0.8624,1.20,3.00
2009.06.09 09:12:40.088,0.86235,0.8624,2.80,3.00
2009.06.09 09:12:40.148,0.86235,0.8625,3.00,10.00
2009.06.09 09:12:40.498,0.8623,0.8624,16.40,3.00
2009.06.09 09:12:40.899,0.86235,0.8625,1.40,10.00
2009.06.09 09:12:41.138,0.86235,0.8625,2.40,10.00
2009.06.09 09:12:41.299,0.86235,0.8624,1.60,3.00
2009.06.09 09:12:41.638,0.8623,0.8624,5.60,3.00
2009.06.09 09:12:42.348,0.8623,0.8624,5.80,3.00
2009.06.09 09:12:42.528,0.8623,0.8624,4.20,3.00
2009.06.09 09:12:42.938,0.8623,0.8624,4.80,3.00
2009.06.09 09:12:43.718,0.8623,0.8624,5.40,3.00
2009.06.09 09:12:46.047,0.86235,0.8624,4.00,3.00
2009.06.09 09:12:46.457,0.86235,0.8624,3.20,3.00
2009.06.09 09:12:47.207,0.8623,0.8624,6.40,3.00
2009.06.09 09:12:47.507,0.8623,0.8624,2.00,3.00
2009.06.09 09:12:47.847,0.8623,0.8624,2.80,3.00
2009.06.09 09:12:48.427,0.86235,0.8624,1.00,3.00
2009.06.09 09:12:48.707,0.86235,0.8624,2.20,3.00
2009.06.09 09:12:49.047,0.86235,0.86245,1.00,3.00
2009.06.09 09:12:49.287,0.8623,0.8625,6.80,9.60
2009.06.09 09:12:49.616,0.8623,0.8624,1.60,3.00
2009.06.09 09:12:50.146,0.8623,0.8624,5.20,1.00
2009.06.09 09:12:50.476,0.86235,0.8625,1.80,4.20
2009.06.09 09:12:50.766,0.86235,0.8625,2.80,18.40
2009.06.09 09:12:51.066,0.86235,0.8625,2.80,3.00
2009.06.09 09:12:51.356,0.86235,0.8625,3.60,3.00
2009.06.09 09:12:51.656,0.8624,0.86245,1.20,1.00
2009.06.09 09:12:51.936,0.8624,0.86245,3.20,1.00
2009.06.09 09:12:52.456,0.86235,0.86245,4.60,1.00
2009.06.09 09:12:52.815,0.86235,0.8625,1.00,2.20
2009.06.09 09:12:53.216,0.8623,0.86245,2.00,3.00
2009.06.09 09:12:53.506,0.86235,0.8625,1.60,4.40
2009.06.09 09:12:53.745,0.86235,0.86245,2.40,3.00
2009.06.09 09:12:54.045,0.8623,0.86245,16.40,3.00
2009.06.09 09:12:54.335,0.8623,0.8625,2.00,3.80
2009.06.09 09:12:54.575,0.8624,0.86255,1.20,6.80
2009.06.09 09:12:54.855,0.8624,0.86245,1.00,3.00
2009.06.09 09:12:55.155,0.86235,0.86245,3.60,3.00
2009.06.09 09:12:55.615,0.8623,0.86245,11.20,3.00
2009.06.09 09:12:55.895,0.8623,0.8624,5.60,3.00
2009.06.09 09:12:56.175,0.8623,0.8624,3.20,3.00
2009.06.09 09:12:57.165,0.8623,0.8624,7.80,3.00
2009.06.09 09:12:57.444,0.8623,0.8624,2.80,3.00
2009.06.09 09:12:58.364,0.8623,0.8624,3.00,3.00
2009.06.09 09:12:58.824,0.8623,0.8624,2.00,3.00
2009.06.09 09:12:58.994,0.8623,0.8624,4.80,3.00
2009.06.09 09:12:59.394,0.8623,0.8624,5.20,3.00
2009.06.09 09:13:00.104,0.8623,0.8624,4.20,3.00
2009.06.09 09:13:00.284,0.8623,0.8624,4.40,3.00
2009.06.09 09:13:00.684,0.8623,0.8624,2.00,3.00
2009.06.09 09:13:01.453,0.8623,0.86235,2.00,3.00
2009.06.09 09:13:01.923,0.8623,0.86245,5.60,7.40
2009.06.09 09:13:02.103,0.8623,0.86235,6.80,1.20
2009.06.09 09:13:02.163,0.8623,0.86235,5.60,7.60
2009.06.09 09:13:02.583,0.8623,0.86235,4.40,11.40
2009.06.09 09:13:03.093,0.8623,0.86235,3.60,3.00
2009.06.09 09:13:03.333,0.86225,0.86235,10.00,3.00
2009.06.09 09:13:04.193,0.86225,0.86235,5.80,3.00
2009.06.09 09:13:04.493,0.86225,0.8623,3.20,3.00
2009.06.09 09:13:04.663,0.8622,0.8623,5.20,3.00
2009.06.09 09:13:04.993,0.8622,0.8623,2.00,3.00
2009.06.09 09:13:05.672,0.8622,0.8623,2.80,3.00
2009.06.09 09:13:05.852,0.8622,0.8623,4.40,3.00
2009.06.09 09:13:06.552,0.8622,0.8623,4.80,3.00
2009.06.09 09:13:07.392,0.8622,0.8623,4.40,3.00
2009.06.09 09:13:08.652,0.8622,0.8623,3.60,3.00
2009.06.09 09:13:08.762,0.8622,0.8623,2.80,3.00
2009.06.09 09:13:09.051,0.8622,0.8623,4.40,3.00
2009.06.09 09:13:10.451,0.8622,0.8623,3.60,3.00
2009.06.09 09:13:10.861,0.8622,0.8623,2.00,3.00
2009.06.09 09:13:11.451,0.86215,0.8623,1.20,3.00
2009.06.09 09:13:11.731,0.86215,0.8623,4.80,3.00
2009.06.09 09:13:12.021,0.86215,0.8623,4.40,3.00
2009.06.09 09:13:12.431,0.86215,0.86225,4.40,3.00
2009.06.09 09:13:12.941,0.86215,0.86225,5.60,3.00
2009.06.09 09:13:13.291,0.86215,0.86225,1.60,3.00
2009.06.09 09:13:13.411,0.8621,0.86225,8.40,3.00
2009.06.09 09:13:13.990,0.8621,0.86225,13.20,3.00
2009.06.09 09:13:14.431,0.8621,0.86225,12.60,3.00
2009.06.09 09:13:14.660,0.8621,0.86225,14.20,3.00
2009.06.09 09:13:15.600,0.8621,0.86225,15.00,3.00
2009.06.09 09:13:15.930,0.8621,0.86225,14.20,3.00
2009.06.09 09:13:16.200,0.8621,0.86225,12.60,3.00
2009.06.09 09:13:16.800,0.86205,0.8621,1.60,3.00
2009.06.09 09:13:17.320,0.862,0.8621,2.00,3.00
2009.06.09 09:13:17.669,0.862,0.8621,9.60,3.00
2009.06.09 09:13:18.060,0.862,0.8621,5.60,3.00
2009.06.09 09:13:18.859,0.862,0.8621,4.40,3.00
2009.06.09 09:13:19.999,0.862,0.8621,4.80,3.00
2009.06.09 09:13:20.409,0.862,0.8621,4.00,3.00
2009.06.09 09:13:20.649,0.862,0.8621,3.20,3.00
2009.06.09 09:13:21.109,0.862,0.8621,4.80,3.00
2009.06.09 09:13:22.318,0.862,0.8621,9.60,3.00
2009.06.09 09:13:23.338,0.862,0.8621,4.80,3.00
2009.06.09 09:13:23.628,0.862,0.8621,9.60,3.00
2009.06.09 09:13:26.028,0.86195,0.8621,2.60,3.00
2009.06.09 09:13:26.367,0.86195,0.8621,8.60,3.00
2009.06.09 09:13:26.648,0.86195,0.8621,6.00,3.00
2009.06.09 09:13:26.937,0.86195,0.8621,4.40,3.00
2009.06.09 09:13:27.627,0.862,0.8622,2.40,7.40
2009.06.09 09:13:27.737,0.862,0.8622,1.20,5.40
2009.06.09 09:13:28.197,0.862,0.8622,3.20,3.80
2009.06.09 09:13:28.607,0.86205,0.8622,1.00,3.00
2009.06.09 09:13:28.947,0.86205,0.86225,1.40,3.80
2009.06.09 09:13:29.537,0.8621,0.86225,1.00,3.00
2009.06.09 09:13:29.867,0.8621,0.86225,4.40,3.00
2009.06.09 09:13:30.096,0.8621,0.86225,2.80,3.00
2009.06.09 09:13:30.376,0.86215,0.86225,1.60,3.00
2009.06.09 09:13:30.707,0.86215,0.86225,3.20,3.00
2009.06.09 09:13:30.997,0.8621,0.86225,4.40,3.00
2009.06.09 09:13:31.276,0.8621,0.86225,4.80,3.00
2009.06.09 09:13:31.566,0.86215,0.86225,1.00,3.00
2009.06.09 09:13:32.156,0.86215,0.86225,2.40,3.00
2009.06.09 09:13:32.446,0.86215,0.86225,4.00,3.00
2009.06.09 09:13:34.296,0.86215,0.86225,1.00,3.00
2009.06.09 09:13:35.265,0.86215,0.8623,1.40,3.00
2009.06.09 09:13:35.605,0.8622,0.86225,2.80,3.00
2009.06.09 09:13:36.105,0.86215,0.86225,2.00,3.00
2009.06.09 09:13:36.505,0.86215,0.86225,5.20,3.00
2009.06.09 09:13:36.845,0.8622,0.86235,4.80,3.80
2009.06.09 09:13:37.425,0.8622,0.86235,3.20,3.00
2009.06.09 09:13:37.755,0.86225,0.8624,1.20,4.20
2009.06.09 09:13:38.115,0.86225,0.86235,1.20,3.00
2009.06.09 09:13:38.345,0.86225,0.86235,1.40,3.00
2009.06.09 09:13:38.465,0.8622,0.86235,6.40,3.80
2009.06.09 09:13:38.975,0.8622,0.86235,4.80,3.00
2009.06.09 09:13:39.305,0.8622,0.86235,3.20,3.00
2009.06.09 09:13:39.824,0.8622,0.86235,11.60,3.00
2009.06.09 09:13:40.115,0.86225,0.86235,2.00,3.00
2009.06.09 09:13:40.404,0.86225,0.86235,1.60,3.00
2009.06.09 09:13:40.704,0.8622,0.86235,9.60,3.00
2009.06.09 09:13:40.944,0.8622,0.86235,5.60,3.00
2009.06.09 09:13:41.244,0.8622,0.8623,3.20,3.00
2009.06.09 09:13:41.524,0.8622,0.86235,3.20,3.00
2009.06.09 09:13:43.463,0.8622,0.86235,2.40,3.00
2009.06.09 09:13:43.763,0.8622,0.86235,2.00,3.00
2009.06.09 09:13:44.053,0.86215,0.86235,4.80,3.00
2009.06.09 09:13:44.293,0.8621,0.86225,8.80,3.00
2009.06.09 09:13:44.633,0.86215,0.86225,1.40,3.00
2009.06.09 09:13:45.113,0.8621,0.86225,4.00,3.00
2009.06.09 09:13:45.553,0.8621,0.86225,2.00,3.00
2009.06.09 09:13:46.143,0.86205,0.8622,7.60,3.00
2009.06.09 09:13:46.382,0.86205,0.8622,4.40,3.00
2009.06.09 09:13:46.773,0.8621,0.86225,1.00,5.60
2009.06.09 09:13:46.943,0.8621,0.86225,4.80,3.80
2009.06.09 09:13:47.343,0.8621,0.86225,5.20,4.60
2009.06.09 09:13:47.512,0.8621,0.86225,2.00,3.80
2009.06.09 09:13:47.952,0.8621,0.86225,2.40,3.00
2009.06.09 09:13:48.412,0.8621,0.86225,2.40,7.40
2009.06.09 09:13:48.582,0.86215,0.86225,1.00,7.40
2009.06.09 09:13:48.762,0.86215,0.86225,1.00,6.60
2009.06.09 09:13:49.122,0.8621,0.86225,4.80,3.00
2009.06.09 09:13:49.582,0.8621,0.86225,4.80,9.00
2009.06.09 09:13:49.812,0.8621,0.86225,4.80,1.00
2009.06.09 09:13:50.092,0.8621,0.86225,2.00,1.00
2009.06.09 09:13:50.152,0.8621,0.86225,2.80,1.00
2009.06.09 09:13:50.802,0.8621,0.86225,4.40,1.00
2009.06.09 09:13:51.551,0.8621,0.8622,3.60,3.00
2009.06.09 09:13:51.952,0.8621,0.86215,2.00,3.00
2009.06.09 09:13:52.241,0.8621,0.8622,2.00,3.00
2009.06.09 09:13:52.481,0.86205,0.8622,1.20,3.00
2009.06.09 09:13:52.921,0.86205,0.8622,4.40,3.00
2009.06.09 09:13:54.911,0.86205,0.8622,3.20,3.00
2009.06.09 09:13:55.140,0.86205,0.8622,1.60,3.00
2009.06.09 09:13:55.310,0.862,0.8622,6.40,3.80
2009.06.09 09:13:55.550,0.862,0.8622,4.80,3.80
2009.06.09 09:13:55.711,0.862,0.8622,4.80,3.00
2009.06.09 09:13:56.010,0.86205,0.8622,1.00,3.00
2009.06.09 09:13:56.070,0.86205,0.8622,1.20,3.00
2009.06.09 09:13:56.570,0.8621,0.8622,1.20,3.00
2009.06.09 09:13:56.860,0.8621,0.8622,2.40,3.00
2009.06.09 09:13:57.730,0.8621,0.8622,3.60,3.00
2009.06.09 09:13:58.240,0.86205,0.86215,4.40,3.00
2009.06.09 09:13:58.770,0.86205,0.8622,4.40,3.00
2009.06.09 09:13:59.979,0.8621,0.8622,1.00,3.00
2009.06.09 09:14:00.309,0.8621,0.8622,1.00,3.00
2009.06.09 09:14:00.659,0.8621,0.8622,3.60,3.00
2009.06.09 09:14:00.819,0.8621,0.8622,2.00,3.00
2009.06.09 09:14:01.639,0.8621,0.8622,2.40,3.00
2009.06.09 09:14:01.869,0.8621,0.8622,3.20,3.00
2009.06.09 09:14:02.159,0.8621,0.8622,5.60,3.00
2009.06.09 09:14:02.619,0.8621,0.8622,4.80,3.00
2009.06.09 09:14:04.008,0.8621,0.86215,4.40,3.00
2009.06.09 09:14:04.189,0.8621,0.86215,3.60,3.00
2009.06.09 09:14:04.418,0.8621,0.86215,2.00,3.00
2009.06.09 09:14:04.878,0.8621,0.86215,1.00,3.00
2009.06.09 09:14:05.358,0.86215,0.8622,1.00,4.20
2009.06.09 09:14:05.598,0.8621,0.8622,2.40,3.00
2009.06.09 09:14:05.938,0.86215,0.8622,4.00,3.00
2009.06.09 09:14:06.178,0.86215,0.8622,1.60,3.00
2009.06.09 09:14:06.748,0.86205,0.86215,3.00,3.00
2009.06.09 09:14:07.097,0.86205,0.86215,2.20,3.00
2009.06.09 09:14:07.438,0.86205,0.86215,3.00,3.00
2009.06.09 09:14:08.867,0.8621,0.8622,1.00,3.00
2009.06.09 09:14:09.377,0.8621,0.8622,2.40,3.00
2009.06.09 09:14:09.497,0.86215,0.8622,2.40,1.20
2009.06.09 09:14:09.847,0.86215,0.8622,3.60,3.00
2009.06.09 09:14:10.707,0.8621,0.8622,1.20,3.00
2009.06.09 09:14:11.237,0.86225,0.8623,1.00,6.40
2009.06.09 09:14:11.526,0.8622,0.8623,1.20,5.20
2009.06.09 09:14:11.867,0.8622,0.86235,10.20,1.20
2009.06.09 09:14:12.376,0.86225,0.86235,5.20,3.00
2009.06.09 09:14:12.677,0.86225,0.8624,8.20,1.00
2009.06.09 09:14:13.076,0.86225,0.8624,5.20,1.00
2009.06.09 09:14:16.205,0.86225,0.8624,1.00,3.00
2009.06.09 09:14:16.485,0.8622,0.8624,6.80,7.40
2009.06.09 09:14:16.825,0.86225,0.86235,6.00,1.00
2009.06.09 09:14:17.125,0.86225,0.8624,6.40,3.00
2009.06.09 09:14:17.485,0.86225,0.86245,8.20,6.20
2009.06.09 09:14:20.074,0.86225,0.86245,3.60,3.00
2009.06.09 09:14:20.354,0.86225,0.86245,5.20,11.20
2009.06.09 09:14:20.695,0.86225,0.86235,7.60,1.00
2009.06.09 09:14:20.994,0.8622,0.8624,14.00,8.20
2009.06.09 09:14:21.274,0.8622,0.8624,5.40,3.00
2009.06.09 09:14:21.794,0.86225,0.8624,1.00,3.00
2009.06.09 09:14:22.034,0.8622,0.8624,6.20,3.00
2009.06.09 09:14:23.054,0.86225,0.86245,5.20,10.40
2009.06.09 09:14:23.354,0.86225,0.8624,4.40,3.00
2009.06.09 09:14:23.804,0.8623,0.8624,1.00,2.60
2009.06.09 09:14:24.094,0.8623,0.8624,1.00,2.40
2009.06.09 09:14:24.883,0.8623,0.86245,1.40,2.40
2009.06.09 09:14:25.553,0.8623,0.86245,4.00,3.20
2009.06.09 09:14:25.783,0.86225,0.86245,5.20,2.40
2009.06.09 09:14:26.173,0.8623,0.8625,8.20,8.00
2009.06.09 09:14:26.393,0.8623,0.8625,8.80,3.80
2009.06.09 09:14:26.573,0.8623,0.86245,4.60,2.40
2009.06.09 09:14:26.813,0.8623,0.86245,5.00,2.40
2009.06.09 09:14:26.983,0.8623,0.86245,8.20,2.40
2009.06.09 09:14:27.433,0.8623,0.86245,9.00,2.40
2009.06.09 09:14:28.302,0.8624,0.86245,1.00,3.00
2009.06.09 09:14:28.713,0.8624,0.86255,4.00,11.40
2009.06.09 09:14:29.053,0.86235,0.8625,5.60,3.00
2009.06.09 09:14:29.342,0.8623,0.8625,12.60,5.40
2009.06.09 09:14:29.632,0.8623,0.8625,8.60,5.40
2009.06.09 09:14:29.932,0.8623,0.8625,4.00,5.40
2009.06.09 09:14:30.172,0.8623,0.8625,10.20,5.40
2009.06.09 09:14:30.512,0.8623,0.8625,4.80,5.40
2009.06.09 09:14:30.782,0.8623,0.8625,3.20,5.40
2009.06.09 09:14:31.082,0.86225,0.86245,8.80,3.00
2009.06.09 09:14:31.372,0.8623,0.86245,4.40,3.00
2009.06.09 09:14:32.332,0.8623,0.8625,5.20,9.00
2009.06.09 09:14:32.782,0.86225,0.86245,2.60,3.00
2009.06.09 09:14:33.071,0.86225,0.86245,8.80,3.00
2009.06.09 09:14:33.353,0.86225,0.8624,8.80,3.00
2009.06.09 09:14:33.761,0.86225,0.8624,10.40,3.00
2009.06.09 09:14:33.991,0.86225,0.8624,12.60,3.00
2009.06.09 09:14:34.221,0.8623,0.86235,1.20,3.00
2009.06.09 09:14:34.621,0.8623,0.86245,3.20,3.00
2009.06.09 09:14:35.361,0.8623,0.86235,4.00,3.00
2009.06.09 09:14:35.771,0.8623,0.86245,4.40,3.00
2009.06.09 09:14:36.061,0.8623,0.86245,1.00,3.00
2009.06.09 09:14:36.291,0.86225,0.86245,6.60,3.00
2009.06.09 09:14:36.590,0.8623,0.86245,2.80,3.00
2009.06.09 09:14:36.991,0.8623,0.86245,2.00,2.40
2009.06.09 09:14:37.331,0.8623,0.86245,2.00,3.00
2009.06.09 09:14:37.680,0.8623,0.86245,2.60,2.40
2009.06.09 09:14:38.020,0.8623,0.8625,3.40,5.40
2009.06.09 09:14:39.740,0.8624,0.8625,1.00,5.40
2009.06.09 09:14:40.010,0.8624,0.86245,1.00,2.40
2009.06.09 09:14:40.410,0.86235,0.86255,10.20,4.60
2009.06.09 09:14:40.810,0.86235,0.8626,12.80,6.60
2009.06.09 09:14:41.150,0.8624,0.8626,1.20,8.60
2009.06.09 09:14:41.549,0.86235,0.8625,3.80,3.00
2009.06.09 09:14:41.949,0.8623,0.8625,3.60,3.00
2009.06.09 09:14:42.350,0.8623,0.86245,6.40,3.00
2009.06.09 09:14:42.869,0.8623,0.8625,1.20,3.00
2009.06.09 09:14:43.409,0.8623,0.8625,1.20,5.40
2009.06.09 09:14:43.579,0.8623,0.8625,3.20,5.40
2009.06.09 09:14:43.929,0.8623,0.8625,8.00,5.40
2009.06.09 09:14:44.539,0.8623,0.8624,8.00,3.00
2009.06.09 09:14:45.348,0.8624,0.8625,1.00,4.60
2009.06.09 09:14:45.678,0.86235,0.8624,2.00,3.00
2009.06.09 09:14:45.848,0.86235,0.86245,5.20,1.00
2009.06.09 09:14:46.208,0.86235,0.86245,1.60,3.00
2009.06.09 09:14:46.608,0.8623,0.86245,8.00,3.00
2009.06.09 09:14:46.848,0.8623,0.86245,8.80,3.00
2009.06.09 09:14:47.198,0.8623,0.86245,8.80,1.00
2009.06.09 09:14:47.778,0.8623,0.8625,1.20,7.40
2009.06.09 09:14:48.128,0.8623,0.86245,4.00,1.00
2009.06.09 09:14:48.638,0.86235,0.8625,1.60,11.40
2009.06.09 09:14:48.987,0.8623,0.8625,4.80,3.00
2009.06.09 09:14:49.277,0.8623,0.86245,8.00,2.40
2009.06.09 09:14:49.437,0.8623,0.8625,8.80,13.00
2009.06.09 09:14:49.797,0.8623,0.8625,8.80,11.40
2009.06.09 09:14:50.367,0.8623,0.8625,11.00,8.20
2009.06.09 09:14:50.947,0.86235,0.8625,1.00,8.20
2009.06.09 09:14:51.337,0.86235,0.8625,4.00,8.20
2009.06.09 09:14:51.927,0.86235,0.8625,2.00,3.00
2009.06.09 09:14:52.387,0.86235,0.8625,4.40,3.00
2009.06.09 09:14:52.717,0.86235,0.86255,3.60,5.40
2009.06.09 09:14:53.007,0.8624,0.86255,1.00,3.00
2009.06.09 09:14:53.486,0.8624,0.86255,4.00,3.00
2009.06.09 09:14:53.836,0.8624,0.86255,2.80,3.00
2009.06.09 09:14:54.296,0.8624,0.86255,2.00,3.00
2009.06.09 09:14:54.686,0.86235,0.86245,4.80,3.00
2009.06.09 09:14:55.036,0.86235,0.86245,4.40,3.00
2009.06.09 09:14:55.436,0.86235,0.86255,4.40,3.00
2009.06.09 09:14:55.676,0.86235,0.86245,4.40,3.00
2009.06.09 09:14:56.126,0.86235,0.86255,4.40,6.20
2009.06.09 09:14:56.407,0.86235,0.86255,4.60,6.20
2009.06.09 09:14:56.886,0.86235,0.86245,4.40,3.00
2009.06.09 09:14:57.286,0.86235,0.86245,2.80,3.00
2009.06.09 09:14:57.516,0.86235,0.86255,3.00,6.20
2009.06.09 09:14:57.865,0.86235,0.86245,2.80,3.00
2009.06.09 09:14:58.335,0.86235,0.86245,4.40,3.00
2009.06.09 09:14:59.025,0.86235,0.86245,4.80,3.00
2009.06.09 09:14:59.935,0.86235,0.86245,8.00,3.00
2009.06.09 09:15:00.165,0.86235,0.86255,8.00,3.00
2009.06.09 09:15:00.335,0.8624,0.86255,1.00,3.00
2009.06.09 09:15:00.865,0.8624,0.86255,3.20,3.00
2009.06.09 09:15:01.325,0.86235,0.86245,8.00,3.00
2009.06.09 09:15:01.545,0.86235,0.86255,7.80,5.40
2009.06.09 09:15:01.774,0.86235,0.8625,7.60,3.00
2009.06.09 09:15:02.064,0.8624,0.86245,1.00,3.00
2009.06.09 09:15:02.574,0.8624,0.8625,1.00,3.00
2009.06.09 09:15:02.874,0.8624,0.86255,4.00,3.00
2009.06.09 09:15:03.564,0.86235,0.86255,1.60,3.00
2009.06.09 09:15:03.734,0.8623,0.8625,8.20,3.00
2009.06.09 09:15:03.914,0.8623,0.8625,9.00,2.40
2009.06.09 09:15:04.254,0.8623,0.8625,10.20,8.20
2009.06.09 09:15:04.704,0.8623,0.86245,8.00,1.00
2009.06.09 09:15:05.154,0.8623,0.8625,8.00,6.40
2009.06.09 09:15:05.573,0.8623,0.86245,2.40,1.00
2009.06.09 09:15:05.794,0.8623,0.86245,2.00,1.00
2009.06.09 09:15:06.033,0.8623,0.86245,5.20,6.60
2009.06.09 09:15:06.443,0.8623,0.86245,1.60,6.40
2009.06.09 09:15:06.623,0.86225,0.86245,8.80,3.20
2009.06.09 09:15:07.043,0.86225,0.86245,8.80,1.60
2009.06.09 09:15:07.213,0.86225,0.86245,12.00,3.00
2009.06.09 09:15:07.953,0.86225,0.8624,11.00,3.00
2009.06.09 09:15:08.293,0.86225,0.86245,8.80,3.00
2009.06.09 09:15:08.803,0.86225,0.86245,6.40,3.00
2009.06.09 09:15:09.932,0.86225,0.86245,8.00,3.00
2009.06.09 09:15:09.992,0.86225,0.86245,10.20,3.00
2009.06.09 09:15:10.392,0.86225,0.86245,10.80,3.00
2009.06.09 09:15:10.742,0.8623,0.8625,1.20,10.20
2009.06.09 09:15:11.122,0.8623,0.8625,6.40,8.60
2009.06.09 09:15:11.303,0.8623,0.8625,7.20,7.00
2009.06.09 09:15:11.522,0.8623,0.8625,6.40,7.00
2009.06.09 09:15:12.162,0.8623,0.86245,10.60,4.00
2009.06.09 09:15:12.342,0.86235,0.86245,4.00,3.00
2009.06.09 09:15:12.702,0.86235,0.86245,4.00,4.00
2009.06.09 09:15:13.862,0.86235,0.86245,1.60,3.00
2009.06.09 09:15:14.262,0.8623,0.86245,8.80,3.00
2009.06.09 09:15:14.611,0.8623,0.86245,5.60,3.00
2009.06.09 09:15:15.071,0.8623,0.86245,5.00,4.00
2009.06.09 09:15:15.741,0.86235,0.8625,3.00,7.00
2009.06.09 09:15:15.911,0.86235,0.8625,4.40,3.00
2009.06.09 09:15:16.261,0.8624,0.8625,1.00,3.00
2009.06.09 09:15:16.801,0.86235,0.8625,1.60,3.00
2009.06.09 09:15:18.171,0.8623,0.8625,3.40,3.00
2009.06.09 09:15:18.670,0.8623,0.8625,6.60,3.00
2009.06.09 09:15:19.080,0.8624,0.8625,4.00,3.00
2009.06.09 09:15:19.410,0.8624,0.8625,4.80,3.00
2009.06.09 09:15:19.640,0.86235,0.8625,4.20,3.00
2009.06.09 09:15:21.270,0.86235,0.8625,3.60,3.00
2009.06.09 09:15:21.610,0.8624,0.8625,4.00,3.00
2009.06.09 09:15:22.020,0.86235,0.8625,3.40,3.00
2009.06.09 09:15:22.769,0.86235,0.8625,4.20,3.00
2009.06.09 09:15:23.669,0.8623,0.8625,11.20,3.00
2009.06.09 09:15:23.959,0.8623,0.86245,7.20,3.00
2009.06.09 09:15:24.259,0.8623,0.86245,4.00,3.00
2009.06.09 09:15:24.499,0.8623,0.86245,2.40,3.00
2009.06.09 09:15:24.729,0.8623,0.86245,2.00,3.80
2009.06.09 09:15:25.129,0.86225,0.86245,8.00,3.80
2009.06.09 09:15:25.569,0.8623,0.86245,1.00,13.00
2009.06.09 09:15:26.148,0.8623,0.86245,5.60,3.00
2009.06.09 09:15:26.598,0.8623,0.86245,4.80,3.00
2009.06.09 09:15:26.768,0.8623,0.8625,4.80,3.80
2009.06.09 09:15:27.178,0.8623,0.86245,4.80,3.00
2009.06.09 09:15:32.337,0.8623,0.8625,4.80,3.00
2009.06.09 09:15:32.567,0.86235,0.8625,4.00,3.00
2009.06.09 09:15:32.787,0.86235,0.8625,4.60,3.00
2009.06.09 09:15:33.187,0.86235,0.8625,4.40,3.00
2009.06.09 09:15:33.467,0.86235,0.8624,4.40,3.00
2009.06.09 09:15:33.997,0.86235,0.8624,3.20,3.00
2009.06.09 09:15:34.117,0.8623,0.8624,4.80,3.00
2009.06.09 09:15:35.486,0.8623,0.8624,4.40,3.00
2009.06.09 09:15:35.786,0.8623,0.8624,2.00,3.00
2009.06.09 09:15:35.886,0.8623,0.8624,5.00,3.00
2009.06.09 09:15:36.356,0.8623,0.8624,2.00,3.00
2009.06.09 09:15:36.866,0.8623,0.8624,4.80,3.00
2009.06.09 09:15:40.185,0.86235,0.8625,3.40,4.20
2009.06.09 09:15:40.425,0.86235,0.8625,6.60,4.20
2009.06.09 09:15:40.705,0.8624,0.8626,6.40,7.20
2009.06.09 09:15:40.985,0.86245,0.8626,1.00,3.00
2009.06.09 09:15:41.325,0.86245,0.8626,1.20,3.00
2009.06.09 09:15:41.615,0.86245,0.86255,4.40,3.00
2009.06.09 09:15:41.975,0.86245,0.8625,2.40,3.00
2009.06.09 09:15:42.255,0.8624,0.8626,1.60,3.00
2009.06.09 09:15:42.535,0.8624,0.86255,3.00,1.60
2009.06.09 09:15:42.825,0.86245,0.8626,1.00,6.60
2009.06.09 09:15:43.225,0.86245,0.8626,1.00,8.00
2009.06.09 09:15:43.735,0.8624,0.8626,2.80,5.40
2009.06.09 09:15:44.254,0.8624,0.8626,1.60,3.80
2009.06.09 09:15:44.604,0.8624,0.8626,2.00,3.00
2009.06.09 09:15:44.944,0.8624,0.8626,5.60,3.00
2009.06.09 09:15:45.294,0.8624,0.86265,5.00,3.20
2009.06.09 09:15:45.694,0.86245,0.8626,1.00,3.20
2009.06.09 09:15:45.974,0.86245,0.86265,1.20,3.20
2009.06.09 09:15:46.604,0.86245,0.8626,5.60,1.60
2009.06.09 09:15:47.004,0.86245,0.86265,2.80,9.00
2009.06.09 09:15:47.224,0.86245,0.86265,2.80,7.40
2009.06.09 09:15:47.633,0.86245,0.86265,1.60,7.40
2009.06.09 09:15:48.163,0.86245,0.8626,1.60,1.20
2009.06.09 09:15:49.883,0.86245,0.8626,4.00,1.20
2009.06.09 09:15:49.993,0.8624,0.8626,5.60,1.20
2009.06.09 09:15:50.283,0.8624,0.8626,3.40,3.00
2009.06.09 09:15:50.613,0.8624,0.8626,3.40,5.00
2009.06.09 09:15:51.002,0.8624,0.8626,2.00,3.00
2009.06.09 09:15:52.602,0.8624,0.8626,2.60,3.00
2009.06.09 09:15:52.712,0.8624,0.8626,11.00,3.00
2009.06.09 09:15:53.002,0.86245,0.8626,1.00,3.00
2009.06.09 09:15:53.282,0.8624,0.86255,2.00,3.00
2009.06.09 09:15:53.642,0.8624,0.8626,4.20,3.00
2009.06.09 09:15:54.132,0.86235,0.8626,5.40,6.80
2009.06.09 09:15:54.492,0.86235,0.86255,2.40,3.00
2009.06.09 09:15:54.822,0.86235,0.86255,1.60,3.00
2009.06.09 09:15:54.932,0.86235,0.86255,13.40,3.00
2009.06.09 09:15:55.232,0.86235,0.86255,1.60,3.00
2009.06.09 09:15:55.462,0.86235,0.86255,6.20,3.00
2009.06.09 09:15:55.741,0.86235,0.86255,4.00,3.00
2009.06.09 09:15:56.551,0.86235,0.86255,1.60,3.00
2009.06.09 09:15:56.891,0.86235,0.86255,4.00,3.00
2009.06.09 09:15:57.521,0.86235,0.8625,2.40,1.80
2009.06.09 09:15:58.041,0.86235,0.8625,1.00,1.80
2009.06.09 09:15:59.221,0.86235,0.8625,1.20,1.80
2009.06.09 09:15:59.970,0.86235,0.8625,1.60,1.80
2009.06.09 09:16:00.203,0.86235,0.8625,4.80,1.80
2009.06.09 09:16:00.780,0.86235,0.8625,1.60,1.80
2009.06.09 09:16:01.060,0.86235,0.8625,1.00,1.80
2009.06.09 09:16:01.180,0.86235,0.8625,3.20,1.80
2009.06.09 09:16:01.470,0.86235,0.8625,4.80,1.80
2009.06.09 09:16:01.580,0.86235,0.8625,3.20,1.80
2009.06.09 09:16:01.870,0.86235,0.8625,1.00,1.80
2009.06.09 09:16:02.500,0.8623,0.86245,2.20,1.00
2009.06.09 09:16:02.840,0.8623,0.86245,2.20,2.40
2009.06.09 09:16:03.130,0.8623,0.86245,1.00,7.40
2009.06.09 09:16:06.009,0.86225,0.86245,6.60,3.00
2009.06.09 09:16:06.289,0.8623,0.86245,7.20,3.00
2009.06.09 09:16:06.579,0.8623,0.86245,8.80,3.00
2009.06.09 09:16:11.358,0.8623,0.86245,2.00,3.00
2009.06.09 09:16:11.538,0.8623,0.86245,8.40,3.00
2009.06.09 09:16:11.898,0.8623,0.86245,6.80,3.00
2009.06.09 09:16:12.128,0.8623,0.86245,8.40,3.00
2009.06.09 09:16:12.247,0.8623,0.8625,12.00,3.00
2009.06.09 09:16:15.577,0.8623,0.8625,10.40,3.00
2009.06.09 09:16:15.747,0.86235,0.86255,1.00,11.00
2009.06.09 09:16:15.977,0.8623,0.8625,14.00,3.40
2009.06.09 09:16:16.257,0.8623,0.8625,15.60,1.80
2009.06.09 09:16:16.616,0.8623,0.8625,14.20,6.40
2009.06.09 09:16:17.076,0.8623,0.86245,9.80,1.00
2009.06.09 09:16:17.296,0.8623,0.8625,3.40,3.00
2009.06.09 09:16:17.636,0.86235,0.8625,1.00,3.00
2009.06.09 09:16:18.506,0.86235,0.8625,1.60,3.00
2009.06.09 09:16:18.616,0.86235,0.8625,4.80,3.00
2009.06.09 09:16:18.726,0.8623,0.8625,5.80,3.00
2009.06.09 09:16:18.946,0.86235,0.8625,3.20,3.00
2009.06.09 09:16:19.246,0.86235,0.86255,3.20,9.40
2009.06.09 09:16:19.536,0.86235,0.86255,1.60,9.40
2009.06.09 09:16:19.816,0.8624,0.86255,1.00,3.00
2009.06.09 09:16:20.116,0.8624,0.86255,3.20,6.60
2009.06.09 09:16:20.407,0.8623,0.8625,6.80,8.80
2009.06.09 09:16:20.706,0.8623,0.86235,4.00,3.00
2009.06.09 09:16:20.995,0.8623,0.86235,2.40,3.00
2009.06.09 09:16:23.025,0.8623,0.86235,2.00,3.00
2009.06.09 09:16:23.375,0.86225,0.86235,1.60,3.00
2009.06.09 09:16:23.765,0.86225,0.86235,3.00,3.00
2009.06.09 09:16:24.175,0.86225,0.86235,1.00,3.00
2009.06.09 09:16:24.465,0.86225,0.86235,5.40,3.00
2009.06.09 09:16:24.634,0.86225,0.86235,3.80,3.00
2009.06.09 09:16:24.994,0.86225,0.86235,1.00,3.00
2009.06.09 09:16:26.714,0.8622,0.86235,10.00,3.00
2009.06.09 09:16:26.834,0.8622,0.86235,12.40,3.00
2009.06.09 09:16:27.114,0.8622,0.86235,10.80,3.00
2009.06.09 09:16:27.384,0.8622,0.86235,10.40,3.00
2009.06.09 09:16:27.834,0.8622,0.86225,7.00,3.00
2009.06.09 09:16:28.374,0.8621,0.86225,5.60,3.00
2009.06.09 09:16:28.484,0.8621,0.86225,2.00,3.00
2009.06.09 09:16:28.763,0.86215,0.86225,2.00,3.00
2009.06.09 09:16:28.883,0.86215,0.8623,2.80,3.00
2009.06.09 09:16:29.003,0.86215,0.8623,7.60,3.00
2009.06.09 09:16:29.294,0.86215,0.8623,10.00,3.00
2009.06.09 09:16:29.404,0.8622,0.8623,2.00,3.00
2009.06.09 09:16:30.103,0.86215,0.8623,5.20,3.00
2009.06.09 09:16:30.383,0.86215,0.8623,4.40,3.00
2009.06.09 09:16:30.563,0.8621,0.8622,2.00,3.00
2009.06.09 09:16:31.083,0.8621,0.8622,2.80,3.00
2009.06.09 09:16:31.263,0.8621,0.8622,7.60,3.00
2009.06.09 09:16:31.913,0.8621,0.86225,7.60,3.00
2009.06.09 09:16:32.143,0.86215,0.86225,1.00,3.00
2009.06.09 09:16:32.383,0.8621,0.8622,11.60,3.00
2009.06.09 09:16:32.962,0.8621,0.8622,10.00,3.00
2009.06.09 09:16:33.312,0.8621,0.8622,7.60,3.00
2009.06.09 09:16:33.712,0.86215,0.8623,4.40,8.60
2009.06.09 09:16:33.832,0.86215,0.8623,4.40,3.00
2009.06.09 09:16:34.232,0.8622,0.8623,2.80,3.00
2009.06.09 09:16:34.582,0.8622,0.8623,4.40,3.00
2009.06.09 09:16:34.992,0.8622,0.8623,3.60,3.00
2009.06.09 09:16:35.512,0.8622,0.8623,2.00,3.00
2009.06.09 09:16:36.091,0.8622,0.8623,2.00,7.20
2009.06.09 09:16:36.482,0.8622,0.86225,2.00,4.40
2009.06.09 09:16:36.772,0.8621,0.86225,12.40,8.60
2009.06.09 09:16:37.111,0.86215,0.86225,1.00,8.60
2009.06.09 09:16:37.391,0.8621,0.86225,13.00,11.00
2009.06.09 09:16:37.741,0.8621,0.86225,11.40,11.00
2009.06.09 09:16:38.311,0.8622,0.8623,4.40,3.00
2009.06.09 09:16:38.831,0.8622,0.8623,4.80,3.00
2009.06.09 09:16:40.041,0.8622,0.86235,4.80,3.00
2009.06.09 09:16:42.690,0.8622,0.86235,3.20,3.00
2009.06.09 09:16:43.210,0.8622,0.86235,4.80,3.00
2009.06.09 09:16:47.859,0.8622,0.86235,9.60,3.00
2009.06.09 09:16:50.178,0.8622,0.86235,4.80,3.00
2009.06.09 09:16:53.188,0.8622,0.8623,4.80,3.00
2009.06.09 09:16:56.197,0.8622,0.8623,4.00,3.00
2009.06.09 09:16:56.307,0.8622,0.8623,3.60,3.00
2009.06.09 09:16:56.867,0.8622,0.8623,3.20,3.00
2009.06.09 09:16:56.987,0.8622,0.8623,4.80,3.00
2009.06.09 09:16:57.517,0.8622,0.8623,3.60,3.00
2009.06.09 09:16:58.046,0.8622,0.8623,2.80,3.00
2009.06.09 09:16:58.396,0.8622,0.8623,3.20,3.00
2009.06.09 09:16:58.686,0.8622,0.8623,4.80,3.00
2009.06.09 09:16:59.856,0.8622,0.8623,4.00,3.00
2009.06.09 09:17:00.146,0.8622,0.8623,2.40,3.00
2009.06.09 09:17:00.596,0.8622,0.8623,2.00,3.00
2009.06.09 09:17:02.795,0.8622,0.8623,2.40,3.00
2009.06.09 09:17:03.155,0.8622,0.8623,4.80,3.00
2009.06.09 09:17:05.235,0.8622,0.8623,3.60,3.00
2009.06.09 09:17:05.645,0.8622,0.8623,2.80,3.00
2009.06.09 09:17:05.995,0.8622,0.8623,2.00,3.00
2009.06.09 09:17:06.984,0.8622,0.8623,2.80,3.00
2009.06.09 09:17:07.164,0.8622,0.8623,4.40,3.00
2009.06.09 09:17:08.324,0.8622,0.8623,2.00,3.00
2009.06.09 09:17:09.673,0.86215,0.8623,1.00,3.00
2009.06.09 09:17:09.903,0.8622,0.8623,2.00,3.00
2009.06.09 09:17:11.323,0.8622,0.8623,2.40,3.00
2009.06.09 09:17:12.073,0.8622,0.8623,3.20,3.00
2009.06.09 09:17:12.423,0.8622,0.8623,4.80,3.00
2009.06.09 09:17:13.493,0.8622,0.8623,2.00,3.00
2009.06.09 09:17:14.652,0.8622,0.86225,2.00,1.00
2009.06.09 09:17:14.702,0.8622,0.86225,2.00,2.40
2009.06.09 09:17:15.053,0.8622,0.8623,2.00,5.40
2009.06.09 09:17:15.172,0.86215,0.8623,1.20,3.00
2009.06.09 09:17:15.282,0.86215,0.8623,2.80,3.00
2009.06.09 09:17:15.572,0.8622,0.8623,2.00,3.00
2009.06.09 09:17:18.162,0.8623,0.86235,2.00,3.00
2009.06.09 09:17:18.521,0.8622,0.86235,3.20,3.00
2009.06.09 09:17:19.232,0.8622,0.86235,6.40,3.00
2009.06.09 09:17:19.512,0.8622,0.86235,4.80,3.00
2009.06.09 09:17:19.871,0.86225,0.86235,1.00,3.00
2009.06.09 09:17:20.161,0.86235,0.8624,1.00,14.40
2009.06.09 09:17:20.581,0.8623,0.86235,2.00,3.00
2009.06.09 09:17:20.871,0.8622,0.86235,6.40,3.00
2009.06.09 09:17:21.271,0.8622,0.86235,3.20,3.00
2009.06.09 09:17:21.901,0.8622,0.86235,4.80,3.00
2009.06.09 09:17:23.100,0.86225,0.86235,1.00,3.00
2009.06.09 09:17:23.330,0.86235,0.8624,1.00,8.00
2009.06.09 09:17:23.570,0.86235,0.8624,3.20,19.00
2009.06.09 09:17:24.040,0.86225,0.8624,1.00,14.20
2009.06.09 09:17:24.370,0.8622,0.8624,6.40,3.20
2009.06.09 09:17:24.710,0.8622,0.8624,4.80,1.60
2009.06.09 09:17:25.040,0.8622,0.8624,4.80,14.20
2009.06.09 09:17:25.500,0.86225,0.8624,1.00,13.40
2009.06.09 09:17:25.900,0.8623,0.8624,3.20,12.40
2009.06.09 09:17:26.370,0.8623,0.86245,2.00,15.00
2009.06.09 09:17:27.119,0.8623,0.86245,2.00,15.80
2009.06.09 09:17:28.149,0.86225,0.86245,4.80,15.80
2009.06.09 09:17:28.389,0.86225,0.8624,4.40,24.60
2009.06.09 09:17:28.679,0.86225,0.86235,1.60,1.60
2009.06.09 09:17:29.009,0.8622,0.8624,4.80,3.60
2009.06.09 09:17:29.189,0.8622,0.8624,3.20,3.20
2009.06.09 09:17:29.289,0.8622,0.8624,3.20,3.80
2009.06.09 09:17:29.639,0.8622,0.8624,3.20,3.60
2009.06.09 09:17:29.939,0.8622,0.8624,3.20,3.80
2009.06.09 09:17:30.459,0.86225,0.8624,1.20,3.80
2009.06.09 09:17:30.809,0.8623,0.86235,1.00,1.00
2009.06.09 09:17:31.208,0.8623,0.8624,2.40,20.60
2009.06.09 09:17:31.568,0.8623,0.8624,4.00,20.60
2009.06.09 09:17:31.969,0.8623,0.8624,3.20,20.60
2009.06.09 09:17:32.188,0.86225,0.8624,4.40,24.20
2009.06.09 09:17:32.768,0.86225,0.8624,4.40,14.20
2009.06.09 09:17:32.998,0.86225,0.8624,4.00,14.20
2009.06.09 09:17:33.218,0.86225,0.8624,4.00,2.20
2009.06.09 09:17:33.518,0.86225,0.8624,4.00,3.80
2009.06.09 09:17:34.108,0.86225,0.8624,3.20,4.60
2009.06.09 09:17:34.398,0.8622,0.8624,5.60,4.60
2009.06.09 09:17:34.690,0.86225,0.8624,2.40,2.00
2009.06.09 09:17:34.987,0.86225,0.8624,4.00,14.20
2009.06.09 09:17:35.328,0.86225,0.8624,1.00,4.60
2009.06.09 09:17:35.608,0.8622,0.86235,4.80,3.80
2009.06.09 09:17:36.767,0.8622,0.86235,5.60,3.80
2009.06.09 09:17:37.287,0.8622,0.86235,8.80,3.80
2009.06.09 09:17:37.697,0.86225,0.8624,2.00,1.60
2009.06.09 09:17:38.047,0.8622,0.8624,4.80,3.60
2009.06.09 09:17:38.437,0.8622,0.86235,5.60,3.80
2009.06.09 09:17:39.286,0.8622,0.86235,4.40,3.80
2009.06.09 09:17:40.226,0.8622,0.86235,4.40,2.20
2009.06.09 09:17:40.446,0.8622,0.86235,4.40,1.40
2009.06.09 09:17:40.856,0.8622,0.86235,4.40,3.80
2009.06.09 09:17:41.736,0.8622,0.86235,4.00,3.80
2009.06.09 09:17:42.775,0.8622,0.86225,3.20,6.40
2009.06.09 09:17:43.006,0.86215,0.86225,8.40,7.60
2009.06.09 09:17:43.286,0.8622,0.86235,2.40,3.80
2009.06.09 09:17:43.506,0.8622,0.86235,4.00,3.80
2009.06.09 09:17:48.454,0.8622,0.86235,4.80,3.00
2009.06.09 09:17:49.714,0.8622,0.8623,4.80,3.00
2009.06.09 09:17:50.284,0.86225,0.86235,1.00,7.20
2009.06.09 09:17:50.574,0.86225,0.8624,1.00,7.60
2009.06.09 09:17:50.744,0.86225,0.8624,1.00,12.40
2009.06.09 09:17:51.314,0.86225,0.8624,1.20,8.40
2009.06.09 09:17:51.664,0.86225,0.8624,4.60,8.40
2009.06.09 09:17:52.084,0.86225,0.8624,3.20,7.40
2009.06.09 09:17:52.424,0.86225,0.8624,1.40,7.40
2009.06.09 09:17:52.783,0.86225,0.8624,4.60,7.40
2009.06.09 09:17:55.053,0.86225,0.8624,4.00,8.20
2009.06.09 09:17:55.403,0.86225,0.8624,4.60,7.40
2009.06.09 09:17:55.694,0.86225,0.8624,3.80,7.40
2009.06.09 09:17:55.993,0.86225,0.8624,4.60,7.40
2009.06.09 09:17:56.552,0.86225,0.8624,2.20,7.40
2009.06.09 09:17:57.062,0.86225,0.86235,1.20,3.00
2009.06.09 09:17:57.792,0.86225,0.86235,4.40,3.00
2009.06.09 09:17:59.881,0.86225,0.86235,4.60,3.00
2009.06.09 09:18:00.002,0.86225,0.86235,5.40,3.00
2009.06.09 09:18:00.412,0.86225,0.86235,4.60,3.00
2009.06.09 09:18:00.582,0.86225,0.86235,5.40,3.00
2009.06.09 09:18:00.821,0.86225,0.86235,6.20,3.00
2009.06.09 09:18:01.181,0.86225,0.86235,5.40,3.00
2009.06.09 09:18:01.531,0.86225,0.86235,1.00,9.40
2009.06.09 09:18:01.871,0.8622,0.86225,13.60,3.00
2009.06.09 09:18:02.211,0.86215,0.86235,6.40,5.40
2009.06.09 09:18:02.741,0.8622,0.86235,1.00,7.00
2009.06.09 09:18:03.031,0.86235,0.8624,1.00,10.80
2009.06.09 09:18:03.270,0.8623,0.86245,3.20,16.40
2009.06.09 09:18:03.620,0.8623,0.86245,4.80,13.20
2009.06.09 09:18:08.060,0.8623,0.86245,4.40,12.20
2009.06.09 09:18:08.409,0.8623,0.86235,1.60,3.00
2009.06.09 09:18:08.739,0.86225,0.86235,8.40,3.00
2009.06.09 09:18:09.010,0.86225,0.86235,6.80,3.00
2009.06.09 09:18:11.449,0.86225,0.86235,7.20,3.00
2009.06.09 09:18:11.979,0.8623,0.86235,2.00,3.00
2009.06.09 09:18:15.598,0.8623,0.86235,3.20,3.00
2009.06.09 09:18:15.838,0.8623,0.86235,2.40,3.00
2009.06.09 09:18:16.008,0.8623,0.86235,3.20,3.00
2009.06.09 09:18:16.248,0.8623,0.86245,3.20,15.60
2009.06.09 09:18:16.588,0.8623,0.86235,2.00,3.00
2009.06.09 09:18:18.747,0.8623,0.86235,3.20,3.00
2009.06.09 09:18:19.477,0.8623,0.8624,3.20,3.00
2009.06.09 09:18:22.226,0.8623,0.86235,2.80,3.00
2009.06.09 09:18:22.946,0.86235,0.86245,1.00,4.00
2009.06.09 09:18:23.506,0.8624,0.86255,1.60,8.40
2009.06.09 09:18:23.795,0.8624,0.86245,3.20,1.60
2009.06.09 09:18:24.136,0.8624,0.86255,1.60,8.40
2009.06.09 09:18:24.256,0.8624,0.86255,1.60,9.40
2009.06.09 09:18:24.785,0.8624,0.86255,3.20,8.60
2009.06.09 09:18:24.845,0.8624,0.86255,3.20,7.60
2009.06.09 09:18:25.065,0.8624,0.86255,1.60,8.40
2009.06.09 09:18:25.845,0.8624,0.86255,3.20,7.60
2009.06.09 09:18:26.025,0.8624,0.86245,3.20,1.60
2009.06.09 09:18:26.255,0.8624,0.86245,1.60,2.40
2009.06.09 09:18:26.665,0.8624,0.86255,1.60,6.40
2009.06.09 09:18:26.885,0.8624,0.8625,1.60,4.60
2009.06.09 09:18:27.345,0.8624,0.86255,1.60,6.40
2009.06.09 09:18:27.865,0.8624,0.86255,3.20,5.60
2009.06.09 09:18:29.284,0.86245,0.86255,1.60,5.60
2009.06.09 09:18:29.854,0.86245,0.8625,1.60,2.60
2009.06.09 09:18:30.234,0.86245,0.8625,1.60,1.00
2009.06.09 09:18:30.704,0.86245,0.8625,1.60,3.00
2009.06.09 09:18:30.984,0.86245,0.8625,3.20,3.00
2009.06.09 09:18:31.384,0.86245,0.8625,3.20,1.00
2009.06.09 09:18:34.123,0.8626,0.8627,1.60,3.80
2009.06.09 09:18:34.463,0.8626,0.86265,1.60,1.00
2009.06.09 09:18:34.734,0.86255,0.86265,1.60,2.60
2009.06.09 09:18:35.123,0.86255,0.86265,3.20,2.60
2009.06.09 09:18:35.533,0.86255,0.86265,3.20,1.00
2009.06.09 09:18:35.943,0.8626,0.86265,1.60,1.00
2009.06.09 09:18:36.223,0.8626,0.86265,3.20,1.00
2009.06.09 09:18:36.673,0.8626,0.86265,1.60,1.00
2009.06.09 09:18:37.003,0.8626,0.86265,1.60,1.00
2009.06.09 09:18:39.992,0.8626,0.86265,1.60,1.00
2009.06.09 09:18:41.381,0.8626,0.8627,1.60,4.00
2009.06.09 09:18:44.031,0.86255,0.8627,3.20,4.00
2009.06.09 09:18:44.711,0.86255,0.8627,3.20,6.40
2009.06.09 09:18:45.001,0.86255,0.86265,1.60,3.40
2009.06.09 09:18:45.420,0.8625,0.86265,2.40,3.40
2009.06.09 09:18:45.710,0.8625,0.86265,1.00,3.40
2009.06.09 09:18:46.231,0.86245,0.8626,12.20,1.00
2009.06.09 09:18:46.780,0.86245,0.86265,14.40,3.20
2009.06.09 09:18:47.120,0.86245,0.86265,11.40,3.00
2009.06.09 09:18:47.450,0.8625,0.86265,2.00,3.00
2009.06.09 09:18:48.420,0.86245,0.86265,2.20,3.00
2009.06.09 09:18:48.770,0.86245,0.8626,2.20,1.00
2009.06.09 09:18:49.010,0.8625,0.8626,1.60,4.00
2009.06.09 09:18:49.250,0.8625,0.86265,1.60,7.00
2009.06.09 09:18:49.370,0.8625,0.8626,1.60,3.20
2009.06.09 09:18:49.600,0.8625,0.86265,1.60,7.40
2009.06.09 09:18:49.949,0.86245,0.86265,2.00,7.40
2009.06.09 09:18:52.040,0.8625,0.8626,4.80,3.00
2009.06.09 09:18:53.029,0.86245,0.8626,2.00,3.00
2009.06.09 09:18:53.659,0.8625,0.86265,3.20,3.00
2009.06.09 09:18:53.948,0.8625,0.86265,6.40,3.00
2009.06.09 09:18:54.349,0.86255,0.86265,2.40,3.00
2009.06.09 09:18:54.698,0.86255,0.86265,4.00,3.00
2009.06.09 09:18:55.888,0.8625,0.86265,2.00,3.00
2009.06.09 09:18:56.068,0.8625,0.86265,4.80,3.00
2009.06.09 09:19:05.096,0.8625,0.86265,3.60,3.00
2009.06.09 09:19:05.446,0.8625,0.86265,4.00,3.00
2009.06.09 09:19:05.786,0.8625,0.86265,5.60,3.00
2009.06.09 09:19:05.955,0.8625,0.86265,4.80,3.00
2009.06.09 09:19:07.875,0.8625,0.86265,4.00,3.00
2009.06.09 09:19:08.095,0.86245,0.86265,8.20,3.00
2009.06.09 09:19:08.325,0.86245,0.86265,6.20,3.00
2009.06.09 09:19:08.435,0.86245,0.8626,5.60,3.00
2009.06.09 09:19:08.785,0.86245,0.8626,2.40,3.00
2009.06.09 09:19:08.895,0.86245,0.8626,1.00,5.40
2009.06.09 09:19:10.005,0.8624,0.8626,8.80,6.20
2009.06.09 09:19:10.225,0.8624,0.8626,8.00,6.40
2009.06.09 09:19:10.404,0.8624,0.8626,8.80,6.40
2009.06.09 09:19:10.644,0.8624,0.8626,8.80,7.40
2009.06.09 09:19:10.755,0.8624,0.86255,5.60,3.00
2009.06.09 09:19:11.144,0.8624,0.86255,4.80,3.00
2009.06.09 09:19:11.264,0.8624,0.86255,5.60,3.00
2009.06.09 09:19:11.384,0.8624,0.8626,7.20,3.00
2009.06.09 09:19:11.564,0.86245,0.86255,1.20,3.00
2009.06.09 09:19:11.734,0.86245,0.86255,2.60,3.00
2009.06.09 09:19:11.904,0.86245,0.86255,1.60,3.00
2009.06.09 09:19:12.184,0.86245,0.8626,3.00,2.40
2009.06.09 09:19:12.574,0.86245,0.86265,4.60,6.20
2009.06.09 09:19:12.744,0.86245,0.86265,4.20,3.80
2009.06.09 09:19:14.524,0.86245,0.86265,4.20,8.60
2009.06.09 09:19:14.693,0.86245,0.8625,2.60,3.00
2009.06.09 09:19:15.403,0.8624,0.8625,4.00,3.00
2009.06.09 09:19:15.993,0.8624,0.8625,1.00,3.00
2009.06.09 09:19:16.503,0.86235,0.8625,14.80,3.00
2009.06.09 09:19:16.793,0.86235,0.86245,9.20,3.00
2009.06.09 09:19:17.023,0.86235,0.86245,8.00,3.00
2009.06.09 09:19:17.253,0.86235,0.8624,3.20,3.00
2009.06.09 09:19:17.533,0.86225,0.8624,9.80,3.00
2009.06.09 09:19:17.763,0.86225,0.8624,2.00,3.00
2009.06.09 09:19:17.883,0.8623,0.8624,2.00,3.00
2009.06.09 09:19:18.173,0.86225,0.8624,7.60,3.00
2009.06.09 09:19:18.523,0.86225,0.86235,1.00,3.00
2009.06.09 09:19:18.982,0.86225,0.8624,4.40,3.00
2009.06.09 09:19:19.622,0.86225,0.86245,10.20,3.20
2009.06.09 09:19:19.802,0.8623,0.86245,3.60,3.00
2009.06.09 09:19:19.972,0.8623,0.8625,4.00,9.00
2009.06.09 09:19:22.032,0.86225,0.86245,12.20,3.00
2009.06.09 09:19:22.482,0.8623,0.86245,1.00,3.00
2009.06.09 09:19:22.892,0.8623,0.86245,4.80,3.00
2009.06.09 09:19:23.601,0.8623,0.8624,4.80,3.00
2009.06.09 09:19:24.651,0.8623,0.86245,4.80,3.00
2009.06.09 09:19:25.111,0.8623,0.86245,4.80,6.20
2009.06.09 09:19:25.291,0.8623,0.8625,5.60,9.00
2009.06.09 09:19:25.351,0.8623,0.8625,5.60,5.00
2009.06.09 09:19:25.571,0.8623,0.8625,7.20,5.00
2009.06.09 09:19:25.861,0.8623,0.8625,7.20,4.00
2009.06.09 09:19:26.331,0.8623,0.8624,7.20,3.00
2009.06.09 09:19:26.790,0.8623,0.8624,10.40,3.00
2009.06.09 09:19:27.381,0.8623,0.8624,7.20,3.00
2009.06.09 09:19:27.730,0.8623,0.8625,7.20,3.00
2009.06.09 09:19:28.130,0.8623,0.8624,7.20,3.00
2009.06.09 09:19:28.800,0.8623,0.8624,5.60,3.00
2009.06.09 09:19:30.080,0.86235,0.8625,1.60,3.00
2009.06.09 09:19:30.310,0.8623,0.8625,5.60,3.80
2009.06.09 09:19:30.370,0.8623,0.8625,7.20,3.80
2009.06.09 09:19:30.700,0.8623,0.8625,5.60,3.80
2009.06.09 09:19:31.199,0.8623,0.8625,7.20,3.80
2009.06.09 09:19:31.949,0.8623,0.8625,6.80,3.80
2009.06.09 09:19:32.160,0.8623,0.86245,4.80,3.00
2009.06.09 09:19:32.439,0.8623,0.86245,3.20,3.00
2009.06.09 09:19:32.559,0.8623,0.8624,4.40,3.00
2009.06.09 09:19:32.799,0.8623,0.86235,5.20,3.00
2009.06.09 09:19:32.909,0.8623,0.8624,3.60,3.00
2009.06.09 09:19:33.319,0.8623,0.8624,2.00,3.00
2009.06.09 09:19:36.138,0.8623,0.86235,2.00,3.00
2009.06.09 09:19:37.568,0.8622,0.8623,11.80,3.00
2009.06.09 09:19:37.918,0.8622,0.86235,8.80,3.00
2009.06.09 09:19:38.438,0.8622,0.8623,8.00,3.00
2009.06.09 09:19:38.948,0.86225,0.8624,1.00,3.00
2009.06.09 09:19:39.408,0.8622,0.8624,9.60,3.00
2009.06.09 09:19:39.687,0.8622,0.8623,9.60,3.00
2009.06.09 09:19:42.327,0.8622,0.8623,8.00,3.00
2009.06.09 09:19:42.797,0.8622,0.8624,9.60,3.20
2009.06.09 09:19:43.037,0.8622,0.8624,6.40,3.20
2009.06.09 09:19:47.446,0.8622,0.8624,9.60,3.20
2009.06.09 09:19:49.675,0.8622,0.8624,12.80,3.20
2009.06.09 09:19:49.735,0.86225,0.8624,1.00,3.20
2009.06.09 09:19:50.325,0.86225,0.8623,2.00,3.00
2009.06.09 09:19:50.615,0.8623,0.86235,2.00,3.00
2009.06.09 09:19:51.175,0.8623,0.86235,4.00,3.00
2009.06.09 09:19:51.474,0.8623,0.86235,2.40,3.00
2009.06.09 09:19:51.935,0.8623,0.8624,2.40,3.00
2009.06.09 09:19:55.974,0.8623,0.8624,2.00,3.00
2009.06.09 09:19:56.324,0.86225,0.8624,4.40,3.00
2009.06.09 09:19:56.673,0.86225,0.8624,3.60,3.00
2009.06.09 09:19:57.023,0.8622,0.8624,9.60,3.00
2009.06.09 09:19:57.323,0.8622,0.8624,8.00,3.00
2009.06.09 09:19:57.743,0.86225,0.8624,1.20,3.00
2009.06.09 09:19:58.213,0.86225,0.8624,4.40,3.00
2009.06.09 09:19:59.423,0.86225,0.8624,3.60,3.00
2009.06.09 09:19:59.653,0.86225,0.8624,2.80,3.00
2009.06.09 09:19:59.883,0.86225,0.8624,4.40,3.00
2009.06.09 09:20:00.542,0.86225,0.8624,3.60,3.80
2009.06.09 09:20:01.003,0.86225,0.8624,1.00,3.80
2009.06.09 09:20:01.452,0.8622,0.8624,6.40,3.80
2009.06.09 09:20:01.692,0.8623,0.86235,1.00,1.00
2009.06.09 09:20:01.812,0.86225,0.86235,4.00,1.00
2009.06.09 09:20:01.872,0.86225,0.8624,4.00,3.00
2009.06.09 09:20:02.442,0.86225,0.8624,2.80,3.00
2009.06.09 09:20:02.562,0.86225,0.8624,1.00,3.00
2009.06.09 09:20:02.832,0.86225,0.8624,3.20,3.00
2009.06.09 09:20:03.182,0.86225,0.8624,2.40,3.00
2009.06.09 09:20:03.532,0.86225,0.8624,4.00,3.00
2009.06.09 09:20:03.892,0.86225,0.8624,2.40,3.00
2009.06.09 09:20:04.132,0.86225,0.86235,3.20,1.00
2009.06.09 09:20:04.821,0.86225,0.8624,1.00,3.20
2009.06.09 09:20:05.171,0.86225,0.8624,4.00,3.20
2009.06.09 09:20:07.481,0.86225,0.86235,4.00,1.00
2009.06.09 09:20:07.541,0.86225,0.8624,4.00,3.20
2009.06.09 09:20:13.339,0.8622,0.86225,2.40,2.40
2009.06.09 09:20:13.630,0.8622,0.86225,5.00,2.40
2009.06.09 09:20:13.739,0.8622,0.86225,5.80,1.00
2009.06.09 09:20:13.969,0.8622,0.8623,5.60,4.20
2009.06.09 09:20:14.439,0.8622,0.8624,10.40,3.20
2009.06.09 09:20:15.709,0.86215,0.86225,2.20,3.00
2009.06.09 09:20:15.769,0.8622,0.86225,1.60,3.00
2009.06.09 09:20:15.829,0.8622,0.86225,3.60,3.00
2009.06.09 09:20:15.889,0.8622,0.86225,3.60,2.40
2009.06.09 09:20:16.009,0.8622,0.86225,3.80,1.60
2009.06.09 09:20:16.069,0.8622,0.86235,4.20,4.40
2009.06.09 09:20:16.239,0.8622,0.86225,4.20,3.40
2009.06.09 09:20:16.349,0.8622,0.86235,9.00,1.00
2009.06.09 09:20:17.289,0.8622,0.86235,8.20,1.00
2009.06.09 09:20:17.408,0.8622,0.86235,9.80,1.00
2009.06.09 09:20:17.698,0.86215,0.86225,5.00,3.00
2009.06.09 09:20:18.028,0.8622,0.86225,8.80,2.40
2009.06.09 09:20:18.428,0.86225,0.8624,1.00,7.20
2009.06.09 09:20:18.828,0.86225,0.8624,3.20,3.00
2009.06.09 09:20:19.058,0.8622,0.8624,9.60,3.00
2009.06.09 09:20:19.698,0.86215,0.86225,4.20,3.00
2009.06.09 09:20:19.818,0.86215,0.86225,7.40,4.40
2009.06.09 09:20:20.048,0.86215,0.86225,4.20,3.00
2009.06.09 09:20:20.158,0.8622,0.86225,5.20,3.00
2009.06.09 09:20:20.378,0.8622,0.86225,3.20,3.00
2009.06.09 09:20:20.497,0.86215,0.86225,4.40,3.00
2009.06.09 09:20:20.718,0.86215,0.86225,2.80,3.00
2009.06.09 09:20:21.017,0.86215,0.86225,1.20,3.00
2009.06.09 09:20:21.307,0.86215,0.86225,1.00,3.00
2009.06.09 09:20:21.537,0.86215,0.86225,1.20,3.00
2009.06.09 09:20:21.917,0.8621,0.8622,13.20,3.00
2009.06.09 09:20:22.217,0.8621,0.8622,10.00,3.00
2009.06.09 09:20:23.557,0.8621,0.8622,14.80,3.00
2009.06.09 09:20:32.065,0.86215,0.8623,1.00,2.20
2009.06.09 09:20:33.574,0.86215,0.8623,1.00,5.40
2009.06.09 09:20:34.444,0.8621,0.8623,13.20,5.40
2009.06.09 09:20:34.614,0.8621,0.8623,14.80,3.00
2009.06.09 09:20:34.894,0.8621,0.8623,14.00,3.00
2009.06.09 09:20:35.294,0.8621,0.8623,14.80,3.00
2009.06.09 09:20:35.644,0.8621,0.8623,16.40,5.40
2009.06.09 09:20:35.984,0.8621,0.8623,14.80,5.40
2009.06.09 09:20:36.224,0.8621,0.8623,16.40,5.40
2009.06.09 09:20:36.624,0.8621,0.8623,9.20,5.40
2009.06.09 09:20:36.854,0.86215,0.86235,1.00,5.00
2009.06.09 09:20:37.414,0.8621,0.8623,6.00,6.20
2009.06.09 09:20:37.764,0.8621,0.8623,13.20,5.40
2009.06.09 09:20:37.993,0.8621,0.8623,7.60,5.40
2009.06.09 09:20:38.393,0.8621,0.8623,9.20,5.40
2009.06.09 09:20:39.093,0.86215,0.86235,1.60,5.00
2009.06.09 09:20:39.803,0.8621,0.86225,12.40,1.00
2009.06.09 09:20:39.973,0.86215,0.86225,1.00,1.00
2009.06.09 09:20:40.493,0.8621,0.86225,5.60,1.00
2009.06.09 09:20:41.063,0.8621,0.86225,7.20,1.00
2009.06.09 09:20:41.533,0.8621,0.8623,7.00,4.00
2009.06.09 09:20:41.993,0.86205,0.8622,8.00,3.00
2009.06.09 09:20:42.342,0.86205,0.8622,5.40,3.00
2009.06.09 09:20:42.642,0.8621,0.8623,3.80,6.20
2009.06.09 09:20:43.042,0.8621,0.86225,6.20,1.00
2009.06.09 09:20:43.592,0.8621,0.86225,4.60,1.00
2009.06.09 09:20:44.412,0.8621,0.86225,8.40,1.00
2009.06.09 09:20:44.762,0.86215,0.86225,1.00,1.00
2009.06.09 09:20:45.062,0.8621,0.86225,3.60,1.00
2009.06.09 09:20:45.241,0.8621,0.86225,5.20,1.00
2009.06.09 09:20:45.472,0.8621,0.8623,5.00,5.00
2009.06.09 09:20:45.641,0.8621,0.8623,8.20,4.00
2009.06.09 09:20:45.932,0.8621,0.8623,10.20,4.00
2009.06.09 09:20:46.332,0.8621,0.8622,7.60,1.20
2009.06.09 09:20:46.741,0.8621,0.86215,4.40,3.00
2009.06.09 09:20:47.031,0.86205,0.86215,1.40,3.00
2009.06.09 09:20:47.431,0.86205,0.86215,4.60,3.00
2009.06.09 09:20:48.101,0.8621,0.8622,1.60,1.40
2009.06.09 09:20:48.451,0.8621,0.8622,3.20,3.00
2009.06.09 09:20:48.781,0.8621,0.8622,1.00,3.00
2009.06.09 09:20:49.241,0.86205,0.8622,4.60,3.00
2009.06.09 09:20:50.120,0.86205,0.8622,1.40,3.00
2009.06.09 09:20:51.000,0.86205,0.8622,4.60,3.00
2009.06.09 09:20:52.160,0.8621,0.86225,2.00,9.20
2009.06.09 09:20:52.490,0.8621,0.8623,2.00,4.80
2009.06.09 09:20:52.720,0.86215,0.8623,4.40,3.00
2009.06.09 09:20:53.010,0.86215,0.86235,1.20,5.00
2009.06.09 09:20:53.530,0.86215,0.86235,4.40,4.20
2009.06.09 09:20:53.920,0.86215,0.86235,4.40,3.20
2009.06.09 09:20:54.439,0.86215,0.8623,4.40,3.00
2009.06.09 09:20:54.729,0.86225,0.8623,1.00,3.00
2009.06.09 09:20:55.029,0.8623,0.86235,1.20,2.30
2009.06.09 09:20:55.140,0.8622,0.86235,5.80,1.60
