2013.07.15 19:00:00.298,0.86503,0.86513,2.25,1.13
2013.07.15 19:00:00.664,0.86504,0.86515,1.13,2.25
2013.07.15 19:00:00.739,0.86504,0.86517,1.13,3.00
2013.07.15 19:00:01.290,0.86503,0.86517,3.00,2.63
2013.07.15 19:00:01.362,0.86505,0.86517,1.88,2.63
2013.07.15 19:00:01.669,0.86507,0.86518,1.50,1.88
2013.07.15 19:00:01.927,0.86505,0.86515,1.50,1.13
2013.07.15 19:00:02.108,0.86503,0.86514,2.44,1.50
2013.07.15 19:00:03.552,0.86503,0.86512,1.69,1.88
2013.07.15 19:00:03.919,0.86503,0.86513,1.50,1.69
2013.07.15 19:00:04.886,0.86503,0.86513,1.50,1.69
2013.07.15 19:00:05.207,0.86501,0.86513,2.25,1.69
2013.07.15 19:00:05.886,0.86501,0.86514,3.00,2.07
2013.07.15 19:00:06.247,0.86502,0.86513,1.50,1.50
2013.07.15 19:00:06.970,0.86502,0.86514,2.25,1.32
2013.07.15 19:00:07.162,0.86502,0.86513,1.50,1.50
2013.07.15 19:00:07.707,0.86502,0.86514,3.00,1.69
2013.07.15 19:00:07.769,0.86502,0.86513,2.25,1.13
2013.07.15 19:00:07.830,0.86502,0.86513,2.25,1.13
2013.07.15 19:00:08.079,0.86501,0.86511,2.44,1.50
2013.07.15 19:00:08.618,0.86501,0.86511,2.44,1.50
2013.07.15 19:00:09.159,0.865,0.86511,3.75,1.50
2013.07.15 19:00:09.578,0.86502,0.86511,2.25,1.50
2013.07.15 19:00:09.878,0.86503,0.86511,2.25,3.00
2013.07.15 19:00:10.057,0.86502,0.86513,1.50,2.82
2013.07.15 19:00:10.957,0.86502,0.86512,1.50,1.69
2013.07.15 19:00:11.198,0.86502,0.86513,3.75,2.44
2013.07.15 19:00:11.596,0.86502,0.86513,2.25,1.69
2013.07.15 19:00:12.346,0.86502,0.86512,2.25,1.50
2013.07.15 19:00:12.527,0.86501,0.86512,5.44,1.50
2013.07.15 19:00:12.828,0.86503,0.86516,3.75,3.57
2013.07.15 19:00:13.008,0.86506,0.86517,3.00,2.44
2013.07.15 19:00:13.128,0.86506,0.86519,4.50,2.25
2013.07.15 19:00:13.187,0.86509,0.86523,1.50,4.32
2013.07.15 19:00:13.248,0.86512,0.86523,1.50,1.13
2013.07.15 19:00:13.607,0.86515,0.86524,1.50,1.69
2013.07.15 19:00:13.667,0.86515,0.86524,1.50,1.69
2013.07.15 19:00:14.207,0.86515,0.86526,1.50,3.94
2013.07.15 19:00:14.747,0.86515,0.86526,1.50,1.69
2013.07.15 19:00:15.108,0.86515,0.86523,1.50,1.50
2013.07.15 19:00:15.589,0.86515,0.86524,1.50,1.69
2013.07.15 19:00:15.657,0.86515,0.86523,1.50,1.50
2013.07.15 19:00:16.197,0.86515,0.86523,1.50,1.69
2013.07.15 19:00:16.438,0.86515,0.86525,1.50,3.57
2013.07.15 19:00:16.856,0.86515,0.86525,1.50,2.82
2013.07.15 19:00:17.468,0.86515,0.86521,1.50,1.50
2013.07.15 19:00:17.827,0.86515,0.86526,1.50,1.50
2013.07.15 19:00:18.390,0.86515,0.86528,1.50,1.69
2013.07.15 19:00:19.056,0.86515,0.86527,1.50,1.50
2013.07.15 19:00:20.027,0.86515,0.86527,1.50,1.69
2013.07.15 19:00:22.807,0.86514,0.86524,1.50,1.50
2013.07.15 19:00:23.887,0.86514,0.86524,1.50,1.50
2013.07.15 19:00:25.268,0.86514,0.86524,1.50,1.69
2013.07.15 19:00:25.827,0.86514,0.86524,1.50,1.69
2013.07.15 19:00:26.327,0.86514,0.86524,1.50,1.69
2013.07.15 19:00:28.558,0.86514,0.86526,3.00,1.50
2013.07.15 19:00:29.107,0.86514,0.86526,1.50,1.50
2013.07.15 19:00:29.812,0.86514,0.86528,1.50,1.69
2013.07.15 19:00:31.958,0.86512,0.86525,4.69,1.50
2013.07.15 19:00:33.696,0.86512,0.86525,5.82,1.50
2013.07.15 19:00:34.247,0.86512,0.86525,5.07,1.50
2013.07.15 19:00:35.116,0.86512,0.86525,5.07,1.50
2013.07.15 19:00:35.596,0.86512,0.86525,5.44,1.50
2013.07.15 19:00:37.708,0.86512,0.86521,3.75,1.50
2013.07.15 19:00:38.067,0.8651,0.86522,3.00,1.50
2013.07.15 19:00:39.378,0.8651,0.86521,3.00,1.50
2013.07.15 19:00:39.740,0.86511,0.86523,3.00,1.50
2013.07.15 19:00:40.288,0.86511,0.86524,2.25,1.50
2013.07.15 19:00:54.648,0.86509,0.86522,3.19,1.50
2013.07.15 19:00:54.948,0.86509,0.8652,1.50,1.50
2013.07.15 19:00:55.068,0.86507,0.86519,1.50,1.13
2013.07.15 19:00:55.607,0.86506,0.86519,1.50,1.13
2013.07.15 19:00:57.098,0.86507,0.86519,1.13,1.88
2013.07.15 19:00:57.218,0.86512,0.86521,1.13,1.50
2013.07.15 19:00:57.337,0.86512,0.86524,1.50,1.50
2013.07.15 19:00:57.397,0.86514,0.86524,2.25,1.50
2013.07.15 19:00:57.517,0.86514,0.86527,2.25,1.50
2013.07.15 19:00:57.578,0.86516,0.86527,2.25,1.50
2013.07.15 19:00:57.937,0.86516,0.86529,2.25,2.07
2013.07.15 19:00:58.487,0.86515,0.86529,2.25,2.07
2013.07.15 19:00:59.227,0.86515,0.86529,2.25,2.07
2013.07.15 19:01:00.207,0.86515,0.86529,2.25,2.07
2013.07.15 19:01:01.250,0.86515,0.86529,3.00,2.07
2013.07.15 19:01:01.558,0.86515,0.86529,3.75,2.07
2013.07.15 19:01:04.698,0.86518,0.86529,1.13,2.82
2013.07.15 19:01:05.057,0.86521,0.86531,3.00,1.50
2013.07.15 19:01:05.117,0.86521,0.86532,3.00,1.88
2013.07.15 19:01:06.878,0.8652,0.86534,2.25,3.00
2013.07.15 19:01:07.416,0.8652,0.86532,2.25,1.50
2013.07.15 19:01:08.227,0.8652,0.86532,2.44,1.50
2013.07.15 19:01:09.347,0.8652,0.86532,1.69,1.50
2013.07.15 19:01:11.947,0.86519,0.8653,1.69,1.50
2013.07.15 19:01:21.862,0.8652,0.8653,2.44,1.50
2013.07.15 19:01:34.397,0.8652,0.8653,1.50,2.25
2013.07.15 19:01:34.517,0.86518,0.8653,2.44,2.25
2013.07.15 19:01:34.697,0.86518,0.8653,2.44,1.50
2013.07.15 19:01:40.527,0.86518,0.86531,3.94,2.25
2013.07.15 19:01:53.058,0.86518,0.86529,2.44,1.50
2013.07.15 19:01:59.007,0.86517,0.86529,4.09,1.50
2013.07.15 19:02:00.747,0.86517,0.86529,1.84,1.50
2013.07.15 19:02:00.807,0.86515,0.86529,4.69,1.50
2013.07.15 19:02:01.408,0.86516,0.86529,1.32,1.50
2013.07.15 19:02:01.648,0.86517,0.86529,1.50,1.50
2013.07.15 19:02:02.154,0.86519,0.86529,1.50,1.50
2013.07.15 19:02:02.224,0.86519,0.8653,1.50,3.00
2013.07.15 19:02:02.766,0.86519,0.8653,2.25,2.25
2013.07.15 19:02:05.217,0.86519,0.8653,2.44,1.50
2013.07.15 19:02:05.757,0.86519,0.8653,2.44,1.50
2013.07.15 19:02:13.631,0.86519,0.8653,2.82,2.25
2013.07.15 19:02:13.889,0.86519,0.86532,3.94,1.50
2013.07.15 19:02:14.189,0.86519,0.86531,2.44,2.25
2013.07.15 19:02:14.428,0.86519,0.8653,2.44,1.50
2013.07.15 19:02:14.938,0.86517,0.8653,2.82,1.50
2013.07.15 19:02:18.117,0.86519,0.86531,1.50,2.44
2013.07.15 19:02:25.527,0.86518,0.86531,1.69,2.25
2013.07.15 19:02:26.058,0.86517,0.8653,1.50,3.00
2013.07.15 19:02:26.367,0.86519,0.86531,1.50,3.75
2013.07.15 19:02:27.055,0.86519,0.86531,1.50,3.00
2013.07.15 19:02:27.596,0.86519,0.86531,2.25,2.44
2013.07.15 19:03:02.077,0.86519,0.86531,1.50,4.50
2013.07.15 19:03:05.487,0.86519,0.86531,1.50,3.75
2013.07.15 19:03:06.257,0.86519,0.86531,2.25,3.00
2013.07.15 19:03:11.218,0.86519,0.86531,1.88,3.00
2013.07.15 19:03:11.757,0.86519,0.8653,1.88,1.50
2013.07.15 19:03:13.669,0.86517,0.8653,4.69,1.50
2013.07.15 19:03:14.217,0.86519,0.8653,1.50,1.50
2013.07.15 19:03:21.827,0.86519,0.86531,2.25,1.50
2013.07.15 19:03:24.568,0.86519,0.86533,3.00,4.32
2013.07.15 19:03:24.989,0.8652,0.86534,1.69,3.19
2013.07.15 19:03:31.137,0.86521,0.86534,1.69,1.69
2013.07.15 19:03:31.677,0.8652,0.86532,1.50,1.50
2013.07.15 19:03:32.217,0.86519,0.86532,3.19,1.50
2013.07.15 19:03:37.597,0.86519,0.86531,1.32,2.63
2013.07.15 19:03:37.658,0.86518,0.8653,3.00,1.50
2013.07.15 19:03:37.838,0.86516,0.86528,2.25,2.44
2013.07.15 19:03:38.917,0.86516,0.86529,1.50,2.44
2013.07.15 19:03:39.457,0.86516,0.86529,1.50,2.44
2013.07.15 19:03:41.130,0.86516,0.86529,2.25,2.44
2013.07.15 19:03:41.417,0.86516,0.86529,2.25,1.50
2013.07.15 19:03:44.226,0.86516,0.8653,1.50,2.44
2013.07.15 19:03:45.637,0.86517,0.86531,2.07,1.69
2013.07.15 19:03:46.647,0.86517,0.86531,1.32,2.44
2013.07.15 19:03:47.302,0.86517,0.86531,1.69,3.19
2013.07.15 19:03:51.779,0.86517,0.86531,2.44,1.69
2013.07.15 19:03:54.936,0.86517,0.86531,2.44,2.44
2013.07.15 19:03:55.997,0.86517,0.86531,3.19,1.69
2013.07.15 19:03:57.958,0.86517,0.86531,3.94,1.69
2013.07.15 19:04:01.977,0.86517,0.86531,1.69,1.69
2013.07.15 19:04:02.627,0.86517,0.86531,2.44,2.44
2013.07.15 19:04:10.548,0.86517,0.8653,2.44,1.50
2013.07.15 19:04:11.087,0.86516,0.86529,1.50,3.00
2013.07.15 19:04:12.947,0.86515,0.86528,2.25,1.50
2013.07.15 19:04:13.549,0.86515,0.86528,1.50,2.25
2013.07.15 19:04:14.138,0.86515,0.86527,1.50,2.44
2013.07.15 19:04:16.047,0.86514,0.86527,2.44,2.44
2013.07.15 19:04:18.647,0.86515,0.86527,1.50,2.44
2013.07.15 19:04:20.727,0.86515,0.86527,2.07,1.50
2013.07.15 19:04:21.637,0.86515,0.86527,3.19,1.50
2013.07.15 19:04:33.406,0.86515,0.86527,2.82,1.50
2013.07.15 19:04:33.587,0.86516,0.86529,1.13,1.50
2013.07.15 19:04:34.818,0.86516,0.86529,2.07,2.25
2013.07.15 19:04:40.781,0.86518,0.86529,1.13,1.69
2013.07.15 19:04:45.987,0.86516,0.8653,2.82,1.69
2013.07.15 19:04:46.787,0.86517,0.86531,1.69,3.19
2013.07.15 19:04:50.647,0.86516,0.86531,2.82,3.19
2013.07.15 19:04:56.500,0.86516,0.86531,2.07,2.44
2013.07.15 19:05:01.229,0.86518,0.86531,2.25,1.69
2013.07.15 19:05:02.897,0.86518,0.86531,2.44,2.44
2013.07.15 19:05:03.438,0.86518,0.86531,3.94,2.07
2013.07.15 19:05:14.129,0.86517,0.8653,1.69,1.50
2013.07.15 19:05:19.417,0.86516,0.8653,3.19,2.82
2013.07.15 19:05:54.150,0.86514,0.86527,2.25,1.50
2013.07.15 19:05:54.269,0.86514,0.86526,3.00,1.50
2013.07.15 19:05:54.687,0.86514,0.86526,1.13,1.50
2013.07.15 19:05:59.748,0.86514,0.86526,1.13,2.44
2013.07.15 19:06:00.968,0.86514,0.86526,2.07,1.50
2013.07.15 19:06:01.568,0.86514,0.86528,2.07,1.69
2013.07.15 19:06:05.177,0.86515,0.86528,1.50,2.25
2013.07.15 19:06:05.718,0.86516,0.8653,1.50,3.19
2013.07.15 19:06:10.337,0.86515,0.8653,2.44,1.50
2013.07.15 19:06:20.369,0.86516,0.8653,1.69,1.88
2013.07.15 19:06:31.537,0.86515,0.8653,3.19,1.50
2013.07.15 19:06:36.187,0.86515,0.8653,3.19,1.50
2013.07.15 19:06:38.647,0.86515,0.8653,3.19,1.69
2013.07.15 19:06:39.914,0.86515,0.86529,1.69,3.19
2013.07.15 19:06:43.207,0.86513,0.86527,2.44,3.75
2013.07.15 19:06:44.337,0.86513,0.86526,1.69,2.63
2013.07.15 19:06:44.458,0.86513,0.86526,1.69,2.63
2013.07.15 19:06:44.518,0.86511,0.86525,3.19,1.69
2013.07.15 19:06:46.977,0.86513,0.86525,1.50,2.63
2013.07.15 19:06:47.457,0.86512,0.86524,2.25,1.50
2013.07.15 19:06:49.557,0.86513,0.86523,1.13,1.13
2013.07.15 19:06:49.743,0.86513,0.86527,1.69,6.57
2013.07.15 19:06:49.810,0.86513,0.86527,3.19,4.32
2013.07.15 19:06:49.869,0.86516,0.86527,2.25,3.57
2013.07.15 19:06:50.049,0.86513,0.86527,6.19,2.07
2013.07.15 19:07:09.297,0.86512,0.86525,3.94,1.50
2013.07.15 19:07:17.757,0.86512,0.86525,1.50,1.50
2013.07.15 19:07:18.427,0.86512,0.86525,2.25,1.50
2013.07.15 19:07:26.658,0.86512,0.86524,1.50,2.25
2013.07.15 19:07:26.838,0.86509,0.86523,7.47,2.63
2013.07.15 19:07:27.144,0.86509,0.86523,2.07,2.25
2013.07.15 19:07:28.107,0.86508,0.86523,2.59,2.63
2013.07.15 19:07:29.085,0.86509,0.86523,2.59,2.82
2013.07.15 19:07:38.698,0.86508,0.86522,2.59,2.44
2013.07.15 19:07:40.358,0.86508,0.86522,1.09,3.19
2013.07.15 19:07:43.277,0.86508,0.86522,2.59,3.19
2013.07.15 19:07:43.820,0.86508,0.86522,1.69,3.19
2013.07.15 19:07:48.567,0.86508,0.8652,1.69,1.50
2013.07.15 19:07:53.627,0.86508,0.86521,1.50,3.19
2013.07.15 19:08:05.887,0.86506,0.8652,1.69,1.69
2013.07.15 19:08:11.999,0.86506,0.86519,1.50,2.44
2013.07.15 19:08:12.792,0.86505,0.86519,3.00,2.44
2013.07.15 19:08:13.328,0.86505,0.86518,2.44,1.69
2013.07.15 19:08:14.479,0.86505,0.86518,2.44,2.07
2013.07.15 19:08:14.658,0.86505,0.86517,2.44,1.13
2013.07.15 19:08:14.838,0.86504,0.86517,3.94,1.88
2013.07.15 19:08:15.377,0.86503,0.86516,2.25,2.82
2013.07.15 19:08:19.918,0.86503,0.86514,2.25,1.50
2013.07.15 19:08:22.219,0.86503,0.86514,2.25,1.50
2013.07.15 19:08:27.172,0.86503,0.86515,2.44,1.50
2013.07.15 19:08:27.718,0.86501,0.86515,4.69,1.50
2013.07.15 19:08:28.265,0.86502,0.86514,3.00,1.50
2013.07.15 19:08:28.508,0.86503,0.86514,2.25,1.50
2013.07.15 19:08:34.127,0.86503,0.86515,3.00,1.50
2013.07.15 19:08:39.637,0.86506,0.86518,2.25,1.50
2013.07.15 19:08:40.607,0.86504,0.86516,4.69,1.50
2013.07.15 19:08:41.167,0.86504,0.86516,1.69,1.50
2013.07.15 19:09:17.515,0.86503,0.86516,4.69,1.50
2013.07.15 19:09:18.118,0.86503,0.86514,4.69,1.50
2013.07.15 19:09:18.419,0.86505,0.86513,1.50,1.50
2013.07.15 19:09:18.779,0.86504,0.86514,1.50,1.50
2013.07.15 19:09:19.318,0.86502,0.86514,4.69,3.00
2013.07.15 19:09:19.859,0.86504,0.86516,1.50,3.94
2013.07.15 19:09:20.397,0.86503,0.86516,2.25,2.44
2013.07.15 19:09:21.308,0.86503,0.86516,2.25,3.19
2013.07.15 19:09:36.239,0.86503,0.86516,2.44,1.13
2013.07.15 19:09:43.167,0.86503,0.86516,3.19,1.88
2013.07.15 19:09:43.708,0.86503,0.86516,3.94,1.13
2013.07.15 19:09:48.837,0.86507,0.86517,2.25,1.69
2013.07.15 19:09:48.898,0.86507,0.86518,2.25,1.13
2013.07.15 19:09:49.439,0.86509,0.86519,1.50,1.50
2013.07.15 19:09:49.628,0.86509,0.86522,1.50,3.19
2013.07.15 19:09:50.168,0.86509,0.86521,1.50,2.63
2013.07.15 19:09:50.287,0.86507,0.8652,5.25,1.13
2013.07.15 19:09:50.587,0.86506,0.8652,1.50,1.13
2013.07.15 19:09:50.648,0.86504,0.86517,4.69,1.50
2013.07.15 19:09:51.197,0.86503,0.86517,4.69,1.50
2013.07.15 19:09:52.747,0.86503,0.86517,4.69,2.25
2013.07.15 19:09:56.320,0.86504,0.86517,2.44,1.69
2013.07.15 19:09:58.387,0.86503,0.86517,4.69,2.44
2013.07.15 19:09:59.380,0.86503,0.86517,3.19,3.19
2013.07.15 19:10:00.847,0.86503,0.86517,3.94,3.94
2013.07.15 19:10:22.041,0.86505,0.86517,1.69,1.50
2013.07.15 19:10:22.517,0.86506,0.86519,2.25,3.19
2013.07.15 19:10:23.178,0.86506,0.86519,2.25,1.69
2013.07.15 19:10:23.707,0.86506,0.86519,2.25,2.44
2013.07.15 19:10:27.108,0.86506,0.8652,2.25,3.94
2013.07.15 19:10:28.696,0.86506,0.86519,3.19,1.50
2013.07.15 19:10:31.617,0.86506,0.86519,3.19,1.50
2013.07.15 19:10:38.596,0.86506,0.86519,3.00,1.50
2013.07.15 19:10:40.188,0.86506,0.8652,3.00,1.69
2013.07.15 19:10:42.289,0.86505,0.86519,3.19,1.50
2013.07.15 19:10:42.408,0.86504,0.86518,3.19,1.50
2013.07.15 19:10:43.368,0.86503,0.86517,3.19,2.63
2013.07.15 19:10:53.057,0.86503,0.86515,3.94,1.50
2013.07.15 19:10:53.739,0.86503,0.86515,3.94,1.50
2013.07.15 19:11:16.419,0.86503,0.86516,2.44,2.25
2013.07.15 19:11:17.463,0.86503,0.86515,2.44,2.25
2013.07.15 19:11:20.108,0.86503,0.86515,1.50,2.25
2013.07.15 19:11:20.679,0.86503,0.86515,1.50,1.50
2013.07.15 19:11:23.547,0.86502,0.86515,3.19,2.25
2013.07.15 19:11:25.317,0.86502,0.86515,2.44,1.13
2013.07.15 19:11:25.618,0.86504,0.86517,1.69,3.00
2013.07.15 19:11:26.780,0.86505,0.86518,3.19,1.50
2013.07.15 19:11:27.287,0.86504,0.86518,2.44,2.25
2013.07.15 19:11:29.637,0.86504,0.86518,2.44,1.88
2013.07.15 19:11:30.098,0.86506,0.8652,3.00,4.69
2013.07.15 19:11:33.359,0.86508,0.8652,1.50,2.25
2013.07.15 19:11:33.419,0.86508,0.8652,3.75,1.50
2013.07.15 19:11:33.779,0.8651,0.86521,1.50,1.50
2013.07.15 19:11:34.468,0.8651,0.86523,1.50,2.44
2013.07.15 19:11:35.906,0.8651,0.86522,1.50,1.69
2013.07.15 19:11:36.700,0.86509,0.86521,3.94,1.50
2013.07.15 19:11:39.347,0.86509,0.86521,1.69,2.25
2013.07.15 19:11:39.889,0.86508,0.86519,1.50,1.50
2013.07.15 19:11:41.408,0.86508,0.86519,1.50,2.25
2013.07.15 19:11:46.519,0.86509,0.8652,1.50,1.50
2013.07.15 19:11:51.678,0.86508,0.8652,3.00,1.69
2013.07.15 19:11:53.018,0.86508,0.8652,2.25,1.69
2013.07.15 19:11:53.562,0.86508,0.86519,1.50,3.19
2013.07.15 19:11:54.358,0.86506,0.86518,1.50,1.50
2013.07.15 19:11:54.658,0.86504,0.86516,3.00,2.25
2013.07.15 19:11:55.207,0.86504,0.86516,1.50,2.25
2013.07.15 19:11:57.677,0.86504,0.86516,1.50,2.63
2013.07.15 19:12:11.707,0.86505,0.86516,1.50,1.50
2013.07.15 19:12:21.698,0.86505,0.86517,1.50,3.19
2013.07.15 19:12:28.428,0.86505,0.86516,1.50,1.50
2013.07.15 19:12:28.668,0.86507,0.86518,2.25,1.50
2013.07.15 19:12:29.218,0.86507,0.86519,4.50,1.69
2013.07.15 19:12:29.758,0.86507,0.86522,4.50,1.69
2013.07.15 19:12:31.728,0.86507,0.86521,4.69,1.69
2013.07.15 19:12:33.088,0.86507,0.86521,3.19,1.69
2013.07.15 19:12:35.658,0.86508,0.86519,1.50,1.69
2013.07.15 19:12:36.438,0.86508,0.86519,2.25,2.44
2013.07.15 19:12:39.557,0.86508,0.86519,2.25,2.25
2013.07.15 19:12:42.472,0.86508,0.86519,2.25,3.00
2013.07.15 19:12:46.138,0.86508,0.86519,2.25,2.25
2013.07.15 19:12:47.676,0.86508,0.86519,2.25,1.50
2013.07.15 19:12:51.850,0.86505,0.86517,2.25,1.88
2013.07.15 19:12:52.388,0.86504,0.86517,3.75,2.63
2013.07.15 19:12:52.939,0.86504,0.86517,2.25,3.38
2013.07.15 19:12:53.058,0.86504,0.86516,2.25,1.50
2013.07.15 19:12:54.809,0.86504,0.86514,2.25,1.69
2013.07.15 19:12:58.258,0.86504,0.86517,3.00,4.13
2013.07.15 19:13:09.699,0.86504,0.86517,1.50,5.82
2013.07.15 19:13:10.290,0.86504,0.86514,1.50,1.69
2013.07.15 19:13:10.648,0.86502,0.86514,3.00,2.25
2013.07.15 19:13:10.888,0.86503,0.86514,2.25,1.50
2013.07.15 19:13:11.754,0.86503,0.86514,2.25,1.50
2013.07.15 19:13:12.058,0.86505,0.86515,2.25,2.44
2013.07.15 19:13:13.761,0.86505,0.86516,2.25,2.44
2013.07.15 19:13:16.140,0.86504,0.86513,2.25,1.50
2013.07.15 19:13:26.207,0.86503,0.86513,1.50,1.50
2013.07.15 19:13:27.778,0.86503,0.86513,1.50,1.69
2013.07.15 19:13:28.158,0.86504,0.86513,2.25,1.69
2013.07.15 19:13:28.338,0.86503,0.86513,2.25,1.50
2013.07.15 19:13:28.578,0.86504,0.86513,3.00,1.50
2013.07.15 19:13:38.631,0.86504,0.86515,3.75,3.75
2013.07.15 19:13:39.970,0.86504,0.86514,2.25,2.44
2013.07.15 19:13:54.098,0.86505,0.86514,2.25,1.69
2013.07.15 19:13:54.759,0.86505,0.86516,3.75,1.13
2013.07.15 19:13:55.297,0.86505,0.86516,3.75,1.13
2013.07.15 19:13:56.891,0.86506,0.86517,5.25,1.88
2013.07.15 19:13:57.439,0.86507,0.86518,2.25,1.50
2013.07.15 19:13:58.899,0.86507,0.8652,3.00,1.50
2013.07.15 19:14:02.888,0.86508,0.86519,1.50,1.69
2013.07.15 19:14:03.428,0.86506,0.86519,3.75,1.69
2013.07.15 19:14:03.788,0.86506,0.86517,2.25,1.50
2013.07.15 19:14:08.699,0.86506,0.86518,2.25,1.50
2013.07.15 19:14:09.237,0.86506,0.86519,3.00,2.25
2013.07.15 19:14:09.779,0.86507,0.86519,3.00,2.25
2013.07.15 19:14:10.497,0.86507,0.8652,4.50,4.50
2013.07.15 19:14:14.979,0.86509,0.8652,1.50,1.88
2013.07.15 19:14:18.515,0.8651,0.8652,1.50,1.50
2013.07.15 19:14:19.308,0.8651,0.86522,1.50,1.69
2013.07.15 19:14:19.867,0.86508,0.86522,2.25,1.69
2013.07.15 19:14:20.437,0.8651,0.86522,1.50,1.69
2013.07.15 19:14:21.878,0.8651,0.86522,1.50,1.69
2013.07.15 19:14:22.121,0.8651,0.86522,1.50,1.69
2013.07.15 19:14:23.628,0.8651,0.86522,1.50,3.19
2013.07.15 19:14:25.308,0.8651,0.86521,1.50,1.69
2013.07.15 19:14:25.669,0.86509,0.8652,3.00,1.32
2013.07.15 19:14:26.159,0.86507,0.86519,2.25,2.25
2013.07.15 19:14:26.697,0.86505,0.86517,3.57,1.50
2013.07.15 19:14:28.637,0.86504,0.86517,3.00,1.88
2013.07.15 19:14:37.212,0.86505,0.86516,1.50,1.69
2013.07.15 19:14:38.759,0.86506,0.86516,1.50,1.69
2013.07.15 19:14:39.128,0.86506,0.86516,3.00,1.69
2013.07.15 19:14:40.629,0.86505,0.86516,1.50,2.44
2013.07.15 19:14:44.917,0.86504,0.86517,3.75,2.82
2013.07.15 19:14:45.158,0.86504,0.86517,1.50,3.57
2013.07.15 19:14:45.337,0.86503,0.86515,2.25,1.69
2013.07.15 19:14:45.577,0.86503,0.86516,2.25,1.69
2013.07.15 19:14:45.820,0.86503,0.86517,1.50,2.82
2013.07.15 19:14:46.189,0.86504,0.86516,1.50,1.69
2013.07.15 19:14:52.868,0.86504,0.86516,1.50,1.32
2013.07.15 19:14:53.407,0.86502,0.86516,5.25,2.07
2013.07.15 19:14:57.607,0.86502,0.86516,3.75,4.32
2013.07.15 19:14:58.147,0.86502,0.86515,1.50,3.19
2013.07.15 19:14:58.678,0.86502,0.86514,1.50,1.50
2013.07.15 19:15:00.729,0.86502,0.86515,2.25,2.44
2013.07.15 19:15:01.983,0.86502,0.86516,5.44,3.94
2013.07.15 19:15:03.710,0.86504,0.86516,2.25,1.69
2013.07.15 19:15:04.258,0.86504,0.86518,2.25,3.94
2013.07.15 19:15:04.828,0.86504,0.86516,2.25,1.69
2013.07.15 19:15:05.498,0.86502,0.86516,3.00,1.69
2013.07.15 19:15:05.960,0.86502,0.86515,2.25,1.69
2013.07.15 19:15:06.688,0.86502,0.86514,2.25,1.50
2013.07.15 19:15:10.588,0.86502,0.86514,3.00,1.50
2013.07.15 19:15:11.128,0.86502,0.86513,1.50,1.50
2013.07.15 19:15:11.910,0.86501,0.86513,1.50,1.50
2013.07.15 19:15:11.970,0.86501,0.86513,1.50,1.50
2013.07.15 19:15:12.509,0.865,0.86513,3.75,2.25
2013.07.15 19:15:15.728,0.86501,0.86512,1.50,1.50
2013.07.15 19:15:16.088,0.86502,0.86513,1.50,1.32
2013.07.15 19:15:16.628,0.86501,0.86513,3.19,1.13
2013.07.15 19:15:17.977,0.86501,0.86512,1.50,1.69
2013.07.15 19:15:18.698,0.86502,0.86512,1.50,1.69
2013.07.15 19:15:18.938,0.86502,0.86513,1.50,1.32
2013.07.15 19:15:19.237,0.86501,0.86514,3.75,1.13
2013.07.15 19:15:19.537,0.86503,0.86517,1.50,2.44
2013.07.15 19:15:21.327,0.86503,0.86516,1.50,1.50
2013.07.15 19:15:26.088,0.86503,0.86516,2.44,1.50
2013.07.15 19:15:26.628,0.86501,0.86515,3.19,3.00
2013.07.15 19:15:27.158,0.865,0.86514,3.94,1.50
2013.07.15 19:15:28.397,0.86502,0.86514,1.50,2.25
2013.07.15 19:15:47.193,0.86501,0.86513,1.50,2.25
2013.07.15 19:15:47.738,0.86502,0.86516,2.25,1.69
2013.07.15 19:15:48.118,0.86503,0.86516,2.25,1.69
2013.07.15 19:15:48.657,0.86503,0.86516,3.00,1.69
2013.07.15 19:15:49.833,0.86503,0.86516,3.00,1.69
2013.07.15 19:15:52.909,0.86503,0.86517,3.00,4.32
2013.07.15 19:15:53.473,0.86504,0.86517,2.25,2.82
2013.07.15 19:15:55.918,0.86504,0.86517,2.25,3.19
2013.07.15 19:15:58.899,0.86504,0.86515,2.25,1.13
2013.07.15 19:16:03.898,0.86504,0.86516,1.50,2.07
2013.07.15 19:16:15.998,0.86502,0.86515,4.69,1.50
2013.07.15 19:16:16.118,0.86503,0.86515,1.69,1.50
2013.07.15 19:16:16.306,0.86503,0.86515,2.44,1.50
2013.07.15 19:16:18.838,0.86506,0.86517,1.13,1.88
2013.07.15 19:16:19.138,0.86505,0.86519,3.94,1.50
2013.07.15 19:16:19.499,0.86507,0.86523,1.69,3.57
2013.07.15 19:16:19.559,0.86508,0.86523,1.50,2.82
2013.07.15 19:16:21.551,0.86508,0.86523,1.50,1.69
2013.07.15 19:16:21.626,0.86508,0.86519,2.25,1.13
2013.07.15 19:16:21.750,0.86507,0.86519,1.50,1.13
2013.07.15 19:16:22.182,0.86506,0.86517,2.25,1.13
2013.07.15 19:16:22.489,0.86504,0.86517,4.32,1.13
2013.07.15 19:16:23.029,0.86504,0.86518,4.13,1.50
2013.07.15 19:16:23.808,0.86506,0.86519,1.50,3.75
2013.07.15 19:16:24.347,0.86506,0.8652,2.44,4.50
2013.07.15 19:16:25.158,0.86505,0.86518,3.57,1.88
2013.07.15 19:16:34.369,0.86505,0.86518,2.25,3.57
2013.07.15 19:16:41.530,0.86505,0.86517,2.44,1.13
2013.07.15 19:16:41.949,0.86505,0.86517,1.50,1.50
2013.07.15 19:16:43.008,0.86505,0.86515,1.50,1.13
2013.07.15 19:16:44.248,0.86504,0.86515,3.19,1.13
2013.07.15 19:16:44.788,0.86503,0.86516,2.44,1.50
2013.07.15 19:16:45.988,0.86504,0.86516,1.50,1.88
2013.07.15 19:16:47.779,0.86504,0.86518,1.50,3.19
2013.07.15 19:16:49.397,0.86504,0.86518,1.50,3.19
2013.07.15 19:16:54.928,0.86504,0.86518,2.07,1.50
2013.07.15 19:16:55.468,0.86504,0.86517,2.07,1.13
2013.07.15 19:16:58.099,0.86503,0.86517,3.19,1.88
2013.07.15 19:17:22.438,0.86504,0.86517,1.69,1.88
2013.07.15 19:17:23.068,0.86504,0.86517,1.69,1.88
2013.07.15 19:17:23.428,0.86504,0.86518,3.94,2.25
2013.07.15 19:17:24.319,0.86505,0.86517,2.44,1.13
2013.07.15 19:17:24.858,0.86505,0.86518,2.44,3.75
2013.07.15 19:17:26.523,0.86505,0.86518,2.44,3.75
2013.07.15 19:17:31.649,0.86505,0.86517,1.50,2.44
2013.07.15 19:17:34.982,0.86505,0.86517,1.50,2.44
2013.07.15 19:17:35.528,0.86506,0.86517,1.50,1.88
2013.07.15 19:17:36.068,0.86506,0.86518,1.50,4.32
2013.07.15 19:17:47.037,0.86505,0.86517,2.25,2.07
2013.07.15 19:17:50.158,0.86505,0.86516,2.25,1.69
2013.07.15 19:17:50.709,0.86506,0.86518,1.50,2.07
2013.07.15 19:17:51.128,0.86505,0.86518,1.50,2.07
2013.07.15 19:17:51.928,0.86505,0.86518,1.50,2.07
2013.07.15 19:18:00.129,0.86506,0.86517,1.13,1.50
2013.07.15 19:18:00.189,0.86506,0.86517,1.13,1.50
2013.07.15 19:18:00.670,0.86504,0.86515,1.50,1.13
2013.07.15 19:18:20.889,0.86504,0.86515,1.50,1.13
2013.07.15 19:18:21.428,0.86504,0.86517,2.25,2.82
2013.07.15 19:18:33.832,0.86505,0.86517,1.50,3.19
2013.07.15 19:18:34.018,0.86505,0.86517,1.50,2.44
2013.07.15 19:18:37.638,0.86505,0.86518,1.50,1.69
2013.07.15 19:18:45.088,0.86506,0.86519,2.25,3.57
2013.07.15 19:18:45.638,0.86506,0.86519,2.25,3.57
2013.07.15 19:18:46.118,0.86507,0.86519,1.50,3.57
2013.07.15 19:18:47.568,0.86508,0.86519,2.25,3.94
2013.07.15 19:18:49.179,0.86509,0.86518,1.50,1.69
2013.07.15 19:18:49.299,0.86505,0.86518,2.44,1.69
2013.07.15 19:18:49.358,0.86505,0.86518,2.25,2.44
2013.07.15 19:18:49.718,0.86505,0.86517,1.50,1.69
2013.07.15 19:18:49.838,0.86504,0.86517,1.13,1.69
2013.07.15 19:18:52.048,0.86504,0.86516,1.50,2.44
2013.07.15 19:18:56.059,0.86505,0.86517,2.25,2.82
2013.07.15 19:18:56.929,0.86505,0.86517,2.25,1.13
2013.07.15 19:18:56.989,0.86505,0.86517,2.25,1.13
2013.07.15 19:18:57.528,0.86504,0.86515,2.25,1.88
2013.07.15 19:18:58.069,0.86504,0.86515,2.25,1.88
2013.07.15 19:18:58.599,0.86504,0.86515,2.25,1.50
2013.07.15 19:18:59.968,0.86503,0.86515,4.50,1.50
2013.07.15 19:19:01.617,0.86503,0.86515,4.50,1.50
2013.07.15 19:19:05.721,0.86504,0.86517,1.50,2.44
2013.07.15 19:19:06.268,0.86506,0.86518,1.88,1.50
2013.07.15 19:19:06.389,0.86506,0.86521,3.38,3.94
2013.07.15 19:19:06.689,0.86506,0.86521,1.32,2.25
2013.07.15 19:19:06.808,0.86506,0.86521,2.07,2.25
2013.07.15 19:19:07.350,0.86506,0.86521,2.07,2.25
2013.07.15 19:19:08.852,0.86508,0.86521,1.50,2.25
2013.07.15 19:19:09.576,0.86507,0.86521,1.88,2.25
2013.07.15 19:19:11.075,0.86508,0.86521,1.50,2.25
2013.07.15 19:19:13.308,0.86509,0.86521,1.50,1.69
2013.07.15 19:19:15.279,0.86509,0.86522,1.50,1.69
2013.07.15 19:19:17.840,0.86509,0.86522,1.69,1.50
2013.07.15 19:19:32.712,0.86507,0.86519,1.69,1.88
2013.07.15 19:19:33.019,0.86506,0.86517,1.50,2.25
2013.07.15 19:19:33.544,0.86505,0.86517,1.50,2.25
2013.07.15 19:19:34.089,0.86506,0.86519,1.50,3.38
2013.07.15 19:19:34.149,0.86506,0.86519,1.50,1.13
2013.07.15 19:19:34.708,0.86506,0.86521,1.50,1.69
2013.07.15 19:19:34.888,0.86506,0.86522,3.00,2.44
2013.07.15 19:19:35.636,0.86507,0.8652,1.50,1.69
2013.07.15 19:19:43.138,0.86507,0.86521,1.50,2.25
2013.07.15 19:19:47.628,0.86507,0.86521,2.44,1.69
2013.07.15 19:19:57.629,0.86507,0.86521,1.69,1.69
2013.07.15 19:19:58.218,0.86507,0.86521,1.69,1.69
2013.07.15 19:20:00.407,0.86508,0.86522,2.44,1.32
2013.07.15 19:20:02.369,0.86508,0.86522,4.69,1.32
2013.07.15 19:20:05.149,0.8651,0.86523,2.44,2.25
2013.07.15 19:20:11.914,0.86509,0.86523,3.19,1.69
2013.07.15 19:20:15.076,0.86509,0.86522,1.69,1.50
2013.07.15 19:20:22.468,0.86508,0.86522,3.19,2.44
2013.07.15 19:20:28.989,0.86508,0.86522,2.44,2.44
2013.07.15 19:20:31.449,0.86508,0.8652,1.69,1.50
2013.07.15 19:20:31.750,0.86505,0.86519,1.69,4.32
2013.07.15 19:20:32.109,0.86505,0.86517,1.50,2.44
2013.07.15 19:20:32.288,0.86503,0.86517,1.88,2.44
2013.07.15 19:20:32.828,0.86503,0.86517,1.13,2.44
2013.07.15 19:20:34.138,0.86503,0.86516,1.88,1.69
2013.07.15 19:20:34.198,0.86503,0.86517,2.63,2.44
2013.07.15 19:20:35.269,0.86504,0.86517,1.50,1.69
2013.07.15 19:20:35.831,0.86503,0.86517,2.63,1.69
2013.07.15 19:20:36.373,0.86504,0.86516,1.50,2.44
2013.07.15 19:20:42.339,0.86504,0.86516,2.25,1.69
2013.07.15 19:20:45.048,0.86503,0.86516,1.69,2.07
2013.07.15 19:20:46.349,0.86503,0.86516,1.69,2.07
2013.07.15 19:20:47.499,0.86504,0.86516,1.50,1.69
2013.07.15 19:20:47.801,0.86506,0.86518,1.50,3.00
2013.07.15 19:20:47.869,0.86506,0.86516,2.25,2.25
2013.07.15 19:20:47.929,0.86507,0.86519,1.50,1.50
2013.07.15 19:20:48.469,0.86508,0.86521,1.50,1.50
2013.07.15 19:20:49.009,0.86509,0.86522,1.13,1.50
2013.07.15 19:20:49.548,0.86509,0.86523,1.13,3.19
2013.07.15 19:20:50.079,0.86509,0.86523,1.88,2.44
2013.07.15 19:20:51.301,0.8651,0.86522,1.50,1.50
2013.07.15 19:20:51.854,0.8651,0.86523,2.25,1.69
2013.07.15 19:20:54.379,0.86511,0.86525,1.69,2.44
2013.07.15 19:20:54.918,0.8651,0.86524,2.44,1.69
2013.07.15 19:21:09.238,0.86511,0.86526,2.44,1.69
2013.07.15 19:21:09.778,0.86511,0.86525,3.19,1.50
2013.07.15 19:21:10.540,0.86511,0.86526,3.19,1.69
2013.07.15 19:21:15.638,0.86511,0.86525,3.19,1.50
2013.07.15 19:21:20.690,0.86511,0.86526,3.94,2.07
2013.07.15 19:21:25.218,0.86511,0.86525,3.19,1.69
2013.07.15 19:21:34.799,0.86511,0.86526,3.19,2.07
2013.07.15 19:21:53.418,0.86511,0.86525,2.44,2.63
2013.07.15 19:21:56.002,0.86511,0.86525,2.44,2.25
2013.07.15 19:21:59.970,0.86511,0.86525,2.44,3.57
2013.07.15 19:22:08.299,0.86511,0.86525,1.69,2.25
2013.07.15 19:22:08.604,0.86511,0.86524,2.25,1.69
2013.07.15 19:22:08.910,0.8651,0.86521,1.88,1.69
2013.07.15 19:22:09.089,0.86506,0.8652,2.25,3.00
2013.07.15 19:22:09.329,0.86506,0.86519,1.50,1.50
2013.07.15 19:22:09.632,0.86506,0.86517,1.50,1.50
2013.07.15 19:22:10.188,0.86506,0.86517,1.69,1.50
2013.07.15 19:22:12.165,0.86504,0.86517,2.44,1.50
2013.07.15 19:22:18.118,0.86505,0.86517,2.07,1.69
2013.07.15 19:22:18.239,0.86506,0.86519,1.69,3.00
2013.07.15 19:22:18.815,0.86506,0.86519,2.44,2.25
2013.07.15 19:22:25.779,0.86507,0.86519,1.50,1.50
2013.07.15 19:22:31.802,0.86506,0.86519,1.69,1.50
2013.07.15 19:22:36.878,0.86507,0.86519,3.19,1.50
2013.07.15 19:22:37.860,0.86507,0.86519,3.94,1.50
2013.07.15 19:22:46.609,0.86508,0.86519,3.19,1.50
2013.07.15 19:22:47.128,0.86508,0.86519,3.19,1.50
2013.07.15 19:23:07.379,0.86508,0.86519,3.19,1.50
2013.07.15 19:23:07.499,0.86509,0.86521,1.69,2.25
2013.07.15 19:23:15.210,0.86508,0.8652,1.69,1.50
2013.07.15 19:23:16.958,0.86507,0.86521,1.50,3.38
2013.07.15 19:23:17.518,0.86507,0.86521,1.50,3.38
2013.07.15 19:23:18.049,0.86507,0.86521,1.50,5.07
2013.07.15 19:23:20.002,0.86507,0.86521,1.50,3.94
2013.07.15 19:23:20.421,0.86505,0.86519,2.44,2.25
2013.07.15 19:23:20.959,0.86504,0.86519,3.57,1.50
2013.07.15 19:23:22.233,0.86504,0.86518,2.82,1.13
2013.07.15 19:23:22.372,0.86502,0.86518,3.94,4.32
2013.07.15 19:23:26.140,0.86503,0.86517,1.50,1.69
2013.07.15 19:23:26.199,0.86503,0.86517,1.50,2.44
2013.07.15 19:23:26.738,0.86504,0.86517,1.88,3.94
2013.07.15 19:23:27.108,0.86504,0.86517,2.63,3.94
2013.07.15 19:23:27.599,0.86504,0.86517,2.63,3.94
2013.07.15 19:23:31.118,0.86504,0.86517,2.25,2.44
2013.07.15 19:23:31.659,0.86505,0.86517,1.69,2.25
2013.07.15 19:23:36.412,0.86504,0.86517,2.07,2.25
2013.07.15 19:23:45.143,0.86504,0.86517,1.69,3.00
2013.07.15 19:23:47.179,0.86505,0.86517,2.44,1.50
2013.07.15 19:23:47.419,0.86506,0.86517,2.63,2.25
2013.07.15 19:23:47.540,0.86506,0.86519,1.88,2.25
2013.07.15 19:23:48.079,0.86507,0.86518,1.50,1.88
2013.07.15 19:23:48.379,0.86507,0.86518,1.50,2.63
2013.07.15 19:23:54.019,0.86507,0.86516,2.25,1.50
2013.07.15 19:24:03.590,0.86509,0.86519,1.69,1.50
2013.07.15 19:24:05.029,0.86509,0.86521,2.44,1.50
2013.07.15 19:24:05.209,0.86509,0.8652,1.69,1.50
2013.07.15 19:24:05.390,0.86509,0.86521,2.44,2.25
2013.07.15 19:24:05.899,0.86509,0.86521,1.69,1.50
2013.07.15 19:24:15.260,0.86509,0.86521,1.69,1.50
2013.07.15 19:24:15.778,0.86509,0.86519,1.69,1.50
2013.07.15 19:24:16.703,0.86509,0.86521,1.69,1.50
2013.07.15 19:24:16.768,0.86509,0.86522,1.69,1.50
2013.07.15 19:24:19.850,0.86509,0.86522,1.50,1.50
2013.07.15 19:24:20.249,0.86509,0.86519,1.50,1.50
2013.07.15 19:24:26.668,0.86509,0.86519,1.69,1.50
2013.07.15 19:24:27.350,0.86509,0.86521,1.69,2.25
2013.07.15 19:24:27.863,0.86509,0.86522,1.69,1.50
2013.07.15 19:24:29.818,0.8651,0.86524,1.69,3.19
2013.07.15 19:24:37.438,0.8651,0.86522,2.82,1.50
2013.07.15 19:24:38.322,0.8651,0.86523,2.82,2.25
2013.07.15 19:25:00.969,0.86511,0.86523,1.50,3.00
2013.07.15 19:25:35.275,0.8651,0.86523,2.25,1.50
2013.07.15 19:26:01.205,0.8651,0.86523,1.50,1.13
2013.07.15 19:26:04.176,0.8651,0.86523,1.50,1.13
2013.07.15 19:26:12.188,0.86511,0.86523,1.50,1.88
2013.07.15 19:26:31.159,0.86512,0.86523,1.69,1.88
2013.07.15 19:26:56.212,0.86511,0.86524,2.25,2.63
2013.07.15 19:27:00.078,0.8651,0.86523,2.25,1.50
2013.07.15 19:27:10.138,0.8651,0.86524,2.07,3.00
2013.07.15 19:27:24.780,0.8651,0.86524,1.32,3.75
2013.07.15 19:27:31.950,0.8651,0.86524,2.07,2.25
2013.07.15 19:27:32.191,0.86511,0.86524,1.50,1.50
2013.07.15 19:27:33.529,0.86511,0.86525,1.50,2.07
2013.07.15 19:27:34.069,0.86512,0.86525,1.50,2.07
2013.07.15 19:27:38.141,0.86513,0.86525,1.50,3.00
2013.07.15 19:27:38.679,0.86513,0.86525,1.50,3.00
2013.07.15 19:27:39.240,0.86513,0.86525,1.50,3.00
2013.07.15 19:27:39.929,0.86512,0.86525,1.69,3.75
2013.07.15 19:27:41.569,0.86513,0.86525,1.50,3.00
2013.07.15 19:27:42.479,0.86512,0.86525,2.44,3.38
2013.07.15 19:27:43.109,0.86513,0.86525,1.69,2.63
2013.07.15 19:27:43.610,0.86513,0.86525,1.50,1.50
2013.07.15 19:27:44.201,0.86515,0.86526,1.50,1.50
2013.07.15 19:27:44.401,0.86517,0.86527,2.25,1.50
2013.07.15 19:27:44.760,0.86516,0.86528,3.00,2.93
2013.07.15 19:27:46.872,0.86516,0.86528,3.00,2.18
2013.07.15 19:27:54.449,0.86516,0.86528,3.00,2.18
2013.07.15 19:28:07.533,0.86518,0.8653,1.50,3.75
2013.07.15 19:28:08.083,0.86515,0.86527,1.69,1.50
2013.07.15 19:28:08.640,0.86513,0.86526,3.57,1.50
2013.07.15 19:28:09.599,0.86515,0.86525,1.69,2.25
2013.07.15 19:28:10.106,0.86514,0.86525,3.19,2.25
2013.07.15 19:28:13.533,0.86512,0.86525,2.82,2.25
2013.07.15 19:28:15.294,0.86512,0.86525,2.44,2.25
2013.07.15 19:28:15.839,0.86511,0.86524,1.69,1.88
2013.07.15 19:28:17.750,0.86511,0.86524,1.69,3.38
2013.07.15 19:28:18.590,0.86512,0.86524,1.69,2.63
2013.07.15 19:28:19.359,0.86512,0.86524,3.19,1.13
2013.07.15 19:28:19.599,0.86512,0.86524,1.69,1.13
2013.07.15 19:28:20.218,0.86512,0.86524,1.69,1.13
2013.07.15 19:28:20.800,0.86512,0.86524,3.19,1.13
2013.07.15 19:28:21.537,0.86512,0.86524,1.69,1.13
2013.07.15 19:28:22.129,0.86513,0.86524,1.50,1.13
2013.07.15 19:28:23.869,0.86513,0.86524,1.50,1.13
2013.07.15 19:28:24.589,0.86513,0.86524,1.50,1.13
2013.07.15 19:28:25.629,0.86513,0.86524,1.50,1.13
2013.07.15 19:28:26.139,0.8651,0.86524,2.44,1.13
2013.07.15 19:28:26.680,0.86513,0.86524,1.50,1.13
2013.07.15 19:28:32.649,0.86513,0.86523,1.50,1.13
2013.07.15 19:28:33.070,0.86511,0.86523,1.69,1.13
2013.07.15 19:28:33.609,0.8651,0.86523,2.25,1.88
2013.07.15 19:28:52.319,0.8651,0.86523,2.07,3.00
2013.07.15 19:28:52.862,0.8651,0.86522,2.07,3.00
2013.07.15 19:28:52.991,0.86508,0.86521,1.50,2.44
2013.07.15 19:28:54.193,0.86509,0.8652,1.50,1.50
2013.07.15 19:28:54.739,0.86509,0.86522,1.50,2.44
2013.07.15 19:29:21.869,0.8651,0.86523,1.50,4.50
2013.07.15 19:29:22.629,0.86509,0.8652,1.50,1.50
2013.07.15 19:29:23.169,0.86508,0.8652,1.69,1.50
2013.07.15 19:29:23.709,0.86509,0.8652,1.50,1.50
2013.07.15 19:29:31.700,0.86509,0.8652,1.50,1.50
2013.07.15 19:29:52.071,0.8651,0.8652,1.50,1.50
2013.07.15 19:29:52.609,0.8651,0.86522,1.50,4.13
2013.07.15 19:29:53.110,0.8651,0.86522,1.50,3.38
2013.07.15 19:29:58.869,0.86511,0.86521,1.50,1.50
2013.07.15 19:29:59.599,0.86509,0.86521,1.69,2.25
2013.07.15 19:30:01.192,0.86507,0.86519,2.82,2.25
2013.07.15 19:30:14.544,0.86509,0.86519,1.50,1.50
2013.07.15 19:30:14.850,0.86508,0.86519,2.44,1.50
2013.07.15 19:30:14.972,0.86508,0.86519,1.69,1.50
2013.07.15 19:30:21.730,0.86508,0.86518,1.69,2.25
2013.07.15 19:30:27.449,0.86508,0.86518,1.50,2.25
2013.07.15 19:30:35.303,0.86508,0.86518,1.69,2.25
2013.07.15 19:30:44.420,0.86507,0.86518,3.19,2.25
2013.07.15 19:31:01.160,0.86508,0.86518,3.00,1.50
2013.07.15 19:31:06.631,0.86508,0.86519,2.63,1.50
2013.07.15 19:31:06.930,0.86508,0.86519,1.88,1.50
2013.07.15 19:31:07.569,0.86508,0.86516,1.88,1.50
2013.07.15 19:31:10.600,0.86507,0.86516,2.25,1.50
2013.07.15 19:31:10.960,0.86508,0.86519,3.00,1.50
2013.07.15 19:31:11.508,0.86509,0.86519,1.50,1.50
2013.07.15 19:31:13.170,0.86508,0.86519,3.00,1.50
2013.07.15 19:31:13.785,0.86509,0.86519,1.50,1.50
2013.07.15 19:31:21.010,0.8651,0.8652,1.69,1.50
2013.07.15 19:31:21.432,0.8651,0.8652,2.25,1.50
2013.07.15 19:31:21.791,0.86511,0.86522,2.25,1.50
2013.07.15 19:31:31.954,0.86512,0.86522,2.44,1.50
2013.07.15 19:31:50.129,0.86513,0.86522,1.50,1.50
2013.07.15 19:31:51.591,0.86513,0.86524,3.75,1.50
2013.07.15 19:31:52.014,0.86519,0.8653,1.50,1.50
2013.07.15 19:31:52.081,0.86518,0.86531,2.25,3.00
2013.07.15 19:31:52.200,0.86518,0.8653,3.00,2.25
2013.07.15 19:31:53.660,0.86517,0.86527,3.19,1.50
2013.07.15 19:31:54.199,0.86517,0.86527,2.44,1.50
2013.07.15 19:31:57.100,0.86517,0.86527,1.69,1.50
2013.07.15 19:32:01.770,0.86517,0.86527,2.44,1.50
2013.07.15 19:32:04.442,0.86517,0.86526,1.50,1.50
2013.07.15 19:32:05.049,0.86515,0.86526,2.07,1.50
2013.07.15 19:32:07.039,0.86515,0.86526,3.19,1.50
2013.07.15 19:32:11.349,0.86515,0.86526,2.44,1.50
2013.07.15 19:32:31.150,0.86514,0.86526,3.19,1.50
2013.07.15 19:32:31.450,0.86515,0.86525,1.69,1.50
2013.07.15 19:32:34.000,0.86513,0.86525,3.94,1.50
2013.07.15 19:32:35.860,0.86513,0.86525,3.57,1.50
2013.07.15 19:32:38.719,0.86513,0.86525,2.44,1.50
2013.07.15 19:32:46.383,0.86514,0.86524,1.69,1.50
2013.07.15 19:32:46.690,0.86512,0.86523,1.32,1.50
2013.07.15 19:32:48.092,0.86511,0.86522,3.42,2.25
2013.07.15 19:32:49.873,0.86511,0.86522,1.69,2.25
2013.07.15 19:32:50.389,0.8651,0.86522,2.44,2.25
2013.07.15 19:32:51.111,0.8651,0.86522,3.19,2.25
2013.07.15 19:32:58.220,0.8651,0.86522,3.94,2.63
2013.07.15 19:32:58.769,0.8651,0.86519,2.44,2.25
2013.07.15 19:32:59.934,0.8651,0.86519,2.44,2.25
2013.07.15 19:33:27.160,0.86508,0.86519,3.19,2.25
2013.07.15 19:33:46.910,0.86509,0.86519,1.69,1.50
2013.07.15 19:33:50.682,0.8651,0.86519,1.50,1.50
2013.07.15 19:33:51.254,0.86508,0.86519,5.07,1.50
2013.07.15 19:33:55.729,0.86509,0.86519,2.25,1.50
2013.07.15 19:34:25.240,0.86509,0.86519,1.50,1.69
2013.07.15 19:34:25.541,0.86507,0.86517,2.44,1.50
2013.07.15 19:34:26.442,0.86508,0.86517,1.13,1.50
2013.07.15 19:34:26.680,0.86508,0.86519,1.13,1.69
2013.07.15 19:34:27.760,0.86507,0.86519,3.19,2.44
2013.07.15 19:34:27.880,0.86507,0.86519,2.44,2.44
2013.07.15 19:34:28.849,0.86507,0.86518,2.44,1.50
2013.07.15 19:34:30.630,0.86507,0.8652,1.69,4.32
2013.07.15 19:34:42.513,0.86505,0.86519,3.75,1.69
2013.07.15 19:34:42.702,0.86505,0.86517,1.50,1.50
2013.07.15 19:34:42.821,0.86504,0.86517,3.94,1.50
2013.07.15 19:34:42.881,0.86504,0.86517,1.69,3.00
2013.07.15 19:34:43.001,0.86504,0.86517,1.69,1.50
2013.07.15 19:34:43.571,0.86503,0.86518,1.13,2.44
2013.07.15 19:34:44.111,0.86504,0.86517,1.50,1.50
2013.07.15 19:34:47.781,0.86504,0.86517,1.88,2.44
2013.07.15 19:34:48.456,0.86504,0.86515,1.13,1.13
2013.07.15 19:34:50.210,0.86504,0.86515,2.82,1.13
2013.07.15 19:34:57.660,0.86504,0.86514,2.44,2.25
2013.07.15 19:34:58.199,0.86504,0.86514,2.44,1.50
2013.07.15 19:34:59.460,0.86505,0.86514,1.50,1.50
2013.07.15 19:35:02.950,0.86504,0.86514,2.82,1.50
2013.07.15 19:35:03.252,0.86505,0.86514,1.69,1.50
2013.07.15 19:35:03.370,0.86505,0.86515,1.69,1.13
2013.07.15 19:35:03.938,0.86505,0.86518,1.69,1.13
2013.07.15 19:35:04.680,0.86505,0.8652,2.44,1.69
2013.07.15 19:35:04.801,0.86507,0.8652,1.13,1.50
2013.07.15 19:35:10.540,0.86507,0.86522,2.07,2.07
2013.07.15 19:35:14.669,0.86507,0.86521,2.63,1.69
2013.07.15 19:35:17.062,0.86508,0.86521,1.50,1.69
2013.07.15 19:35:17.610,0.86509,0.86523,3.19,1.32
2013.07.15 19:35:18.219,0.8651,0.86524,1.69,1.69
2013.07.15 19:35:19.420,0.86509,0.86523,4.69,1.50
2013.07.15 19:35:19.960,0.86511,0.86522,1.13,1.50
2013.07.15 19:35:21.810,0.8651,0.86524,1.69,2.25
2013.07.15 19:35:21.990,0.86509,0.86524,4.69,1.50
2013.07.15 19:35:23.870,0.8651,0.86524,1.69,1.50
2013.07.15 19:35:26.480,0.8651,0.86524,2.07,1.50
2013.07.15 19:35:32.270,0.86511,0.86526,1.69,2.63
2013.07.15 19:35:51.031,0.8651,0.86524,6.57,1.50
2013.07.15 19:35:51.210,0.8651,0.86524,4.13,1.50
2013.07.15 19:35:51.546,0.86511,0.86526,1.50,1.50
2013.07.15 19:35:52.093,0.86511,0.86526,2.25,1.50
2013.07.15 19:36:02.181,0.86512,0.86525,1.50,2.25
2013.07.15 19:36:20.093,0.86512,0.86523,1.69,1.50
2013.07.15 19:36:23.920,0.86512,0.86523,1.69,1.50
2013.07.15 19:36:48.491,0.86512,0.86523,1.69,1.50
2013.07.15 19:37:17.999,0.86513,0.86523,1.69,1.50
2013.07.15 19:37:23.220,0.86515,0.86523,1.69,1.50
2013.07.15 19:37:33.590,0.86515,0.86524,1.69,1.50
2013.07.15 19:37:37.200,0.86515,0.86523,1.69,1.50
2013.07.15 19:37:41.550,0.86512,0.86522,1.69,1.50
2013.07.15 19:37:42.450,0.86511,0.86521,2.82,1.50
2013.07.15 19:37:42.570,0.8651,0.86521,1.69,1.50
2013.07.15 19:37:42.881,0.86508,0.8652,1.32,2.25
2013.07.15 19:37:43.420,0.86508,0.86519,1.32,1.50
2013.07.15 19:37:44.460,0.86507,0.86517,1.24,1.50
2013.07.15 19:37:44.761,0.86506,0.86515,2.25,1.50
2013.07.15 19:37:46.592,0.86506,0.86515,1.50,1.50
2013.07.15 19:37:48.071,0.86507,0.86515,1.50,1.50
2013.07.15 19:37:53.670,0.86507,0.86515,1.50,1.50
2013.07.15 19:37:53.971,0.86507,0.8652,1.50,2.82
2013.07.15 19:37:55.961,0.86507,0.8652,1.13,1.69
2013.07.15 19:38:11.930,0.86509,0.8652,1.50,1.50
2013.07.15 19:38:12.170,0.86508,0.8652,2.25,1.50
2013.07.15 19:38:12.470,0.8651,0.8652,1.50,1.50
2013.07.15 19:38:17.171,0.8651,0.86521,3.00,1.50
2013.07.15 19:38:17.651,0.86512,0.86522,1.50,1.50
2013.07.15 19:38:17.891,0.8651,0.8652,1.50,1.50
2013.07.15 19:38:18.012,0.8651,0.86522,1.50,1.50
2013.07.15 19:38:18.191,0.8651,0.86522,1.50,3.00
2013.07.15 19:38:18.491,0.86511,0.86523,1.50,1.69
2013.07.15 19:38:20.852,0.86512,0.86523,1.50,1.69
2013.07.15 19:38:21.092,0.86513,0.86523,1.50,1.69
2013.07.15 19:38:22.401,0.86513,0.86523,1.50,1.50
2013.07.15 19:38:30.420,0.86513,0.86523,1.69,1.50
2013.07.15 19:38:33.701,0.86511,0.86523,2.44,2.25
2013.07.15 19:38:34.060,0.8651,0.86521,1.13,1.50
2013.07.15 19:38:34.550,0.86511,0.86523,1.50,2.25
2013.07.15 19:38:34.911,0.86512,0.86522,2.25,1.50
2013.07.15 19:38:35.031,0.86512,0.86522,2.25,1.50
2013.07.15 19:38:35.151,0.86513,0.86523,1.50,2.25
2013.07.15 19:38:35.511,0.86513,0.86523,1.50,1.50
2013.07.15 19:38:35.631,0.86513,0.86523,1.50,1.50
2013.07.15 19:38:35.991,0.86511,0.86521,1.69,1.50
2013.07.15 19:38:36.410,0.86511,0.86521,1.69,2.25
2013.07.15 19:38:36.590,0.86509,0.86519,2.07,1.50
2013.07.15 19:38:37.210,0.86509,0.86519,2.82,1.50
2013.07.15 19:38:38.680,0.86509,0.86519,2.44,1.50
2013.07.15 19:38:40.991,0.86512,0.86519,1.50,1.50
2013.07.15 19:38:41.230,0.86511,0.86522,1.50,1.50
2013.07.15 19:38:41.661,0.86511,0.86519,2.25,1.13
2013.07.15 19:38:41.961,0.86511,0.86519,1.50,1.13
2013.07.15 19:38:42.440,0.8651,0.86522,1.88,2.25
2013.07.15 19:38:42.740,0.8651,0.86522,2.07,1.50
2013.07.15 19:38:45.204,0.86508,0.86522,3.94,2.44
2013.07.15 19:38:45.275,0.8651,0.86522,1.50,2.44
2013.07.15 19:38:45.403,0.86508,0.8652,3.19,2.25
2013.07.15 19:38:45.582,0.86507,0.8652,4.50,2.25
2013.07.15 19:38:46.124,0.86507,0.86518,2.25,1.50
2013.07.15 19:38:46.673,0.86508,0.86518,1.50,1.50
2013.07.15 19:38:46.743,0.86508,0.86519,1.69,1.50
2013.07.15 19:38:46.873,0.86508,0.86521,1.69,3.00
2013.07.15 19:38:47.054,0.86507,0.8652,4.69,2.25
2013.07.15 19:38:47.289,0.86509,0.86519,1.13,1.50
2013.07.15 19:38:48.011,0.86509,0.86521,1.13,1.50
2013.07.15 19:38:48.089,0.86511,0.86521,1.50,1.50
2013.07.15 19:38:48.327,0.86511,0.86525,2.25,2.44
2013.07.15 19:38:48.881,0.86511,0.86525,2.25,1.69
2013.07.15 19:38:50.321,0.86511,0.86526,2.25,4.69
2013.07.15 19:38:50.707,0.8651,0.86523,5.25,1.50
2013.07.15 19:38:51.011,0.86511,0.86526,2.25,3.19
2013.07.15 19:38:51.811,0.86511,0.86524,2.25,1.88
2013.07.15 19:38:51.871,0.86509,0.86524,4.69,1.88
2013.07.15 19:38:52.410,0.8651,0.86525,1.69,1.69
2013.07.15 19:38:52.931,0.8651,0.86525,2.44,1.69
2013.07.15 19:38:54.322,0.8651,0.86525,2.44,1.69
2013.07.15 19:38:54.382,0.8651,0.86525,3.19,1.69
2013.07.15 19:38:55.651,0.86512,0.86526,2.25,2.44
2013.07.15 19:38:55.953,0.86511,0.86524,2.25,2.25
2013.07.15 19:38:57.600,0.86509,0.86523,2.44,1.50
2013.07.15 19:38:58.081,0.86508,0.86522,4.32,1.50
2013.07.15 19:38:58.260,0.8651,0.86523,1.50,1.88
2013.07.15 19:38:58.441,0.8651,0.86524,2.25,3.19
2013.07.15 19:38:58.982,0.8651,0.86523,1.50,1.13
2013.07.15 19:39:00.122,0.8651,0.86522,2.25,1.50
2013.07.15 19:39:00.670,0.86509,0.86523,1.69,2.44
2013.07.15 19:39:01.211,0.8651,0.86523,1.50,2.44
2013.07.15 19:39:01.331,0.8651,0.86523,3.00,2.44
2013.07.15 19:39:01.690,0.8651,0.86522,1.50,1.69
2013.07.15 19:39:01.871,0.86509,0.86522,1.69,2.07
2013.07.15 19:39:02.110,0.8651,0.86522,1.50,1.32
2013.07.15 19:39:02.290,0.8651,0.86522,1.50,1.32
2013.07.15 19:39:02.470,0.8651,0.86522,1.50,1.13
2013.07.15 19:39:02.651,0.86512,0.86522,2.25,1.13
2013.07.15 19:39:03.083,0.86511,0.86524,3.94,1.50
2013.07.15 19:39:03.860,0.86515,0.86528,3.00,3.57
2013.07.15 19:39:04.101,0.86516,0.86528,2.25,1.13
2013.07.15 19:39:04.640,0.86515,0.8653,3.75,2.25
2013.07.15 19:39:04.700,0.86515,0.8653,2.25,1.50
2013.07.15 19:39:05.422,0.86515,0.8653,3.75,1.50
2013.07.15 19:39:06.631,0.86516,0.8653,1.50,1.50
2013.07.15 19:39:06.754,0.86515,0.86528,2.25,1.50
2013.07.15 19:39:06.944,0.86513,0.86527,2.07,3.00
2013.07.15 19:39:07.480,0.86514,0.86527,1.69,2.25
2013.07.15 19:39:07.601,0.86516,0.86528,3.00,1.50
2013.07.15 19:39:07.661,0.86515,0.86528,2.25,2.25
2013.07.15 19:39:08.200,0.86514,0.86528,1.69,2.25
2013.07.15 19:39:08.741,0.86514,0.86528,2.44,3.00
2013.07.15 19:39:08.860,0.86515,0.86529,1.50,2.25
2013.07.15 19:39:09.581,0.86515,0.86528,2.25,1.50
2013.07.15 19:39:10.002,0.86516,0.86531,1.69,2.07
2013.07.15 19:39:11.323,0.86516,0.86531,1.69,2.07
2013.07.15 19:39:11.845,0.86516,0.86531,4.32,2.44
2013.07.15 19:39:12.115,0.86517,0.86529,1.69,2.25
2013.07.15 19:39:12.423,0.86517,0.8653,2.44,1.50
2013.07.15 19:39:12.902,0.86516,0.86529,3.19,1.50
2013.07.15 19:39:13.202,0.86515,0.86529,1.69,2.44
2013.07.15 19:39:13.382,0.86514,0.86528,1.69,3.00
2013.07.15 19:39:13.921,0.86514,0.86527,1.50,2.25
2013.07.15 19:39:15.642,0.86513,0.86525,1.69,1.13
2013.07.15 19:39:16.481,0.86514,0.86526,2.25,2.44
2013.07.15 19:39:16.991,0.86514,0.86526,2.25,1.69
2013.07.15 19:39:17.292,0.86512,0.86525,2.25,1.88
2013.07.15 19:39:17.412,0.86509,0.86522,2.44,1.13
2013.07.15 19:39:17.954,0.8651,0.86522,1.50,1.32
2013.07.15 19:39:18.203,0.86511,0.86526,2.25,3.57
2013.07.15 19:39:18.751,0.86511,0.86525,2.25,1.69
2013.07.15 19:39:18.811,0.86511,0.86526,4.50,3.19
2013.07.15 19:39:19.165,0.86514,0.86528,1.13,2.44
2013.07.15 19:39:19.853,0.86515,0.8653,1.50,4.69
2013.07.15 19:39:20.280,0.86515,0.86526,1.50,1.50
2013.07.15 19:39:20.640,0.86512,0.86524,3.19,2.25
2013.07.15 19:39:20.822,0.8651,0.86522,1.50,1.50
2013.07.15 19:39:21.361,0.86511,0.86522,1.50,1.13
2013.07.15 19:39:21.730,0.86512,0.86525,1.50,3.19
2013.07.15 19:39:22.271,0.86512,0.86526,2.25,2.44
2013.07.15 19:39:22.662,0.86512,0.86526,3.00,2.44
2013.07.15 19:39:23.023,0.8651,0.86521,3.00,1.50
2013.07.15 19:39:23.150,0.86509,0.86521,2.07,2.25
2013.07.15 19:39:23.210,0.86509,0.86521,2.82,1.50
2013.07.15 19:39:23.749,0.86512,0.86522,1.50,1.69
2013.07.15 19:39:24.253,0.86511,0.86524,1.50,2.07
2013.07.15 19:39:24.742,0.86513,0.86526,2.25,5.44
2013.07.15 19:39:24.921,0.86514,0.86526,1.50,1.69
2013.07.15 19:39:26.123,0.86513,0.86525,1.50,1.13
2013.07.15 19:39:26.502,0.86511,0.86525,3.19,6.00
2013.07.15 19:39:27.100,0.86511,0.86525,1.69,1.32
2013.07.15 19:39:27.640,0.86511,0.86525,3.19,1.69
2013.07.15 19:39:28.180,0.86511,0.86523,1.69,1.50
2013.07.15 19:39:28.481,0.86511,0.86524,3.19,1.69
2013.07.15 19:39:28.540,0.86511,0.86526,3.19,4.32
2013.07.15 19:39:29.082,0.86512,0.86526,3.19,2.82
2013.07.15 19:39:31.091,0.86512,0.86526,1.69,1.50
2013.07.15 19:39:32.621,0.86517,0.86528,1.88,5.44
2013.07.15 19:39:32.981,0.86519,0.86528,2.25,1.50
2013.07.15 19:39:33.341,0.86521,0.86531,3.00,3.00
2013.07.15 19:39:33.521,0.86521,0.86532,3.00,2.25
2013.07.15 19:39:33.820,0.86521,0.86534,3.00,2.25
2013.07.15 19:39:34.190,0.86521,0.86532,2.63,1.50
2013.07.15 19:39:34.370,0.86518,0.8653,2.44,1.50
2013.07.15 19:39:34.431,0.86517,0.8653,1.88,1.50
2013.07.15 19:39:34.970,0.86517,0.86529,1.88,1.69
2013.07.15 19:39:35.871,0.86517,0.86529,1.50,1.69
2013.07.15 19:39:36.172,0.86515,0.86526,1.13,1.50
2013.07.15 19:39:36.471,0.8651,0.86523,1.50,1.50
2013.07.15 19:39:36.890,0.8651,0.86525,1.50,1.13
2013.07.15 19:39:37.691,0.86509,0.86525,1.69,1.88
2013.07.15 19:39:37.991,0.8651,0.86522,1.50,2.44
2013.07.15 19:39:38.543,0.86511,0.86525,1.50,3.19
2013.07.15 19:39:38.840,0.86511,0.86526,2.25,2.44
2013.07.15 19:39:39.850,0.86511,0.86526,2.25,3.94
2013.07.15 19:39:43.400,0.86511,0.86525,1.50,3.19
2013.07.15 19:39:47.870,0.86511,0.86525,2.25,1.69
2013.07.15 19:39:48.882,0.86511,0.86522,1.50,1.50
2013.07.15 19:39:50.082,0.8651,0.86521,2.25,1.13
2013.07.15 19:39:50.501,0.8651,0.86522,1.50,1.50
2013.07.15 19:39:51.040,0.86509,0.86523,3.19,2.07
2013.07.15 19:39:54.861,0.8651,0.86523,2.25,1.69
2013.07.15 19:39:58.330,0.86511,0.86521,1.50,1.50
2013.07.15 19:39:58.451,0.86509,0.86521,1.50,2.44
2013.07.15 19:40:00.342,0.86508,0.86521,2.25,2.44
2013.07.15 19:40:04.137,0.86507,0.8652,1.69,2.44
2013.07.15 19:40:04.441,0.86509,0.86523,1.50,3.94
2013.07.15 19:40:04.743,0.8651,0.86525,3.75,3.94
2013.07.15 19:40:05.402,0.8651,0.86524,2.25,1.69
2013.07.15 19:40:05.940,0.8651,0.86524,2.25,3.19
2013.07.15 19:40:15.080,0.86508,0.86523,2.44,1.69
2013.07.15 19:40:18.411,0.86508,0.86524,1.69,3.19
2013.07.15 19:40:23.941,0.86508,0.86523,1.69,1.69
2013.07.15 19:40:24.300,0.86506,0.8652,2.25,2.07
2013.07.15 19:40:24.840,0.86505,0.86519,3.94,1.13
2013.07.15 19:40:31.461,0.86505,0.86518,2.44,1.32
2013.07.15 19:40:32.000,0.86505,0.86518,2.44,2.44
2013.07.15 19:40:38.382,0.86505,0.86519,2.44,5.44
2013.07.15 19:40:38.563,0.86506,0.8652,1.88,2.44
2013.07.15 19:40:38.801,0.86506,0.8652,3.75,2.44
2013.07.15 19:40:39.163,0.86509,0.86523,1.50,3.19
2013.07.15 19:40:40.350,0.86509,0.86523,1.50,1.69
2013.07.15 19:40:46.462,0.86512,0.86524,1.50,2.44
2013.07.15 19:40:46.642,0.86518,0.86526,1.50,6.00
2013.07.15 19:40:46.823,0.86519,0.86529,2.25,1.50
2013.07.15 19:40:47.132,0.86519,0.86531,1.50,1.69
2013.07.15 19:40:47.672,0.8652,0.86531,1.50,2.25
2013.07.15 19:40:59.532,0.86518,0.86533,3.19,3.75
2013.07.15 19:41:02.881,0.86518,0.86532,1.69,2.63
2013.07.15 19:41:03.420,0.86518,0.86532,1.69,2.82
2013.07.15 19:41:06.491,0.86517,0.8653,1.69,1.50
2013.07.15 19:41:08.190,0.86516,0.8653,2.44,1.50
2013.07.15 19:41:15.311,0.86515,0.86529,3.00,1.69
2013.07.15 19:41:15.371,0.86515,0.86529,1.50,1.69
2013.07.15 19:41:15.910,0.86515,0.86529,1.50,2.44
2013.07.15 19:41:16.671,0.86515,0.86527,1.50,1.50
2013.07.15 19:41:17.870,0.86515,0.86529,1.69,2.82
2013.07.15 19:41:18.410,0.86515,0.86529,1.69,2.07
2013.07.15 19:41:18.969,0.86515,0.86529,1.69,2.82
2013.07.15 19:41:19.510,0.86515,0.86529,1.69,2.07
2013.07.15 19:41:20.061,0.86515,0.86529,1.69,2.82
2013.07.15 19:41:20.481,0.86514,0.86526,1.50,1.50
2013.07.15 19:41:21.792,0.86511,0.86525,2.82,3.19
2013.07.15 19:41:21.912,0.8651,0.86524,3.00,1.50
2013.07.15 19:41:21.971,0.86509,0.86523,3.19,1.50
2013.07.15 19:41:22.511,0.86509,0.86523,1.69,1.50
2013.07.15 19:41:26.000,0.86507,0.8652,3.94,1.50
2013.07.15 19:41:26.241,0.86508,0.86522,1.50,2.82
2013.07.15 19:41:28.954,0.86509,0.86522,2.07,1.50
2013.07.15 19:41:33.123,0.86508,0.86522,2.44,1.88
2013.07.15 19:41:34.321,0.86508,0.86522,3.19,1.50
2013.07.15 19:41:34.851,0.8651,0.86522,1.13,1.50
2013.07.15 19:41:35.211,0.86511,0.86525,4.13,2.44
2013.07.15 19:41:36.841,0.86512,0.86524,1.88,1.50
2013.07.15 19:41:37.140,0.86511,0.86524,3.00,1.50
2013.07.15 19:41:40.581,0.86511,0.86525,2.25,1.69
2013.07.15 19:41:41.120,0.86512,0.86525,1.50,1.69
2013.07.15 19:41:41.660,0.86511,0.86525,2.25,1.69
2013.07.15 19:41:42.261,0.86512,0.86525,1.69,1.50
2013.07.15 19:41:43.964,0.86511,0.86525,2.44,2.07
2013.07.15 19:41:51.792,0.86511,0.86525,1.50,1.69
2013.07.15 19:41:52.336,0.86511,0.86525,2.44,1.50
2013.07.15 19:41:53.891,0.86512,0.86525,2.07,1.50
2013.07.15 19:41:53.951,0.86514,0.86525,1.13,1.50
2013.07.15 19:41:54.491,0.86514,0.86527,2.63,1.50
2013.07.15 19:41:55.041,0.86515,0.86527,2.25,1.50
2013.07.15 19:41:58.451,0.86515,0.86527,2.25,2.44
2013.07.15 19:41:59.170,0.86513,0.86526,1.69,1.69
2013.07.15 19:41:59.710,0.86513,0.86526,1.69,2.44
2013.07.15 19:42:00.380,0.86514,0.86527,1.50,2.07
2013.07.15 19:42:00.920,0.86514,0.86528,2.25,3.57
2013.07.15 19:42:08.772,0.86514,0.86527,1.69,1.50
2013.07.15 19:42:09.551,0.86516,0.8653,1.88,2.25
2013.07.15 19:42:10.100,0.86516,0.8653,1.88,3.00
2013.07.15 19:42:12.183,0.86516,0.8653,3.94,2.82
2013.07.15 19:42:13.380,0.86516,0.8653,1.69,3.94
2013.07.15 19:42:13.860,0.86514,0.86529,2.44,1.69
2013.07.15 19:42:22.860,0.86515,0.86527,2.25,1.50
2013.07.15 19:42:23.044,0.86514,0.86527,2.44,1.50
2013.07.15 19:42:23.590,0.86514,0.86528,3.94,1.32
2013.07.15 19:42:25.141,0.86514,0.86527,3.19,1.50
2013.07.15 19:42:48.871,0.86514,0.86527,1.69,1.13
2013.07.15 19:42:48.931,0.86514,0.86527,3.19,1.13
2013.07.15 19:42:55.811,0.86515,0.86528,1.50,1.50
2013.07.15 19:42:55.931,0.86514,0.8653,1.69,4.32
2013.07.15 19:42:56.701,0.86515,0.8653,1.50,2.82
2013.07.15 19:42:57.972,0.86515,0.86529,1.50,1.69
2013.07.15 19:43:04.671,0.86515,0.86529,1.69,1.69
2013.07.15 19:43:10.922,0.86514,0.86529,3.19,2.07
2013.07.15 19:43:12.091,0.86515,0.86529,1.69,1.32
2013.07.15 19:43:18.694,0.86515,0.8653,1.69,2.44
2013.07.15 19:43:29.080,0.86515,0.8653,1.69,5.82
2013.07.15 19:43:39.671,0.86514,0.86528,2.44,1.69
2013.07.15 19:43:39.792,0.86513,0.86526,3.38,1.13
2013.07.15 19:43:39.851,0.86513,0.86523,1.13,1.50
2013.07.15 19:43:40.271,0.86511,0.86523,1.50,1.50
2013.07.15 19:43:40.788,0.86508,0.86523,7.32,2.25
2013.07.15 19:43:42.804,0.86509,0.86523,1.69,2.82
2013.07.15 19:44:08.323,0.86509,0.86522,1.69,1.32
2013.07.15 19:44:14.604,0.8651,0.86523,1.50,3.19
2013.07.15 19:44:15.926,0.8651,0.86524,1.69,2.25
2013.07.15 19:44:16.173,0.86512,0.86525,1.50,1.13
2013.07.15 19:44:16.532,0.86511,0.86524,1.50,1.50
2013.07.15 19:44:19.585,0.8651,0.86522,1.69,1.50
2013.07.15 19:44:20.361,0.8651,0.86522,1.69,1.50
2013.07.15 19:44:21.182,0.86511,0.86523,1.69,3.00
2013.07.15 19:44:21.543,0.86513,0.86523,1.13,2.25
2013.07.15 19:44:21.732,0.86516,0.86527,1.13,1.50
2013.07.15 19:44:22.881,0.86517,0.86529,1.32,2.63
2013.07.15 19:44:23.421,0.86516,0.86528,1.69,2.25
2013.07.15 19:44:23.941,0.86517,0.86528,1.50,1.50
2013.07.15 19:44:24.482,0.86516,0.86529,3.00,1.50
2013.07.15 19:44:25.491,0.86517,0.8653,1.50,1.50
2013.07.15 19:44:34.142,0.86518,0.8653,1.50,1.50
2013.07.15 19:44:34.661,0.86518,0.8653,1.50,2.25
2013.07.15 19:44:36.801,0.86518,0.86531,1.50,1.50
2013.07.15 19:44:37.342,0.86516,0.86529,2.44,1.50
2013.07.15 19:44:37.461,0.86516,0.86529,1.69,2.25
2013.07.15 19:44:38.002,0.86515,0.86529,2.44,3.75
2013.07.15 19:44:39.240,0.86515,0.86528,2.44,1.50
2013.07.15 19:44:39.360,0.86515,0.86529,2.44,4.50
2013.07.15 19:44:39.976,0.86515,0.86529,2.44,3.75
2013.07.15 19:44:40.551,0.86515,0.86529,2.44,4.50
2013.07.15 19:44:41.064,0.86515,0.86527,1.69,1.50
2013.07.15 19:44:42.104,0.86514,0.86527,2.82,1.50
2013.07.15 19:44:42.611,0.86514,0.86527,2.07,3.00
2013.07.15 19:44:43.174,0.86514,0.86525,2.07,2.25
2013.07.15 19:44:43.361,0.86514,0.86526,1.32,1.50
2013.07.15 19:44:45.743,0.86512,0.86525,1.69,1.50
2013.07.15 19:44:45.921,0.86512,0.86525,1.69,3.00
2013.07.15 19:44:46.931,0.86512,0.86525,1.69,1.50
2013.07.15 19:44:47.621,0.86511,0.86525,2.82,1.50
2013.07.15 19:44:48.401,0.86511,0.86524,1.32,1.50
2013.07.15 19:44:48.941,0.86511,0.86524,2.07,1.50
2013.07.15 19:44:49.353,0.86511,0.86524,1.32,1.50
2013.07.15 19:44:50.391,0.86511,0.86525,2.07,3.00
2013.07.15 19:44:50.691,0.86511,0.86523,1.32,1.50
2013.07.15 19:44:51.271,0.8651,0.86523,2.82,1.50
2013.07.15 19:44:51.451,0.8651,0.86525,2.82,4.50
2013.07.15 19:44:52.021,0.86509,0.86523,3.19,1.13
2013.07.15 19:44:53.341,0.86509,0.86524,2.44,3.00
2013.07.15 19:44:54.371,0.86509,0.86524,2.44,3.38
2013.07.15 19:45:00.301,0.86509,0.86522,2.44,3.75
2013.07.15 19:45:00.602,0.86506,0.86522,2.07,6.00
2013.07.15 19:45:01.141,0.86506,0.86521,1.13,2.44
2013.07.15 19:45:01.683,0.86506,0.8652,1.13,1.69
2013.07.15 19:45:02.232,0.86506,0.8652,1.50,2.44
2013.07.15 19:45:03.143,0.86506,0.8652,1.50,2.82
2013.07.15 19:45:03.562,0.86506,0.86519,1.50,1.69
2013.07.15 19:45:03.923,0.86505,0.86516,2.25,1.50
2013.07.15 19:45:04.283,0.86503,0.86515,2.82,1.13
2013.07.15 19:45:04.636,0.86503,0.86515,1.13,2.07
2013.07.15 19:45:05.172,0.86501,0.86513,3.00,1.13
2013.07.15 19:45:05.794,0.86501,0.86513,3.00,2.25
2013.07.15 19:45:06.342,0.86501,0.86513,4.50,1.13
2013.07.15 19:45:06.881,0.86501,0.86514,5.25,1.69
2013.07.15 19:45:07.421,0.86501,0.86514,3.00,1.69
2013.07.15 19:45:09.148,0.86501,0.86513,3.00,1.50
2013.07.15 19:45:09.651,0.86501,0.86513,1.50,1.50
2013.07.15 19:45:10.291,0.865,0.86512,3.75,1.50
2013.07.15 19:45:10.835,0.865,0.86512,3.00,1.32
2013.07.15 19:45:11.203,0.865,0.8651,3.00,1.50
2013.07.15 19:45:11.645,0.86498,0.86511,2.44,1.88
2013.07.15 19:45:11.893,0.86497,0.86511,3.94,1.50
2013.07.15 19:45:12.143,0.86498,0.86511,2.25,2.44
2013.07.15 19:45:13.682,0.86498,0.86511,2.25,5.29
2013.07.15 19:45:14.341,0.86498,0.86511,2.25,4.92
2013.07.15 19:45:14.461,0.86498,0.86511,2.25,4.92
2013.07.15 19:45:15.131,0.86498,0.86511,2.25,2.82
2013.07.15 19:45:15.431,0.865,0.86512,3.75,1.69
2013.07.15 19:45:15.972,0.865,0.86513,3.75,2.44
2013.07.15 19:45:18.144,0.865,0.86514,4.50,1.69
2013.07.15 19:45:18.702,0.865,0.86512,2.25,1.50
2013.07.15 19:45:18.821,0.86498,0.86511,6.19,1.50
2013.07.15 19:45:19.484,0.86498,0.86511,5.44,2.25
2013.07.15 19:45:19.851,0.865,0.86511,2.25,1.50
2013.07.15 19:45:25.392,0.86498,0.86511,5.44,2.25
2013.07.15 19:45:25.932,0.865,0.86512,2.25,1.50
2013.07.15 19:45:26.111,0.86501,0.86515,1.50,3.00
2013.07.15 19:45:27.791,0.86501,0.86515,2.44,3.19
2013.07.15 19:45:28.961,0.86501,0.86515,2.44,3.75
2013.07.15 19:45:29.336,0.86502,0.86515,3.94,3.00
2013.07.15 19:45:29.881,0.86501,0.86514,2.44,1.13
2013.07.15 19:45:30.313,0.86501,0.86515,3.94,1.50
2013.07.15 19:45:30.672,0.86504,0.86516,2.25,2.44
2013.07.15 19:45:30.742,0.86504,0.86517,2.25,3.19
2013.07.15 19:45:30.861,0.86502,0.86517,2.25,3.19
2013.07.15 19:45:31.762,0.86502,0.86517,4.69,1.50
2013.07.15 19:45:33.184,0.86503,0.86517,1.69,2.25
2013.07.15 19:45:33.735,0.86504,0.86516,1.50,2.25
2013.07.15 19:45:39.333,0.86502,0.86515,3.19,1.13
2013.07.15 19:45:41.880,0.86501,0.86515,3.94,1.13
2013.07.15 19:45:42.872,0.86502,0.86515,3.19,1.13
2013.07.15 19:45:43.772,0.86502,0.86516,4.69,1.50
2013.07.15 19:45:51.912,0.86504,0.86517,1.50,1.69
2013.07.15 19:45:52.452,0.86504,0.86516,1.50,1.32
2013.07.15 19:45:52.573,0.86503,0.86516,2.44,2.07
2013.07.15 19:45:52.924,0.86502,0.86515,3.19,1.88
2013.07.15 19:45:53.498,0.86503,0.86515,1.69,1.88
2013.07.15 19:45:54.012,0.86501,0.86514,4.32,1.50
2013.07.15 19:45:59.391,0.86499,0.86512,3.19,1.50
2013.07.15 19:46:00.191,0.86499,0.86512,2.44,1.50
2013.07.15 19:46:01.092,0.86499,0.86512,2.25,2.44
2013.07.15 19:46:01.213,0.86499,0.8651,2.25,1.50
2013.07.15 19:46:01.751,0.86498,0.8651,2.63,2.44
2013.07.15 19:46:02.831,0.86498,0.8651,2.25,2.44
2013.07.15 19:46:04.732,0.86498,0.86508,2.25,1.69
2013.07.15 19:46:06.832,0.86498,0.86507,2.25,1.69
2013.07.15 19:46:07.311,0.86497,0.86507,1.13,1.69
2013.07.15 19:46:07.871,0.86497,0.86507,2.63,1.69
2013.07.15 19:46:09.111,0.86497,0.86507,1.13,2.44
2013.07.15 19:46:09.651,0.86497,0.86507,1.13,1.50
2013.07.15 19:46:10.522,0.86497,0.86508,1.13,2.29
2013.07.15 19:46:10.585,0.86499,0.86508,2.25,1.54
2013.07.15 19:46:11.131,0.86498,0.8651,3.75,3.19
2013.07.15 19:46:11.791,0.86498,0.86511,3.75,2.82
2013.07.15 19:46:12.861,0.86499,0.8651,2.25,1.69
2013.07.15 19:46:21.641,0.86499,0.86512,2.25,2.44
2013.07.15 19:46:46.813,0.86499,0.8651,2.25,1.69
2013.07.15 19:46:47.183,0.865,0.86513,2.25,1.69
2013.07.15 19:46:47.812,0.865,0.86514,2.25,2.82
2013.07.15 19:46:48.712,0.865,0.86514,2.25,2.82
2013.07.15 19:46:49.253,0.865,0.86512,2.25,1.50
2013.07.15 19:46:59.912,0.86499,0.86512,1.50,1.69
2013.07.15 19:46:59.972,0.86498,0.8651,3.00,1.50
2013.07.15 19:47:02.471,0.86498,0.86509,2.25,1.50
2013.07.15 19:47:10.874,0.86497,0.86509,3.00,1.69
2013.07.15 19:47:11.423,0.86497,0.86509,2.25,1.69
2013.07.15 19:47:11.962,0.86498,0.86508,2.25,1.50
2013.07.15 19:47:12.929,0.86499,0.86512,1.50,1.13
2013.07.15 19:47:13.602,0.86501,0.86513,2.25,1.69
2013.07.15 19:47:14.771,0.86501,0.86514,2.25,2.44
2013.07.15 19:47:15.371,0.865,0.86514,2.25,2.44
2013.07.15 19:47:15.982,0.865,0.86514,2.44,1.69
2013.07.15 19:47:16.221,0.86501,0.86514,2.25,1.69
2013.07.15 19:47:16.341,0.86499,0.86514,6.19,1.69
2013.07.15 19:47:16.582,0.86501,0.86514,2.25,1.69
2013.07.15 19:47:17.121,0.86502,0.86514,2.25,1.69
2013.07.15 19:47:17.361,0.86499,0.86514,6.19,1.69
2013.07.15 19:47:17.661,0.86502,0.86514,2.25,2.44
2013.07.15 19:47:17.901,0.86499,0.86514,5.44,2.44
2013.07.15 19:47:18.082,0.86501,0.86514,2.25,1.50
2013.07.15 19:47:18.621,0.865,0.86514,2.44,1.50
2013.07.15 19:47:19.161,0.86501,0.86514,2.25,1.50
2013.07.15 19:47:19.701,0.86502,0.86514,2.25,1.50
2013.07.15 19:47:19.841,0.865,0.86514,2.44,1.50
2013.07.15 19:47:20.081,0.86502,0.86513,2.25,2.25
2013.07.15 19:47:20.451,0.865,0.86511,2.44,1.13
2013.07.15 19:47:20.983,0.865,0.86511,2.25,1.88
2013.07.15 19:47:23.372,0.865,0.86509,2.25,1.50
2013.07.15 19:47:23.614,0.86499,0.8651,1.13,1.50
2013.07.15 19:47:23.733,0.86499,0.86509,1.13,1.50
2013.07.15 19:47:24.271,0.86497,0.86509,2.44,1.50
2013.07.15 19:47:24.391,0.86497,0.86509,2.44,1.50
2013.07.15 19:47:25.390,0.86498,0.86509,1.13,1.69
2013.07.15 19:47:28.311,0.86499,0.86509,2.25,1.69
2013.07.15 19:47:28.912,0.86498,0.86509,3.00,1.50
2013.07.15 19:47:33.321,0.86497,0.86509,2.25,1.50
2013.07.15 19:47:37.072,0.865,0.8651,2.25,1.50
2013.07.15 19:47:37.131,0.865,0.86511,2.25,3.00
2013.07.15 19:47:37.371,0.86498,0.86511,3.00,3.00
2013.07.15 19:47:37.431,0.86498,0.86511,3.00,3.00
2013.07.15 19:47:40.321,0.86498,0.86511,2.63,1.50
2013.07.15 19:47:40.383,0.865,0.86511,2.25,1.88
2013.07.15 19:47:41.561,0.86499,0.86511,2.25,1.88
2013.07.15 19:47:56.626,0.865,0.86512,2.25,1.13
2013.07.15 19:47:57.171,0.86499,0.86512,4.50,1.13
2013.07.15 19:48:10.877,0.86499,0.86511,2.25,1.50
2013.07.15 19:48:12.791,0.86498,0.86511,1.50,1.50
2013.07.15 19:48:12.972,0.86498,0.86509,1.50,1.50
2013.07.15 19:48:13.514,0.86497,0.86508,2.25,1.50
2013.07.15 19:48:14.026,0.86497,0.86508,2.25,1.50
2013.07.15 19:48:14.600,0.86497,0.86508,2.25,1.50
2013.07.15 19:48:16.157,0.86497,0.86508,2.44,1.50
2013.07.15 19:48:17.091,0.86496,0.86508,2.44,1.50
2013.07.15 19:48:17.391,0.86494,0.86506,3.19,1.50
2013.07.15 19:48:18.171,0.86491,0.86505,1.69,4.50
2013.07.15 19:48:19.082,0.8649,0.86503,3.94,1.13
2013.07.15 19:48:19.711,0.8649,0.86503,3.94,1.50
2013.07.15 19:48:20.241,0.86491,0.86502,1.69,1.13
2013.07.15 19:48:21.141,0.8649,0.86502,4.69,1.13
2013.07.15 19:48:31.141,0.8649,0.86503,3.19,1.13
2013.07.15 19:48:37.811,0.86491,0.86503,2.25,1.50
2013.07.15 19:48:38.351,0.8649,0.86503,2.44,1.50
2013.07.15 19:48:38.712,0.8649,0.86502,2.44,2.25
2013.07.15 19:48:38.834,0.86489,0.865,1.69,1.13
2013.07.15 19:48:39.384,0.8649,0.86503,1.13,2.63
2013.07.15 19:48:39.864,0.8649,0.86503,1.13,2.25
2013.07.15 19:48:40.411,0.8649,0.86504,4.32,2.25
2013.07.15 19:48:40.953,0.8649,0.86503,4.32,2.63
2013.07.15 19:48:43.571,0.86491,0.86502,1.69,1.50
2013.07.15 19:48:46.059,0.8649,0.86501,1.50,1.50
2013.07.15 19:48:51.137,0.8649,0.86502,1.50,1.50
2013.07.15 19:48:51.681,0.8649,0.86503,1.50,1.13
2013.07.15 19:48:52.223,0.8649,0.86503,1.69,1.13
2013.07.15 19:48:52.761,0.8649,0.86503,1.69,1.88
2013.07.15 19:48:53.301,0.8649,0.86503,2.44,1.88
2013.07.15 19:48:54.627,0.8649,0.86502,1.69,2.25
2013.07.15 19:48:55.174,0.86488,0.86502,2.82,3.00
2013.07.15 19:48:55.602,0.8649,0.86502,1.88,1.50
2013.07.15 19:48:55.664,0.8649,0.86504,1.88,1.50
2013.07.15 19:48:58.146,0.86491,0.86504,2.44,2.25
2013.07.15 19:49:00.323,0.86491,0.86503,1.69,1.50
2013.07.15 19:49:00.863,0.86492,0.86504,1.69,1.50
2013.07.15 19:49:01.762,0.86492,0.86505,2.44,1.50
2013.07.15 19:49:03.281,0.86492,0.86507,1.69,3.38
2013.07.15 19:49:03.809,0.86494,0.86507,2.25,2.63
2013.07.15 19:49:04.351,0.86494,0.86507,2.25,2.25
2013.07.15 19:49:06.572,0.86497,0.86508,2.25,1.50
2013.07.15 19:49:06.932,0.86498,0.86511,2.25,1.50
2013.07.15 19:49:07.471,0.86497,0.86512,3.19,3.00
2013.07.15 19:49:08.373,0.86497,0.86513,2.44,4.13
2013.07.15 19:49:08.672,0.86497,0.86512,2.44,1.50
2013.07.15 19:49:08.912,0.86497,0.8651,2.44,1.50
2013.07.15 19:49:09.452,0.86497,0.86508,1.50,1.88
2013.07.15 19:49:09.992,0.86496,0.86507,1.69,1.50
2013.07.15 19:49:11.313,0.86495,0.86507,3.19,1.50
2013.07.15 19:49:12.208,0.86496,0.86507,1.69,1.50
2013.07.15 19:49:12.702,0.86495,0.86509,3.94,2.25
2013.07.15 19:49:12.762,0.86497,0.86509,2.25,2.25
2013.07.15 19:49:15.802,0.86497,0.86509,2.25,2.25
2013.07.15 19:49:20.653,0.86495,0.86509,3.00,3.75
2013.07.15 19:49:23.422,0.86498,0.86509,2.25,1.50
2013.07.15 19:49:35.935,0.86498,0.8651,2.25,1.88
2013.07.15 19:49:36.457,0.86498,0.86511,2.25,3.75
2013.07.15 19:49:37.291,0.86498,0.86511,2.25,1.50
2013.07.15 19:49:38.593,0.86498,0.86511,2.25,1.50
2013.07.15 19:49:47.394,0.86498,0.86509,2.25,2.07
2013.07.15 19:49:57.683,0.86498,0.86508,2.25,1.69
2013.07.15 19:49:58.086,0.86496,0.86507,2.25,1.69
2013.07.15 19:49:58.392,0.86494,0.86507,3.00,2.44
2013.07.15 19:49:58.632,0.86494,0.86506,1.50,1.69
2013.07.15 19:50:00.182,0.86492,0.86505,3.00,1.50
2013.07.15 19:50:00.727,0.86492,0.86504,3.00,1.69
2013.07.15 19:50:01.153,0.86495,0.86506,2.25,3.19
2013.07.15 19:50:01.273,0.86495,0.86508,2.25,2.07
2013.07.15 19:50:01.513,0.86495,0.86508,2.25,3.19
2013.07.15 19:50:03.692,0.86495,0.86506,3.00,1.50
2013.07.15 19:50:04.112,0.86494,0.86505,2.25,1.50
2013.07.15 19:50:04.652,0.86492,0.86504,3.19,2.25
2013.07.15 19:50:08.972,0.86492,0.86503,2.25,1.50
2013.07.15 19:50:09.392,0.86492,0.86505,2.25,3.19
2013.07.15 19:50:10.132,0.86493,0.86506,1.13,2.44
2013.07.15 19:50:11.082,0.86493,0.86506,2.63,2.44
2013.07.15 19:50:11.203,0.86493,0.86505,2.25,2.07
2013.07.15 19:50:12.642,0.86494,0.86503,2.25,1.69
2013.07.15 19:50:13.154,0.86493,0.86503,2.25,1.69
2013.07.15 19:50:14.152,0.86494,0.86502,2.25,1.50
2013.07.15 19:50:14.348,0.86492,0.86502,2.25,1.50
2013.07.15 19:50:19.882,0.86494,0.86504,2.25,2.82
2013.07.15 19:50:20.421,0.86493,0.86502,2.25,1.50
2013.07.15 19:50:21.204,0.86492,0.86502,2.25,1.50
2013.07.15 19:50:21.752,0.86493,0.86503,2.25,1.69
2013.07.15 19:50:30.887,0.86492,0.86503,2.25,1.69
2013.07.15 19:50:31.073,0.86491,0.86503,2.25,1.69
2013.07.15 19:50:31.611,0.86491,0.86503,4.50,1.69
2013.07.15 19:50:31.671,0.86491,0.86503,2.25,1.69
2013.07.15 19:50:31.851,0.86492,0.86503,2.25,1.69
2013.07.15 19:50:32.091,0.86491,0.86503,2.25,2.07
2013.07.15 19:50:32.391,0.86492,0.86503,2.25,2.44
2013.07.15 19:50:32.631,0.86491,0.86503,3.00,2.82
2013.07.15 19:50:32.871,0.86492,0.86503,2.25,2.44
2013.07.15 19:50:33.051,0.86491,0.86503,2.25,2.44
2013.07.15 19:50:33.411,0.86491,0.86503,3.00,2.44
2013.07.15 19:50:33.951,0.86492,0.86503,2.25,2.44
2013.07.15 19:50:34.491,0.86492,0.86503,2.25,2.44
2013.07.15 19:50:34.612,0.86491,0.86503,1.50,2.82
2013.07.15 19:50:34.851,0.86492,0.86503,2.25,2.44
2013.07.15 19:50:35.152,0.86491,0.86503,1.50,2.82
2013.07.15 19:50:35.392,0.86491,0.86503,2.25,2.44
2013.07.15 19:50:35.631,0.8649,0.86503,3.38,2.44
2013.07.15 19:50:35.811,0.86492,0.86503,2.25,2.44
2013.07.15 19:50:36.171,0.8649,0.86503,4.13,2.82
2013.07.15 19:50:36.712,0.8649,0.86503,3.38,2.82
2013.07.15 19:50:36.831,0.86492,0.86503,2.25,2.82
2013.07.15 19:50:37.131,0.8649,0.86503,3.38,2.82
2013.07.15 19:50:37.671,0.8649,0.86503,4.13,2.82
2013.07.15 19:50:38.211,0.8649,0.86503,1.88,2.44
2013.07.15 19:50:38.331,0.86491,0.86503,2.25,2.44
2013.07.15 19:50:38.871,0.8649,0.86503,3.38,2.44
2013.07.15 19:50:39.411,0.86491,0.86503,2.25,2.44
2013.07.15 19:50:39.951,0.86492,0.86503,2.25,2.44
2013.07.15 19:50:40.131,0.8649,0.86503,3.38,2.82
2013.07.15 19:50:40.911,0.86492,0.86503,2.25,2.44
2013.07.15 19:50:41.091,0.86491,0.86503,1.50,2.44
2013.07.15 19:50:41.331,0.86492,0.86503,2.25,2.44
2013.07.15 19:50:41.631,0.86491,0.86503,1.50,2.82
2013.07.15 19:50:41.871,0.86492,0.86503,2.25,2.82
2013.07.15 19:50:42.111,0.86491,0.86503,1.50,2.82
2013.07.15 19:50:42.891,0.86491,0.86503,3.00,2.44
2013.07.15 19:50:43.621,0.86491,0.86503,1.50,2.44
2013.07.15 19:50:44.401,0.86492,0.86503,2.25,2.44
2013.07.15 19:50:44.641,0.86491,0.86503,1.50,2.82
2013.07.15 19:50:44.821,0.86492,0.86503,2.25,2.82
2013.07.15 19:50:45.062,0.86491,0.86503,1.50,2.44
2013.07.15 19:50:45.422,0.86492,0.86503,2.25,2.44
2013.07.15 19:50:45.601,0.86491,0.86503,2.25,2.82
2013.07.15 19:50:45.842,0.86492,0.86503,2.25,2.44
2013.07.15 19:50:46.141,0.86491,0.86503,2.25,2.82
2013.07.15 19:50:46.382,0.86492,0.86503,2.25,2.44
2013.07.15 19:50:46.621,0.86491,0.86503,2.25,2.44
2013.07.15 19:50:47.162,0.86491,0.86503,1.50,2.44
2013.07.15 19:50:47.402,0.86492,0.86503,2.25,1.69
2013.07.15 19:50:47.641,0.86491,0.86503,1.50,1.69
2013.07.15 19:50:47.941,0.86491,0.86503,3.00,1.69
2013.07.15 19:50:48.601,0.86491,0.86503,2.25,2.07
2013.07.15 19:50:48.961,0.86492,0.86503,2.25,1.69
2013.07.15 19:50:49.142,0.86491,0.86503,1.50,2.07
2013.07.15 19:50:49.383,0.86491,0.86503,3.00,1.69
2013.07.15 19:50:50.102,0.86491,0.86503,1.50,1.69
2013.07.15 19:50:50.353,0.86492,0.86503,2.25,1.69
2013.07.15 19:50:50.591,0.86491,0.86503,1.50,1.69
2013.07.15 19:50:50.892,0.86491,0.86503,3.00,1.69
2013.07.15 19:50:51.431,0.86492,0.86503,2.25,1.69
2013.07.15 19:50:51.657,0.86491,0.86503,1.50,1.69
2013.07.15 19:50:51.911,0.86491,0.86503,3.00,1.69
2013.07.15 19:50:52.091,0.86491,0.86503,1.50,2.07
2013.07.15 19:50:52.331,0.86491,0.86503,3.00,2.44
2013.07.15 19:50:52.871,0.86492,0.86503,2.25,1.69
2013.07.15 19:50:53.111,0.86491,0.86503,1.50,1.69
2013.07.15 19:50:53.651,0.86491,0.86503,1.50,2.07
2013.07.15 19:50:53.891,0.86491,0.86503,3.00,1.69
2013.07.15 19:50:54.431,0.86492,0.86503,2.25,1.69
2013.07.15 19:50:54.611,0.86491,0.86503,1.50,1.69
2013.07.15 19:50:56.081,0.86491,0.86502,3.00,1.50
2013.07.15 19:50:56.388,0.86491,0.86503,1.50,1.69
2013.07.15 19:50:56.631,0.86491,0.86502,3.00,1.50
2013.07.15 19:50:56.811,0.86491,0.86503,1.50,1.69
2013.07.15 19:50:57.056,0.86491,0.86503,3.00,2.44
2013.07.15 19:50:57.361,0.86491,0.86503,1.50,1.69
2013.07.15 19:50:57.601,0.86492,0.86503,2.25,2.44
2013.07.15 19:50:57.841,0.86491,0.86503,1.50,1.69
2013.07.15 19:50:58.141,0.86492,0.86502,2.25,1.50
2013.07.15 19:50:58.352,0.86491,0.86503,1.50,1.69
2013.07.15 19:50:58.592,0.86492,0.86502,2.25,1.50
2013.07.15 19:50:58.831,0.86491,0.86503,1.50,1.69
2013.07.15 19:50:59.611,0.86491,0.86503,3.00,3.19
2013.07.15 19:50:59.912,0.86491,0.86503,1.50,2.44
2013.07.15 19:51:00.151,0.86491,0.86503,3.00,2.44
2013.07.15 19:51:00.331,0.86491,0.86503,1.50,2.07
2013.07.15 19:51:00.582,0.86492,0.86503,2.25,3.19
2013.07.15 19:51:00.881,0.86491,0.86503,1.50,2.44
2013.07.15 19:51:01.121,0.86491,0.86502,3.00,1.50
2013.07.15 19:51:01.361,0.86491,0.86503,1.50,1.69
2013.07.15 19:51:01.542,0.86491,0.86503,3.75,2.82
2013.07.15 19:51:02.082,0.86491,0.86503,1.50,2.82
2013.07.15 19:51:02.621,0.86489,0.86503,3.94,4.32
2013.07.15 19:51:03.101,0.86491,0.86502,2.25,1.69
2013.07.15 19:51:03.341,0.86489,0.86503,3.94,2.82
2013.07.15 19:51:03.641,0.86491,0.86503,2.25,3.57
2013.07.15 19:51:03.881,0.86489,0.86503,3.94,2.82
2013.07.15 19:51:04.121,0.86492,0.86503,2.25,3.57
2013.07.15 19:51:04.301,0.8649,0.86503,2.25,2.82
2013.07.15 19:51:04.661,0.86492,0.86502,2.25,1.69
2013.07.15 19:51:04.841,0.8649,0.86503,2.25,2.44
2013.07.15 19:51:05.621,0.86491,0.86502,2.25,1.69
2013.07.15 19:51:05.864,0.86489,0.86503,3.57,2.44
2013.07.15 19:51:06.108,0.86492,0.86502,2.25,1.50
2013.07.15 19:51:06.412,0.86489,0.86503,2.82,1.69
2013.07.15 19:51:06.651,0.86491,0.86502,2.25,1.50
2013.07.15 19:51:07.371,0.86489,0.86503,4.32,2.07
2013.07.15 19:51:07.611,0.86491,0.86503,2.25,2.82
2013.07.15 19:51:08.161,0.86492,0.86503,2.25,1.69
2013.07.15 19:51:08.405,0.8649,0.86503,2.25,1.69
2013.07.15 19:51:08.591,0.86492,0.86503,2.25,2.44
2013.07.15 19:51:08.831,0.86489,0.86503,3.94,1.69
2013.07.15 19:51:09.131,0.86491,0.86503,2.25,1.69
2013.07.15 19:51:09.791,0.8649,0.86503,2.25,1.69
2013.07.15 19:51:10.151,0.86492,0.86503,2.25,1.69
2013.07.15 19:51:10.391,0.8649,0.86503,2.25,2.07
2013.07.15 19:51:11.121,0.86492,0.86503,2.25,2.44
2013.07.15 19:51:11.361,0.86489,0.86503,3.57,1.69
2013.07.15 19:51:11.601,0.86492,0.86502,2.25,1.50
2013.07.15 19:51:11.901,0.8649,0.86503,2.25,2.07
2013.07.15 19:51:12.561,0.86491,0.86503,2.25,3.19
2013.07.15 19:51:13.101,0.86492,0.86503,2.25,3.94
2013.07.15 19:51:13.341,0.8649,0.86503,2.25,2.82
2013.07.15 19:51:13.641,0.86492,0.86503,2.25,2.44
2013.07.15 19:51:13.881,0.86491,0.86503,1.50,2.44
2013.07.15 19:51:14.662,0.86491,0.86503,3.00,3.19
2013.07.15 19:51:15.202,0.86492,0.86503,2.25,1.69
2013.07.15 19:51:15.861,0.86492,0.86504,2.25,2.44
2013.07.15 19:51:22.222,0.86492,0.86503,2.25,1.69
2013.07.15 19:51:22.342,0.86492,0.86503,2.25,1.69
2013.07.15 19:51:22.582,0.86491,0.86503,1.50,1.69
2013.07.15 19:51:22.881,0.86492,0.86504,2.25,3.94
2013.07.15 19:51:23.621,0.86492,0.86503,2.25,1.50
2013.07.15 19:51:33.973,0.86492,0.86506,2.63,4.35
2013.07.15 19:51:34.032,0.86492,0.86506,2.63,4.35
2013.07.15 19:51:34.213,0.86492,0.86506,2.82,2.63
2013.07.15 19:51:34.392,0.86493,0.86505,2.25,1.50
2013.07.15 19:51:34.931,0.86492,0.86504,3.19,1.50
2013.07.15 19:51:35.472,0.86492,0.86506,2.44,3.75
2013.07.15 19:51:38.741,0.86492,0.86506,3.19,2.63
2013.07.15 19:51:40.603,0.86493,0.86506,2.44,3.38
2013.07.15 19:51:41.143,0.86494,0.86507,2.44,2.25
2013.07.15 19:51:41.644,0.86494,0.86508,2.82,1.88
2013.07.15 19:52:06.452,0.86495,0.86507,1.69,1.50
2013.07.15 19:52:06.691,0.86494,0.86507,2.07,2.25
2013.07.15 19:52:08.211,0.86494,0.86506,1.69,2.63
2013.07.15 19:52:08.732,0.86493,0.86506,3.94,1.88
2013.07.15 19:52:10.881,0.86494,0.86507,3.19,1.50
2013.07.15 19:52:11.549,0.86494,0.86508,2.44,3.00
2013.07.15 19:52:26.543,0.86495,0.86509,1.69,3.00
2013.07.15 19:52:26.603,0.86495,0.86508,3.19,1.13
2013.07.15 19:52:26.963,0.86494,0.86506,1.69,1.50
2013.07.15 19:52:27.379,0.86495,0.86506,2.25,1.50
2013.07.15 19:52:33.725,0.86495,0.86507,2.25,1.50
2013.07.15 19:52:38.243,0.86495,0.86508,3.00,1.50
2013.07.15 19:52:38.422,0.86495,0.86508,2.25,1.50
2013.07.15 19:52:38.902,0.86494,0.86508,2.44,1.50
2013.07.15 19:52:40.762,0.86494,0.86505,2.44,1.50
2013.07.15 19:52:41.971,0.86494,0.86507,2.44,1.13
2013.07.15 19:52:55.711,0.86494,0.86508,3.19,2.25
2013.07.15 19:52:56.075,0.86496,0.86509,2.44,1.50
2013.07.15 19:52:56.144,0.86496,0.8651,2.44,1.50
2013.07.15 19:52:57.082,0.86496,0.8651,2.44,3.75
2013.07.15 19:52:57.708,0.86495,0.86509,3.19,1.13
2013.07.15 19:53:00.882,0.86496,0.86508,2.44,1.13
2013.07.15 19:53:19.697,0.86496,0.86507,2.44,1.50
2013.07.15 19:53:20.182,0.86494,0.86506,3.19,1.50
2013.07.15 19:53:34.373,0.86494,0.86507,2.82,1.50
2013.07.15 19:53:34.912,0.86494,0.86504,1.13,1.50
2013.07.15 19:53:36.974,0.86493,0.86503,2.25,1.50
2013.07.15 19:53:40.372,0.86492,0.86503,2.44,1.50
2013.07.15 19:53:40.934,0.86492,0.86503,2.44,1.50
2013.07.15 19:54:04.632,0.86492,0.86503,2.25,2.25
2013.07.15 19:54:09.732,0.86493,0.86505,1.50,1.50
2013.07.15 19:54:09.858,0.86493,0.86505,1.50,1.50
2013.07.15 19:54:10.175,0.86495,0.86505,3.00,1.50
2013.07.15 19:54:10.722,0.86494,0.86506,1.69,2.25
2013.07.15 19:54:11.263,0.86495,0.86506,1.69,1.50
2013.07.15 19:54:11.803,0.86495,0.86506,1.69,1.50
2013.07.15 19:54:11.922,0.86495,0.86508,1.69,1.50
2013.07.15 19:54:12.601,0.86495,0.86507,1.69,1.50
2013.07.15 19:54:13.123,0.86495,0.8651,1.69,3.75
2013.07.15 19:54:13.664,0.86495,0.86509,1.69,2.25
2013.07.15 19:54:14.662,0.86495,0.86508,1.69,1.88
2013.07.15 19:54:16.072,0.86495,0.86507,1.69,1.50
2013.07.15 19:54:19.813,0.86495,0.86507,2.07,1.50
2013.07.15 19:54:22.853,0.86496,0.86508,1.50,2.25
2013.07.15 19:54:22.912,0.86496,0.86508,1.50,2.25
2013.07.15 19:54:23.451,0.86496,0.86509,1.50,1.50
2013.07.15 19:54:32.332,0.86496,0.86509,1.50,1.50
2013.07.15 19:54:32.571,0.86496,0.86509,1.50,2.25
2013.07.15 19:54:33.206,0.86496,0.86508,1.69,2.25
2013.07.15 19:54:35.144,0.86496,0.86508,2.44,1.50
2013.07.15 19:54:35.682,0.86497,0.8651,2.44,2.25
2013.07.15 19:54:36.542,0.86497,0.86509,1.69,2.25
2013.07.15 19:54:38.289,0.86497,0.86509,1.69,1.50
2013.07.15 19:54:38.712,0.86498,0.8651,1.69,1.50
2013.07.15 19:54:39.252,0.86498,0.8651,1.69,1.50
2013.07.15 19:54:39.312,0.86498,0.8651,1.69,2.25
2013.07.15 19:54:42.322,0.86497,0.86509,1.69,1.13
2013.07.15 19:54:43.984,0.86497,0.86509,1.69,1.13
2013.07.15 19:54:45.249,0.86497,0.86509,1.69,1.50
2013.07.15 19:54:45.612,0.86498,0.86511,3.94,1.50
2013.07.15 19:54:45.792,0.86498,0.86513,4.69,2.25
2013.07.15 19:54:46.332,0.865,0.86513,1.69,1.50
2013.07.15 19:54:47.912,0.865,0.86514,2.44,2.44
2013.07.15 19:54:52.341,0.86499,0.86513,2.82,1.32
2013.07.15 19:54:52.402,0.86499,0.86512,3.94,1.13
2013.07.15 19:54:52.762,0.86499,0.86509,3.94,1.50
2013.07.15 19:54:53.312,0.865,0.86509,1.69,1.50
2013.07.15 19:54:56.231,0.86499,0.86509,3.19,1.50
2013.07.15 19:54:59.892,0.86499,0.86512,3.94,1.50
2013.07.15 19:55:00.385,0.865,0.8651,1.69,1.50
2013.07.15 19:55:00.922,0.86499,0.8651,1.69,1.50
2013.07.15 19:55:06.923,0.865,0.8651,3.94,1.50
2013.07.15 19:55:10.113,0.865,0.8651,2.25,1.50
2013.07.15 19:55:10.652,0.865,0.8651,1.50,1.50
2013.07.15 19:55:11.663,0.865,0.8651,2.25,1.50
2013.07.15 19:55:11.724,0.865,0.86512,2.25,3.00
2013.07.15 19:55:12.022,0.86501,0.86512,1.50,1.50
2013.07.15 19:55:12.083,0.86501,0.86512,1.50,1.50
2013.07.15 19:55:27.794,0.86499,0.86513,1.69,1.69
2013.07.15 19:55:27.973,0.86499,0.86513,1.69,2.44
2013.07.15 19:55:28.512,0.86499,0.86512,2.44,1.50
2013.07.15 19:55:29.772,0.86499,0.86513,2.25,3.19
2013.07.15 19:55:30.892,0.86498,0.86513,3.00,3.94
2013.07.15 19:55:38.302,0.86498,0.86513,3.19,2.44
2013.07.15 19:55:50.152,0.86499,0.86513,1.13,3.19
2013.07.15 19:55:50.662,0.86499,0.86513,1.88,2.44
2013.07.15 19:55:51.933,0.86499,0.86513,1.13,3.57
2013.07.15 19:55:52.491,0.86499,0.86513,1.13,3.19
2013.07.15 19:55:55.782,0.86499,0.86513,1.13,3.19
2013.07.15 19:56:01.033,0.86498,0.86511,3.00,1.50
2013.07.15 19:56:17.142,0.86497,0.86512,4.32,5.07
2013.07.15 19:56:21.682,0.86498,0.86512,2.44,1.69
2013.07.15 19:56:28.382,0.86498,0.86511,2.25,1.69
2013.07.15 19:56:28.936,0.865,0.86511,1.50,1.69
2013.07.15 19:56:30.313,0.865,0.86513,1.50,1.69
2013.07.15 19:56:30.552,0.86501,0.86514,1.50,2.44
2013.07.15 19:56:30.672,0.86502,0.86515,1.50,1.69
2013.07.15 19:56:38.152,0.86501,0.86515,2.44,2.07
2013.07.15 19:56:38.332,0.86501,0.86513,1.50,1.50
2013.07.15 19:56:38.816,0.86499,0.86512,1.13,3.00
2013.07.15 19:56:39.372,0.86497,0.8651,2.82,1.50
2013.07.15 19:56:41.112,0.86497,0.8651,2.63,1.69
2013.07.15 19:56:47.767,0.86499,0.86512,1.88,1.50
2013.07.15 19:56:47.894,0.86499,0.86513,1.88,1.50
2013.07.15 19:56:49.652,0.86503,0.86515,1.13,1.50
2013.07.15 19:56:52.242,0.86503,0.86515,2.25,2.25
2013.07.15 19:56:52.603,0.865,0.86514,4.69,1.50
2013.07.15 19:56:53.112,0.865,0.86514,2.25,1.50
2013.07.15 19:56:53.632,0.865,0.86514,1.50,2.25
2013.07.15 19:56:55.213,0.86498,0.86513,4.69,1.50
2013.07.15 19:56:59.052,0.86499,0.86514,3.19,1.69
2013.07.15 19:56:59.592,0.865,0.86514,1.50,1.69
2013.07.15 19:57:03.138,0.86499,0.86514,3.94,1.69
2013.07.15 19:57:07.662,0.86499,0.86514,1.50,3.19
2013.07.15 19:57:10.361,0.86499,0.86514,1.50,3.19
2013.07.15 19:57:12.402,0.86498,0.86512,1.69,1.13
2013.07.15 19:57:14.492,0.86498,0.86512,1.69,3.57
2013.07.15 19:57:16.868,0.86495,0.86509,3.94,1.69
2013.07.15 19:57:17.483,0.86496,0.86509,2.44,1.69
2013.07.15 19:57:18.422,0.86499,0.8651,1.50,1.69
2013.07.15 19:57:18.962,0.86499,0.86511,1.50,1.13
2013.07.15 19:57:20.062,0.86499,0.86511,1.50,1.13
2013.07.15 19:57:20.822,0.86499,0.86511,1.50,1.32
2013.07.15 19:57:27.142,0.86498,0.86512,1.69,2.44
2013.07.15 19:57:28.194,0.86496,0.8651,2.82,1.69
2013.07.15 19:57:29.900,0.86496,0.86509,3.19,1.50
2013.07.15 19:57:34.613,0.86497,0.8651,1.69,1.69
2013.07.15 19:57:37.823,0.86499,0.86511,1.50,1.69
2013.07.15 19:57:38.063,0.86501,0.86513,1.13,3.19
2013.07.15 19:57:38.782,0.86501,0.86513,1.13,2.44
2013.07.15 19:57:38.962,0.86498,0.86511,2.82,1.50
2013.07.15 19:57:50.652,0.86498,0.8651,1.50,1.50
2013.07.15 19:57:55.932,0.86498,0.86512,3.19,2.44
2013.07.15 19:58:00.783,0.86498,0.86512,5.07,3.19
2013.07.15 19:58:00.903,0.86503,0.86514,1.50,2.82
2013.07.15 19:58:01.323,0.86503,0.86514,5.25,1.50
2013.07.15 19:58:02.222,0.86504,0.86519,2.25,2.44
2013.07.15 19:58:02.762,0.86505,0.86519,1.50,1.69
2013.07.15 19:58:03.283,0.86505,0.8652,1.69,2.44
2013.07.15 19:58:05.492,0.86505,0.86519,1.69,1.32
2013.07.15 19:58:06.103,0.86505,0.8652,2.44,3.19
2013.07.15 19:58:08.013,0.86504,0.86518,2.44,2.44
2013.07.15 19:58:08.073,0.86504,0.86518,2.44,2.44
2013.07.15 19:58:08.991,0.86502,0.86518,2.44,3.94
2013.07.15 19:58:10.322,0.86502,0.86517,2.25,1.32
2013.07.15 19:58:11.463,0.86502,0.86517,2.25,2.44
2013.07.15 19:58:15.713,0.86503,0.86517,1.50,3.19
2013.07.15 19:58:16.763,0.86503,0.86517,1.32,1.32
2013.07.15 19:58:20.403,0.86503,0.86517,1.69,1.69
2013.07.15 19:58:23.762,0.86502,0.86518,2.44,5.07
2013.07.15 19:58:27.432,0.86502,0.86518,2.07,3.19
2013.07.15 19:59:00.245,0.86504,0.86517,2.25,1.50
2013.07.15 19:59:00.793,0.86505,0.86519,1.13,2.44
2013.07.15 19:59:01.094,0.86505,0.86518,1.13,2.44
2013.07.15 19:59:01.439,0.86505,0.86519,1.13,1.69
2013.07.15 19:59:02.159,0.86505,0.86518,1.88,2.25
2013.07.15 19:59:02.943,0.86505,0.86519,1.88,1.69
2013.07.15 19:59:03.423,0.86506,0.86519,1.32,1.69
2013.07.15 19:59:03.962,0.86506,0.8652,1.32,1.32
2013.07.15 19:59:11.208,0.86508,0.86522,2.44,3.19
2013.07.15 19:59:12.754,0.86508,0.86522,2.44,3.19
2013.07.15 19:59:14.316,0.86509,0.86522,1.13,3.19
2013.07.15 19:59:19.652,0.86511,0.86522,2.63,3.19
2013.07.15 19:59:19.832,0.86511,0.86523,2.63,1.50
2013.07.15 19:59:20.492,0.86511,0.86524,2.63,3.19
2013.07.15 19:59:22.893,0.86511,0.86524,1.32,3.94
2013.07.15 19:59:30.393,0.86511,0.86521,2.25,1.50
2013.07.15 19:59:30.516,0.86511,0.86524,2.25,1.50
2013.07.15 19:59:30.645,0.86511,0.86524,1.50,2.25
2013.07.15 19:59:30.823,0.86511,0.86524,1.50,2.25
2013.07.15 19:59:31.364,0.8651,0.86521,2.44,2.25
2013.07.15 19:59:31.664,0.8651,0.86522,1.69,1.50
2013.07.15 19:59:31.845,0.8651,0.86522,1.69,1.50
2013.07.15 19:59:35.003,0.86511,0.86523,2.07,1.50
2013.07.15 19:59:37.913,0.86511,0.86523,1.32,1.50
2013.07.15 19:59:38.452,0.8651,0.86523,3.19,1.50
2013.07.15 19:59:40.223,0.86511,0.86523,1.32,1.50
2013.07.15 19:59:40.343,0.86513,0.86523,1.13,1.50
2013.07.15 19:59:40.885,0.86513,0.86526,1.32,3.75
2013.07.15 19:59:41.943,0.86513,0.86525,1.32,1.50
2013.07.15 19:59:42.502,0.86513,0.86525,1.32,1.50
2013.07.15 19:59:43.174,0.86513,0.86525,1.32,2.25
2013.07.15 19:59:46.292,0.86513,0.86525,1.32,3.00
2013.07.15 19:59:49.153,0.86514,0.86525,1.50,2.63
2013.07.15 19:59:49.393,0.86515,0.86525,1.50,1.13
2013.07.15 19:59:49.933,0.86514,0.86525,2.25,1.13
2013.07.15 19:59:54.722,0.86516,0.86525,3.00,1.50
2013.07.15 19:59:54.963,0.86516,0.86526,3.00,1.05
2013.07.15 19:59:55.142,0.86514,0.86526,3.94,1.80
2013.07.15 19:59:55.752,0.86515,0.86526,1.69,2.55
2013.07.15 19:59:59.152,0.86515,0.86526,2.07,1.50
2013.07.15 19:59:59.392,0.86516,0.86528,2.44,1.99
