2014.01.06 21:00:00.381,0.83131,0.83137,1.13,0.75
2014.01.06 21:00:01.157,0.83131,0.83139,1.88,0.75
2014.01.06 21:00:01.512,0.83129,0.83137,1.13,0.75
2014.01.06 21:00:04.452,0.8313,0.83138,0.75,1.50
2014.01.06 21:00:04.755,0.83128,0.83136,1.13,0.75
2014.01.06 21:00:05.478,0.83129,0.83137,0.75,0.75
2014.01.06 21:00:08.126,0.8313,0.83138,0.75,0.75
2014.01.06 21:00:11.346,0.8313,0.83137,0.75,0.75
2014.01.06 21:00:12.369,0.83131,0.83137,0.75,0.75
2014.01.06 21:00:15.950,0.83128,0.83136,0.75,0.75
2014.01.06 21:00:17.248,0.83127,0.83135,0.75,0.75
2014.01.06 21:00:17.773,0.83126,0.83134,0.75,0.75
2014.01.06 21:00:22.009,0.83127,0.83135,0.75,1.50
2014.01.06 21:00:22.211,0.83129,0.83136,0.75,0.75
2014.01.06 21:00:22.715,0.83128,0.83136,0.75,0.75
2014.01.06 21:00:23.223,0.83129,0.83137,0.75,2.25
2014.01.06 21:00:23.743,0.83128,0.83136,0.75,0.75
2014.01.06 21:00:24.327,0.83127,0.83135,0.75,0.75
2014.01.06 21:00:25.849,0.83126,0.83134,1.50,0.75
2014.01.06 21:00:27.152,0.83127,0.83135,0.75,1.50
2014.01.06 21:00:27.678,0.83128,0.83136,1.50,1.13
2014.01.06 21:00:31.356,0.83129,0.83136,0.75,1.13
2014.01.06 21:00:35.026,0.83131,0.83136,0.75,0.75
2014.01.06 21:00:36.089,0.83128,0.83136,1.13,0.75
2014.01.06 21:00:36.140,0.83128,0.83134,0.38,0.75
2014.01.06 21:00:36.674,0.83127,0.83134,1.13,0.75
2014.01.06 21:00:37.191,0.83126,0.83134,0.75,0.75
2014.01.06 21:00:40.230,0.83124,0.83132,1.50,0.75
2014.01.06 21:00:40.732,0.83124,0.83131,0.75,0.75
2014.01.06 21:00:41.237,0.83122,0.8313,1.88,0.75
2014.01.06 21:00:41.763,0.83123,0.83131,0.75,0.75
2014.01.06 21:00:42.306,0.83122,0.8313,1.88,0.75
2014.01.06 21:00:45.364,0.83122,0.83129,0.75,0.75
2014.01.06 21:00:45.878,0.83121,0.83129,0.75,0.75
2014.01.06 21:00:45.983,0.8312,0.83127,1.88,0.75
2014.01.06 21:00:46.286,0.83119,0.83125,0.75,0.75
2014.01.06 21:00:46.638,0.83117,0.83125,1.88,0.75
2014.01.06 21:00:53.195,0.83116,0.83124,1.50,0.75
2014.01.06 21:00:53.704,0.83115,0.83123,1.50,0.75
2014.01.06 21:00:55.683,0.83115,0.83121,0.75,0.75
2014.01.06 21:01:11.535,0.83114,0.83121,2.25,0.75
2014.01.06 21:01:12.409,0.83115,0.83121,0.75,0.75
2014.01.06 21:01:12.511,0.83115,0.83123,1.50,0.75
2014.01.06 21:01:17.588,0.83118,0.83123,0.38,0.75
2014.01.06 21:01:17.689,0.83118,0.83125,1.13,0.75
2014.01.06 21:01:17.790,0.83119,0.83127,0.75,0.75
2014.01.06 21:01:17.841,0.83121,0.83127,0.38,0.75
2014.01.06 21:01:17.993,0.83121,0.83129,1.13,0.75
2014.01.06 21:01:18.296,0.83123,0.8313,0.75,0.75
2014.01.06 21:01:18.750,0.83124,0.83132,1.88,1.50
2014.01.06 21:01:21.851,0.83125,0.83132,0.38,0.75
2014.01.06 21:01:22.944,0.83125,0.83133,0.38,0.75
2014.01.06 21:01:24.898,0.83124,0.83133,0.38,0.75
2014.01.06 21:01:31.007,0.83124,0.83132,0.38,0.75
2014.01.06 21:01:38.519,0.83125,0.83133,0.75,1.50
2014.01.06 21:02:03.219,0.83125,0.83132,0.75,0.75
2014.01.06 21:02:09.666,0.83125,0.83133,1.50,0.75
2014.01.06 21:02:15.168,0.83125,0.83132,0.75,0.75
2014.01.06 21:02:15.714,0.83125,0.83133,0.75,2.25
2014.01.06 21:02:17.459,0.83124,0.83132,1.50,0.75
2014.01.06 21:02:21.893,0.83125,0.83133,0.75,3.00
2014.01.06 21:02:22.660,0.83124,0.83132,2.25,0.75
2014.01.06 21:02:23.267,0.83125,0.83133,0.75,2.25
2014.01.06 21:02:37.527,0.83126,0.83133,0.38,0.75
2014.01.06 21:02:38.031,0.83127,0.83133,0.75,0.75
2014.01.06 21:02:38.283,0.83127,0.83135,1.50,0.75
2014.01.06 21:02:47.402,0.83128,0.83135,0.75,0.75
2014.01.06 21:02:49.116,0.83128,0.83134,0.75,0.75
2014.01.06 21:02:49.217,0.83126,0.83134,2.63,1.50
2014.01.06 21:02:49.735,0.83126,0.83133,1.50,0.75
2014.01.06 21:02:54.436,0.83126,0.83134,1.50,2.25
2014.01.06 21:02:54.945,0.83127,0.83135,1.50,0.75
2014.01.06 21:02:58.481,0.83128,0.83136,0.75,1.50
2014.01.06 21:03:02.622,0.83127,0.83135,2.25,0.75
2014.01.06 21:03:03.183,0.83128,0.83135,0.75,0.75
2014.01.06 21:03:10.600,0.83128,0.83136,0.75,1.50
2014.01.06 21:03:11.140,0.83127,0.83135,1.50,0.75
2014.01.06 21:03:24.845,0.83128,0.83136,0.75,2.25
2014.01.06 21:03:25.432,0.83127,0.83135,1.50,0.75
2014.01.06 21:03:39.809,0.83128,0.83136,0.75,2.25
2014.01.06 21:03:40.335,0.83127,0.83135,1.50,0.75
2014.01.06 21:03:43.889,0.83129,0.83136,0.75,2.25
2014.01.06 21:03:44.412,0.8313,0.83137,0.75,0.75
2014.01.06 21:03:50.675,0.8313,0.83135,0.75,0.15
2014.01.06 21:03:50.776,0.83128,0.83135,2.25,1.35
2014.01.06 21:03:51.098,0.83129,0.83137,0.75,1.50
2014.01.06 21:03:54.153,0.8313,0.83137,0.75,0.75
2014.01.06 21:03:58.556,0.83129,0.83137,0.75,1.50
2014.01.06 21:03:59.016,0.83128,0.83135,0.75,0.75
2014.01.06 21:03:59.521,0.83127,0.83134,0.38,1.50
2014.01.06 21:04:00.097,0.83126,0.83134,0.75,1.50
2014.01.06 21:04:07.506,0.83127,0.83134,1.00,1.00
2014.01.06 21:04:08.020,0.83126,0.83134,1.00,1.50
2014.01.06 21:04:09.110,0.83127,0.83134,1.00,1.00
2014.01.06 21:04:09.212,0.83128,0.83136,1.00,1.50
2014.01.06 21:04:09.566,0.83131,0.83137,1.00,1.00
2014.01.06 21:04:10.526,0.83131,0.83139,1.00,2.25
2014.01.06 21:04:20.977,0.83131,0.83137,1.00,1.00
2014.01.06 21:04:21.082,0.83131,0.83139,1.00,2.25
2014.01.06 21:04:29.696,0.83132,0.83139,1.00,1.00
2014.01.06 21:04:32.032,0.83132,0.8314,1.00,1.88
2014.01.06 21:04:41.981,0.83133,0.8314,1.00,1.13
2014.01.06 21:04:42.703,0.83132,0.8314,1.50,1.50
2014.01.06 21:04:51.025,0.83133,0.8314,1.00,1.00
2014.01.06 21:04:51.631,0.83132,0.8314,1.13,1.50
2014.01.06 21:04:53.335,0.83133,0.83141,1.00,1.50
2014.01.06 21:04:53.986,0.83132,0.8314,1.00,1.00
2014.01.06 21:05:16.936,0.83132,0.83137,1.00,1.00
2014.01.06 21:05:17.761,0.83131,0.83137,1.00,1.00
2014.01.06 21:05:18.434,0.8313,0.83137,1.00,1.00
2014.01.06 21:05:21.871,0.8313,0.83138,1.00,1.88
2014.01.06 21:05:22.624,0.8313,0.83137,1.00,1.00
2014.01.06 21:05:31.410,0.8313,0.83138,1.00,1.88
2014.01.06 21:05:31.970,0.83131,0.83139,1.00,1.50
2014.01.06 21:05:32.709,0.83131,0.83138,1.00,1.00
2014.01.06 21:05:33.298,0.8313,0.83138,1.00,1.00
2014.01.06 21:05:46.383,0.83129,0.83136,1.00,1.00
2014.01.06 21:05:49.201,0.83128,0.83136,2.25,1.50
2014.01.06 21:05:59.844,0.83128,0.83135,1.00,1.00
2014.01.06 21:06:07.472,0.83128,0.83136,1.50,1.50
2014.01.06 21:06:09.734,0.83128,0.83135,1.50,1.00
2014.01.06 21:06:10.383,0.83128,0.83133,1.00,1.00
2014.01.06 21:06:10.931,0.83127,0.83133,1.13,1.00
2014.01.06 21:06:15.482,0.83127,0.83135,3.38,1.00
2014.01.06 21:06:16.233,0.83127,0.83134,2.63,1.00
2014.01.06 21:06:16.504,0.83129,0.83134,1.00,1.00
2014.01.06 21:06:31.488,0.8313,0.83135,1.00,1.00
2014.01.06 21:06:32.044,0.8313,0.83136,1.00,1.00
2014.01.06 21:06:47.488,0.8313,0.83137,1.00,1.50
2014.01.06 21:07:01.021,0.83129,0.83137,1.50,1.50
2014.01.06 21:07:01.808,0.83129,0.83136,1.00,1.00
2014.01.06 21:07:15.046,0.83128,0.83136,2.25,1.50
2014.01.06 21:07:22.255,0.83127,0.83135,4.13,1.00
2014.01.06 21:07:22.709,0.83125,0.83132,1.50,1.00
2014.01.06 21:07:23.372,0.83125,0.83131,1.00,1.00
2014.01.06 21:07:23.792,0.83123,0.83131,2.25,2.25
2014.01.06 21:07:26.313,0.83123,0.83129,1.50,1.00
2014.01.06 21:07:26.735,0.83121,0.83129,1.50,1.50
2014.01.06 21:07:36.430,0.83121,0.83128,1.50,1.00
2014.01.06 21:07:47.688,0.8312,0.83128,1.88,1.50
2014.01.06 21:07:54.391,0.8312,0.83127,1.13,1.00
2014.01.06 21:07:58.769,0.8312,0.83128,1.13,1.50
2014.01.06 21:08:01.206,0.83119,0.83127,1.38,1.00
2014.01.06 21:08:01.890,0.8312,0.83128,1.13,1.00
2014.01.06 21:08:02.508,0.83121,0.83128,1.00,1.00
2014.01.06 21:08:02.559,0.83122,0.8313,1.00,1.00
2014.01.06 21:08:20.941,0.83121,0.83129,1.88,1.00
2014.01.06 21:08:42.481,0.83122,0.8313,1.00,1.50
2014.01.06 21:08:48.952,0.83121,0.83129,1.00,1.00
2014.01.06 21:08:49.580,0.83122,0.8313,1.00,1.50
2014.01.06 21:09:03.271,0.83123,0.83131,1.00,1.50
2014.01.06 21:09:04.601,0.83122,0.8313,1.00,1.00
2014.01.06 21:09:05.667,0.83123,0.83131,1.00,1.00
2014.01.06 21:09:06.410,0.83122,0.8313,1.50,1.00
2014.01.06 21:09:15.577,0.83123,0.83131,1.00,1.00
2014.01.06 21:09:16.197,0.83122,0.8313,1.00,1.00
2014.01.06 21:09:33.218,0.83123,0.83131,1.00,1.00
2014.01.06 21:09:33.804,0.83122,0.8313,1.00,1.00
2014.01.06 21:09:34.870,0.83123,0.83131,1.00,1.00
2014.01.06 21:09:35.394,0.83122,0.8313,1.00,1.00
2014.01.06 21:09:40.835,0.83123,0.83131,1.00,1.50
2014.01.06 21:09:44.557,0.83122,0.8313,1.00,1.00
2014.01.06 21:09:45.254,0.83123,0.83131,1.00,1.00
2014.01.06 21:09:47.855,0.83122,0.8313,1.00,1.00
2014.01.06 21:09:48.372,0.83123,0.83131,1.00,1.00
2014.01.06 21:09:50.357,0.83122,0.8313,1.50,1.00
2014.01.06 21:09:59.824,0.83123,0.83131,1.00,1.00
2014.01.06 21:10:12.251,0.83122,0.8313,1.13,1.00
2014.01.06 21:10:54.978,0.83121,0.83129,2.63,1.00
2014.01.06 21:11:19.204,0.83121,0.83129,1.88,1.00
2014.01.06 21:11:55.036,0.83119,0.83132,1.88,1.50
2014.01.06 21:12:17.456,0.8312,0.83133,1.38,1.13
2014.01.06 21:12:18.318,0.8312,0.83129,1.38,1.50
2014.01.06 21:12:18.622,0.83116,0.83121,1.50,1.13
2014.01.06 21:12:18.673,0.83116,0.8312,1.00,1.13
2014.01.06 21:12:18.724,0.83113,0.83119,1.35,1.50
2014.01.06 21:12:18.875,0.8311,0.83115,1.00,1.13
2014.01.06 21:12:19.128,0.83104,0.83109,1.00,1.00
2014.01.06 21:12:19.684,0.83104,0.83108,1.00,1.00
2014.01.06 21:12:19.937,0.83101,0.83109,1.50,1.00
2014.01.06 21:12:20.457,0.83101,0.83108,1.00,1.00
2014.01.06 21:12:20.965,0.831,0.83108,1.50,1.00
2014.01.06 21:12:21.504,0.83101,0.83109,1.00,1.00
2014.01.06 21:12:22.008,0.83102,0.8311,1.50,1.00
2014.01.06 21:12:22.109,0.83104,0.83111,1.00,1.00
2014.01.06 21:12:24.239,0.83105,0.83112,1.00,1.00
2014.01.06 21:12:24.740,0.83106,0.83113,1.00,1.00
2014.01.06 21:12:25.246,0.83105,0.83113,1.00,1.00
2014.01.06 21:12:28.075,0.83104,0.83111,1.00,1.00
2014.01.06 21:12:28.379,0.83098,0.83104,1.88,1.50
2014.01.06 21:12:28.703,0.83094,0.831,3.38,1.50
2014.01.06 21:12:28.805,0.83093,0.831,1.00,1.50
2014.01.06 21:12:28.856,0.83091,0.831,1.50,3.00
2014.01.06 21:12:28.907,0.83091,0.83096,1.50,1.00
2014.01.06 21:12:29.263,0.83088,0.83096,3.60,1.50
2014.01.06 21:12:29.771,0.83088,0.83096,1.50,1.00
2014.01.06 21:12:30.430,0.83087,0.83094,1.00,1.00
2014.01.06 21:12:30.936,0.83087,0.83095,1.00,1.00
2014.01.06 21:12:33.286,0.83089,0.83096,1.50,1.50
2014.01.06 21:12:33.589,0.83095,0.83099,1.00,1.00
2014.01.06 21:12:33.945,0.83096,0.83101,1.00,2.25
2014.01.06 21:12:34.377,0.83093,0.83101,1.00,1.50
2014.01.06 21:12:35.059,0.83091,0.83099,2.25,1.00
2014.01.06 21:12:35.567,0.83092,0.831,1.00,1.00
2014.01.06 21:12:37.038,0.83091,0.83099,1.50,1.00
2014.01.06 21:12:37.544,0.83093,0.83101,1.00,1.50
2014.01.06 21:12:38.136,0.83093,0.831,1.00,1.00
2014.01.06 21:12:38.644,0.83093,0.83101,1.00,1.00
2014.01.06 21:12:38.999,0.83091,0.83099,1.88,1.00
2014.01.06 21:12:39.506,0.8309,0.83098,1.00,1.00
2014.01.06 21:12:39.885,0.83092,0.831,1.00,1.50
2014.01.06 21:12:40.396,0.83093,0.83101,1.00,1.00
2014.01.06 21:12:41.334,0.83093,0.831,1.00,1.00
2014.01.06 21:12:41.487,0.83091,0.83099,1.00,1.00
2014.01.06 21:12:41.993,0.83092,0.831,1.00,1.50
2014.01.06 21:12:42.702,0.83093,0.83101,1.00,1.00
2014.01.06 21:12:44.647,0.83092,0.831,1.00,1.00
2014.01.06 21:12:45.172,0.83093,0.83101,1.00,1.00
2014.01.06 21:12:46.075,0.83093,0.831,1.00,1.00
2014.01.06 21:12:46.582,0.83093,0.83101,1.13,1.00
2014.01.06 21:12:49.527,0.83094,0.83101,1.00,1.00
2014.01.06 21:12:50.013,0.83095,0.83103,1.00,1.50
2014.01.06 21:12:52.626,0.83095,0.83102,1.00,1.00
2014.01.06 21:12:56.447,0.83095,0.83103,1.00,1.50
2014.01.06 21:12:58.949,0.83096,0.83103,1.00,1.50
2014.01.06 21:12:59.101,0.83098,0.83102,1.00,1.00
2014.01.06 21:12:59.404,0.83098,0.83105,1.00,1.00
2014.01.06 21:12:59.920,0.83097,0.83105,1.00,1.50
2014.01.06 21:13:01.099,0.83098,0.83105,1.00,1.00
2014.01.06 21:13:01.799,0.83097,0.83105,1.00,1.50
2014.01.06 21:13:04.974,0.83098,0.83106,1.00,2.63
2014.01.06 21:13:23.442,0.83097,0.83105,1.00,1.00
2014.01.06 21:13:25.262,0.83098,0.83106,1.00,1.00
2014.01.06 21:13:35.522,0.83101,0.83107,1.00,1.00
2014.01.06 21:13:35.573,0.83101,0.83109,1.00,1.13
2014.01.06 21:13:49.117,0.83101,0.83108,1.00,1.00
2014.01.06 21:13:53.062,0.83101,0.83109,1.00,2.63
2014.01.06 21:13:53.671,0.83102,0.83109,1.00,1.88
2014.01.06 21:13:54.528,0.83101,0.83109,2.25,1.50
2014.01.06 21:13:58.392,0.83101,0.83107,1.50,1.00
2014.01.06 21:13:58.613,0.83101,0.83109,1.50,1.88
2014.01.06 21:13:59.163,0.83102,0.83108,1.00,1.00
2014.01.06 21:13:59.939,0.83102,0.8311,1.00,3.00
2014.01.06 21:14:00.917,0.83102,0.83109,1.00,1.00
2014.01.06 21:14:02.807,0.83102,0.8311,1.00,1.50
2014.01.06 21:14:03.120,0.83105,0.8311,1.00,1.00
2014.01.06 21:14:03.373,0.83105,0.83112,1.00,1.00
2014.01.06 21:14:03.474,0.83107,0.83112,1.00,1.00
2014.01.06 21:14:03.576,0.83107,0.83114,1.00,1.00
2014.01.06 21:14:03.627,0.83109,0.83114,1.00,1.00
2014.01.06 21:14:04.197,0.83109,0.83115,1.50,1.00
2014.01.06 21:14:04.675,0.83111,0.83116,1.00,1.00
2014.01.06 21:14:04.978,0.83111,0.83118,1.50,1.00
2014.01.06 21:14:05.499,0.83112,0.83119,1.50,1.00
2014.01.06 21:14:05.651,0.83113,0.83121,1.00,1.50
2014.01.06 21:14:10.440,0.83113,0.8312,1.00,1.00
2014.01.06 21:14:11.026,0.83114,0.8312,1.00,1.00
2014.01.06 21:14:12.498,0.83113,0.8312,1.00,1.00
2014.01.06 21:14:13.015,0.83113,0.83119,1.00,1.00
2014.01.06 21:14:25.292,0.83113,0.83118,1.00,1.00
2014.01.06 21:14:25.596,0.83111,0.83118,2.25,1.00
2014.01.06 21:14:26.110,0.83111,0.83117,1.50,1.00
2014.01.06 21:14:46.703,0.83111,0.83118,1.00,2.25
2014.01.06 21:15:12.181,0.83113,0.83118,1.00,1.00
2014.01.06 21:15:12.687,0.83114,0.83119,1.50,1.00
2014.01.06 21:15:17.713,0.83113,0.83119,1.50,1.00
2014.01.06 21:15:19.372,0.83114,0.83119,1.50,1.00
2014.01.06 21:15:19.474,0.83114,0.83121,1.50,1.00
2014.01.06 21:15:27.118,0.83114,0.8312,1.50,1.00
2014.01.06 21:15:28.000,0.83114,0.83121,1.50,2.25
2014.01.06 21:15:34.333,0.83114,0.83119,1.00,1.00
2014.01.06 21:15:54.399,0.83114,0.8312,1.00,1.50
2014.01.06 21:15:54.703,0.83114,0.83118,1.00,1.00
2014.01.06 21:15:54.754,0.83111,0.83118,1.13,1.00
2014.01.06 21:15:55.271,0.8311,0.83118,1.00,1.00
2014.01.06 21:15:55.373,0.83109,0.83115,1.00,1.00
2014.01.06 21:15:59.815,0.83109,0.83115,1.38,1.00
2014.01.06 21:16:00.352,0.83109,0.83115,1.13,1.00
2014.01.06 21:16:00.662,0.83111,0.83115,1.00,1.00
2014.01.06 21:16:00.865,0.83109,0.83115,1.13,1.00
2014.01.06 21:16:00.966,0.83111,0.83115,1.00,1.00
2014.01.06 21:16:01.139,0.83109,0.83115,1.00,1.00
2014.01.06 21:16:01.443,0.83111,0.83115,1.00,1.00
2014.01.06 21:16:01.659,0.83109,0.83115,1.13,1.00
2014.01.06 21:16:01.930,0.83111,0.83115,1.00,1.00
2014.01.06 21:16:02.235,0.83109,0.83115,1.00,1.00
2014.01.06 21:16:02.437,0.83111,0.83115,1.00,1.00
2014.01.06 21:16:02.640,0.83109,0.83115,1.00,1.00
2014.01.06 21:16:03.164,0.83109,0.83114,1.00,1.00
2014.01.06 21:16:05.820,0.83109,0.83117,2.25,1.00
2014.01.06 21:16:06.175,0.83111,0.83117,1.00,1.00
2014.01.06 21:16:06.681,0.8311,0.83117,1.00,1.00
2014.01.06 21:16:07.200,0.83111,0.83117,1.00,1.00
2014.01.06 21:16:09.363,0.8311,0.83114,1.00,1.00
2014.01.06 21:16:09.465,0.83109,0.83114,1.00,1.00
2014.01.06 21:16:09.690,0.83106,0.83114,1.50,1.50
2014.01.06 21:16:10.311,0.83107,0.83114,1.00,1.00
2014.01.06 21:16:12.223,0.83108,0.83114,1.00,1.00
2014.01.06 21:16:16.213,0.83108,0.83116,1.50,1.00
2014.01.06 21:16:16.518,0.83106,0.83114,1.00,1.00
2014.01.06 21:16:19.034,0.83107,0.83114,1.00,1.00
2014.01.06 21:16:19.811,0.83108,0.83116,1.00,1.50
2014.01.06 21:16:26.005,0.83109,0.83116,1.00,1.00
2014.01.06 21:16:29.527,0.83108,0.83116,1.50,1.50
2014.01.06 21:16:30.189,0.83107,0.83115,1.13,1.00
2014.01.06 21:16:59.142,0.83107,0.83111,1.00,1.00
2014.01.06 21:16:59.344,0.83105,0.83113,1.50,1.00
2014.01.06 21:16:59.866,0.83106,0.83114,1.00,1.00
2014.01.06 21:17:04.112,0.83106,0.83111,1.00,1.00
2014.01.06 21:17:04.321,0.83104,0.83111,1.00,1.00
2014.01.06 21:17:06.403,0.83104,0.83112,1.00,1.00
2014.01.06 21:17:07.641,0.83105,0.83112,1.00,1.00
2014.01.06 21:17:08.206,0.83105,0.83113,1.50,1.00
2014.01.06 21:17:18.498,0.83106,0.83113,1.00,1.00
2014.01.06 21:17:24.311,0.83109,0.83114,1.00,1.50
2014.01.06 21:17:24.769,0.83109,0.83116,1.00,1.00
2014.01.06 21:17:25.318,0.83109,0.83115,1.00,1.00
2014.01.06 21:17:27.325,0.83109,0.83114,1.00,1.00
2014.01.06 21:17:28.447,0.83109,0.83115,1.00,1.50
2014.01.06 21:17:31.857,0.83109,0.83116,1.13,1.50
2014.01.06 21:17:47.963,0.83108,0.83116,1.88,1.00
2014.01.06 21:17:48.524,0.83108,0.83115,1.00,1.00
2014.01.06 21:17:59.567,0.83108,0.83114,1.00,1.00
2014.01.06 21:18:00.708,0.83108,0.83115,1.50,1.00
2014.01.06 21:18:00.860,0.83109,0.83117,1.00,1.50
2014.01.06 21:18:01.367,0.83108,0.83116,1.88,1.00
2014.01.06 21:18:02.538,0.83108,0.83116,2.63,1.00
2014.01.06 21:18:02.588,0.83111,0.83117,1.00,1.00
2014.01.06 21:18:02.690,0.83112,0.83119,1.00,1.00
2014.01.06 21:18:03.195,0.83113,0.83119,1.00,1.00
2014.01.06 21:18:03.893,0.83113,0.8312,1.00,1.00
2014.01.06 21:18:04.419,0.83113,0.83121,1.50,1.00
2014.01.06 21:18:04.925,0.83114,0.8312,1.13,1.00
2014.01.06 21:18:08.993,0.83114,0.83121,1.13,1.50
2014.01.06 21:18:09.094,0.83116,0.83121,1.00,1.00
2014.01.06 21:18:09.600,0.83116,0.83122,1.13,1.00
2014.01.06 21:18:11.057,0.83116,0.83123,1.13,1.50
2014.01.06 21:18:11.390,0.83116,0.83121,1.13,1.00
2014.01.06 21:18:20.612,0.83115,0.8312,1.38,1.00
2014.01.06 21:18:20.916,0.8311,0.83118,1.00,1.50
2014.01.06 21:18:21.119,0.83107,0.83114,1.50,1.00
2014.01.06 21:18:21.625,0.83106,0.83114,2.63,1.00
2014.01.06 21:18:23.636,0.83106,0.83114,2.63,1.50
2014.01.06 21:18:24.291,0.83106,0.83113,1.88,1.00
2014.01.06 21:18:24.871,0.83106,0.83112,1.88,1.00
2014.01.06 21:18:54.644,0.83104,0.83112,3.38,1.00
2014.01.06 21:18:54.847,0.83104,0.8311,1.38,1.00
2014.01.06 21:18:59.377,0.83104,0.8311,1.13,1.00
2014.01.06 21:18:59.632,0.83101,0.8311,1.13,1.00
2014.01.06 21:18:59.784,0.831,0.83108,1.88,1.00
2014.01.06 21:19:09.519,0.831,0.83107,1.38,1.00
2014.01.06 21:19:11.918,0.83099,0.83107,2.63,1.00
2014.01.06 21:19:13.595,0.83099,0.83107,2.63,1.00
2014.01.06 21:19:23.372,0.83099,0.83105,1.88,1.00
2014.01.06 21:19:23.879,0.83098,0.83104,1.38,1.00
2014.01.06 21:19:28.011,0.83097,0.83105,1.88,1.00
2014.01.06 21:19:29.671,0.83098,0.83104,1.38,1.00
2014.01.06 21:19:30.287,0.83098,0.83105,1.38,1.00
2014.01.06 21:19:30.820,0.83098,0.83104,1.38,1.00
2014.01.06 21:19:33.152,0.83098,0.83105,1.88,1.00
2014.01.06 21:19:37.118,0.83098,0.83105,1.88,1.00
2014.01.06 21:19:37.818,0.83099,0.83105,1.00,1.00
2014.01.06 21:19:38.326,0.83099,0.83106,1.50,1.00
2014.01.06 21:19:38.984,0.83099,0.83105,1.88,1.00
2014.01.06 21:19:39.673,0.83099,0.83105,1.38,1.00
2014.01.06 21:19:40.282,0.83099,0.83105,1.00,1.00
2014.01.06 21:19:40.793,0.83099,0.83105,1.38,1.00
2014.01.06 21:19:41.401,0.83099,0.83105,1.00,1.00
2014.01.06 21:19:44.202,0.83099,0.83104,1.13,1.00
2014.01.06 21:19:44.977,0.83099,0.83105,1.00,1.00
2014.01.06 21:19:45.483,0.83099,0.83104,1.13,1.00
2014.01.06 21:19:46.949,0.83099,0.83105,1.00,1.00
2014.01.06 21:19:47.708,0.83099,0.83104,1.13,1.00
2014.01.06 21:19:48.431,0.83099,0.83105,1.00,1.00
2014.01.06 21:19:48.937,0.83099,0.83104,1.00,1.00
2014.01.06 21:19:49.443,0.83099,0.83105,1.00,1.00
2014.01.06 21:19:49.948,0.83099,0.83104,1.00,1.00
2014.01.06 21:19:50.202,0.831,0.83106,1.50,1.00
2014.01.06 21:19:50.719,0.831,0.83107,1.00,1.00
2014.01.06 21:19:54.575,0.83099,0.83105,1.13,1.00
2014.01.06 21:19:56.007,0.83098,0.83104,1.88,1.00
2014.01.06 21:20:00.282,0.83098,0.83105,1.88,1.00
2014.01.06 21:20:00.820,0.831,0.83105,1.00,1.00
2014.01.06 21:20:02.565,0.831,0.83106,1.00,1.50
2014.01.06 21:20:03.893,0.831,0.83105,1.50,1.00
2014.01.06 21:20:04.419,0.831,0.83106,1.00,1.00
2014.01.06 21:20:10.387,0.83098,0.83106,1.38,1.00
2014.01.06 21:20:10.695,0.83099,0.83104,1.13,1.00
2014.01.06 21:20:11.959,0.83097,0.83105,1.88,1.00
2014.01.06 21:20:12.470,0.83097,0.83104,1.38,1.00
2014.01.06 21:20:12.926,0.83096,0.83104,1.38,1.00
2014.01.06 21:20:18.350,0.83095,0.83103,1.88,1.00
2014.01.06 21:20:19.760,0.83094,0.83102,1.88,1.00
2014.01.06 21:20:22.052,0.83095,0.83103,1.38,1.50
2014.01.06 21:20:23.806,0.83094,0.83102,1.38,1.00
2014.01.06 21:20:24.780,0.83095,0.83103,1.38,1.50
2014.01.06 21:20:26.481,0.83094,0.83102,1.88,1.00
2014.01.06 21:20:27.160,0.83095,0.83103,1.38,1.00
2014.01.06 21:20:27.980,0.83095,0.83103,1.38,1.00
2014.01.06 21:20:31.071,0.83094,0.83102,1.38,1.00
2014.01.06 21:20:31.937,0.83095,0.83103,1.38,1.00
2014.01.06 21:20:32.905,0.83094,0.83102,1.38,1.00
2014.01.06 21:20:40.420,0.83094,0.83102,1.38,1.00
2014.01.06 21:20:40.624,0.83093,0.831,1.38,1.00
2014.01.06 21:20:41.409,0.83093,0.83101,1.88,1.00
2014.01.06 21:20:42.994,0.83093,0.831,1.38,1.00
2014.01.06 21:20:43.500,0.83094,0.83101,1.38,1.00
2014.01.06 21:20:44.649,0.83094,0.831,1.38,1.00
2014.01.06 21:20:45.390,0.83094,0.83101,1.88,1.00
2014.01.06 21:20:55.710,0.83095,0.83101,1.38,1.00
2014.01.06 21:20:56.014,0.83096,0.83104,1.38,1.00
2014.01.06 21:21:03.221,0.83097,0.83105,1.13,1.00
2014.01.06 21:21:05.017,0.83098,0.83105,1.00,1.00
2014.01.06 21:21:05.523,0.83098,0.83106,1.50,1.50
2014.01.06 21:21:07.660,0.83098,0.83105,1.00,1.00
2014.01.06 21:21:08.167,0.83097,0.83105,1.88,1.00
2014.01.06 21:21:10.754,0.83097,0.83105,1.88,1.00
2014.01.06 21:21:11.489,0.83097,0.83104,1.38,1.00
2014.01.06 21:21:13.276,0.83097,0.83103,1.38,1.00
2014.01.06 21:21:25.799,0.83097,0.83104,1.13,1.00
2014.01.06 21:21:25.850,0.83099,0.83104,1.00,1.00
2014.01.06 21:21:31.438,0.831,0.83104,1.00,1.00
2014.01.06 21:21:31.540,0.831,0.83106,1.00,1.00
2014.01.06 21:21:35.309,0.831,0.83105,1.00,1.00
2014.01.06 21:21:35.612,0.83097,0.83104,1.13,1.00
2014.01.06 21:21:36.186,0.83097,0.83103,1.13,1.00
2014.01.06 21:22:01.386,0.83097,0.83105,1.88,1.00
2014.01.06 21:22:02.449,0.83097,0.83104,1.13,1.00
2014.01.06 21:22:03.362,0.83097,0.83105,1.88,1.00
2014.01.06 21:22:03.893,0.83097,0.83104,1.13,1.00
2014.01.06 21:22:05.477,0.83097,0.83105,1.88,1.50
2014.01.06 21:22:07.660,0.83097,0.83103,1.13,1.00
2014.01.06 21:22:25.342,0.83096,0.83103,1.00,1.00
2014.01.06 21:22:25.646,0.83092,0.831,1.50,1.00
2014.01.06 21:22:25.848,0.83098,0.83102,1.13,1.00
2014.01.06 21:22:26.467,0.83098,0.83103,1.13,1.00
2014.01.06 21:22:27.752,0.83098,0.83102,1.13,1.00
2014.01.06 21:22:28.302,0.83098,0.83103,1.13,1.00
2014.01.06 21:23:05.953,0.83098,0.83105,1.13,1.00
2014.01.06 21:23:13.872,0.83098,0.83106,1.88,1.00
2014.01.06 21:23:14.075,0.83099,0.83106,1.38,1.00
2014.01.06 21:23:20.214,0.83101,0.83106,1.00,1.00
2014.01.06 21:23:25.638,0.831,0.83106,1.13,1.00
2014.01.06 21:23:30.033,0.83099,0.83106,1.88,1.00
2014.01.06 21:23:34.664,0.83099,0.83107,2.63,1.50
2014.01.06 21:23:47.629,0.83099,0.83105,1.13,1.00
2014.01.06 21:24:01.717,0.83099,0.83107,1.13,1.00
2014.01.06 21:24:20.049,0.83098,0.83105,1.88,1.00
2014.01.06 21:24:20.555,0.83098,0.83104,1.00,1.00
2014.01.06 21:24:40.184,0.83096,0.83104,1.13,1.00
2014.01.06 21:24:58.278,0.83096,0.83103,1.13,1.00
2014.01.06 21:25:23.030,0.83095,0.83102,1.88,1.00
2014.01.06 21:25:23.563,0.83095,0.83102,1.00,1.00
2014.01.06 21:25:36.395,0.83094,0.83102,1.50,1.00
2014.01.06 21:25:36.598,0.8309,0.83098,2.25,1.00
2014.01.06 21:25:36.801,0.8309,0.83098,1.88,1.00
2014.01.06 21:25:37.859,0.8309,0.83098,1.88,1.00
2014.01.06 21:25:46.834,0.83092,0.831,1.00,1.00
2014.01.06 21:25:56.060,0.83091,0.83099,1.00,1.00
2014.01.06 21:25:57.792,0.8309,0.83098,1.13,1.00
2014.01.06 21:26:00.749,0.83093,0.83099,1.00,1.00
2014.01.06 21:26:00.800,0.83093,0.83101,1.00,1.00
2014.01.06 21:26:04.891,0.83095,0.83103,1.00,1.00
2014.01.06 21:26:05.413,0.83097,0.83104,1.00,1.00
2014.01.06 21:26:05.666,0.83098,0.83106,1.00,1.50
2014.01.06 21:26:05.769,0.831,0.83108,1.00,1.50
2014.01.06 21:26:07.622,0.83101,0.83108,1.00,1.00
2014.01.06 21:26:07.673,0.83102,0.8311,1.00,1.50
2014.01.06 21:26:08.181,0.83103,0.8311,1.00,1.00
2014.01.06 21:26:28.663,0.83102,0.8311,1.00,2.25
2014.01.06 21:26:32.864,0.83103,0.8311,1.00,1.50
2014.01.06 21:26:35.108,0.83102,0.8311,1.50,2.25
2014.01.06 21:26:37.912,0.83103,0.8311,1.00,1.50
2014.01.06 21:26:51.808,0.83104,0.83111,1.00,1.00
2014.01.06 21:26:51.960,0.83105,0.83113,1.50,1.00
2014.01.06 21:26:52.469,0.83106,0.83114,1.50,1.00
2014.01.06 21:26:53.111,0.83107,0.83115,1.00,2.25
2014.01.06 21:26:53.637,0.83107,0.83115,1.00,2.63
2014.01.06 21:26:53.738,0.83107,0.83112,1.00,1.00
2014.01.06 21:26:53.789,0.83104,0.83112,1.00,2.25
2014.01.06 21:26:54.144,0.83103,0.8311,1.00,1.00
2014.01.06 21:26:54.658,0.83103,0.83111,1.88,1.00
2014.01.06 21:26:58.827,0.83104,0.8311,1.13,1.00
2014.01.06 21:26:58.980,0.83102,0.8311,1.00,1.00
2014.01.06 21:26:59.904,0.83103,0.83111,1.00,1.50
2014.01.06 21:27:03.024,0.83102,0.8311,1.00,1.00
2014.01.06 21:27:03.178,0.831,0.83107,1.00,1.00
2014.01.06 21:27:03.432,0.83097,0.83105,3.38,1.00
2014.01.06 21:27:04.001,0.83097,0.83104,1.00,1.00
2014.01.06 21:27:04.536,0.83097,0.83105,1.00,1.00
2014.01.06 21:27:05.853,0.83096,0.83104,1.88,1.00
2014.01.06 21:27:06.372,0.83097,0.83105,1.00,1.50
2014.01.06 21:27:10.174,0.83097,0.83105,1.38,1.00
2014.01.06 21:27:10.326,0.831,0.83105,1.00,1.00
2014.01.06 21:27:10.730,0.83097,0.83105,1.88,1.00
2014.01.06 21:27:11.388,0.83099,0.83105,1.00,1.00
2014.01.06 21:27:12.085,0.83097,0.83105,1.88,1.00
2014.01.06 21:27:12.591,0.83099,0.83104,1.00,1.00
2014.01.06 21:27:12.744,0.83096,0.83104,1.13,1.00
2014.01.06 21:27:13.914,0.83097,0.83105,1.00,1.00
2014.01.06 21:27:19.094,0.83098,0.83105,1.00,1.00
2014.01.06 21:27:19.145,0.83101,0.83109,1.00,1.00
2014.01.06 21:27:20.847,0.83099,0.83107,1.00,1.00
2014.01.06 21:27:21.354,0.831,0.83107,1.13,1.00
2014.01.06 21:27:21.910,0.83099,0.83107,1.00,1.00
2014.01.06 21:27:23.653,0.83101,0.83107,1.00,1.00
2014.01.06 21:27:23.704,0.83102,0.8311,1.00,1.00
2014.01.06 21:27:24.209,0.83101,0.83109,1.38,1.00
2014.01.06 21:27:24.750,0.831,0.83108,1.88,1.00
2014.01.06 21:27:24.851,0.831,0.83108,1.88,1.00
2014.01.06 21:27:29.604,0.831,0.83108,1.88,1.00
2014.01.06 21:27:32.026,0.831,0.83108,1.88,1.00
2014.01.06 21:27:38.667,0.831,0.83107,1.00,1.00
2014.01.06 21:27:39.206,0.83099,0.83107,1.00,1.00
2014.01.06 21:27:41.516,0.831,0.83108,1.00,1.50
2014.01.06 21:27:47.301,0.83099,0.83107,2.25,1.00
2014.01.06 21:27:55.192,0.83097,0.83105,1.00,1.00
2014.01.06 21:27:57.481,0.83096,0.83103,1.13,1.00
2014.01.06 21:28:00.914,0.83095,0.83103,1.00,1.00
2014.01.06 21:28:02.412,0.83096,0.83104,1.00,1.50
2014.01.06 21:28:02.932,0.83098,0.83105,1.00,1.00
2014.01.06 21:28:02.983,0.83099,0.83107,1.00,1.00
2014.01.06 21:28:21.469,0.831,0.83108,1.00,1.50
2014.01.06 21:28:21.976,0.83099,0.83107,1.13,1.00
2014.01.06 21:28:42.744,0.83098,0.83106,1.00,1.00
2014.01.06 21:28:53.788,0.831,0.83106,1.00,1.00
2014.01.06 21:28:54.608,0.83101,0.83106,1.00,1.00
2014.01.06 21:28:55.638,0.83099,0.83106,1.00,1.00
2014.01.06 21:28:55.841,0.83101,0.83109,1.00,1.38
2014.01.06 21:29:08.404,0.831,0.83108,1.00,2.63
2014.01.06 21:29:08.721,0.831,0.83106,1.00,1.00
2014.01.06 21:29:18.680,0.831,0.83108,1.00,2.63
2014.01.06 21:29:19.221,0.831,0.83108,1.00,1.88
2014.01.06 21:29:26.188,0.83101,0.83108,1.00,1.13
2014.01.06 21:29:27.424,0.831,0.83108,1.00,1.88
2014.01.06 21:29:31.938,0.83096,0.83109,1.88,1.50
2014.01.06 21:29:31.989,0.83101,0.83109,1.00,1.50
2014.01.06 21:29:32.495,0.831,0.83108,1.00,1.00
2014.01.06 21:29:33.139,0.831,0.83107,1.00,1.00
2014.01.06 21:29:33.831,0.831,0.83108,1.00,1.00
2014.01.06 21:29:37.559,0.83099,0.83107,1.00,1.00
2014.01.06 21:29:38.072,0.83099,0.83106,1.00,1.00
2014.01.06 21:29:38.326,0.83097,0.83105,1.50,1.50
2014.01.06 21:29:38.529,0.83094,0.83102,1.38,1.00
2014.01.06 21:29:39.394,0.83095,0.83103,1.13,1.00
2014.01.06 21:29:39.900,0.83096,0.83104,1.50,1.00
2014.01.06 21:29:40.474,0.83097,0.83105,1.00,1.00
2014.01.06 21:30:00.184,0.83096,0.83106,1.88,1.00
2014.01.06 21:30:02.945,0.83096,0.83106,1.38,1.00
2014.01.06 21:30:04.647,0.83095,0.83105,2.63,1.00
2014.01.06 21:30:05.313,0.83095,0.83105,1.88,1.00
2014.01.06 21:30:05.814,0.83095,0.83104,1.38,1.00
2014.01.06 21:30:08.865,0.83095,0.83105,1.38,1.00
2014.01.06 21:30:11.184,0.83097,0.83104,1.00,1.00
2014.01.06 21:30:11.704,0.83098,0.83105,1.00,1.00
2014.01.06 21:30:13.279,0.83098,0.83107,1.00,1.00
2014.01.06 21:30:13.662,0.83101,0.83107,1.00,1.00
2014.01.06 21:30:14.198,0.83098,0.83108,2.63,1.00
2014.01.06 21:30:14.553,0.831,0.8311,1.88,1.00
2014.01.06 21:30:28.863,0.831,0.8311,1.88,1.50
2014.01.06 21:30:45.945,0.83102,0.83111,1.00,1.00
2014.01.06 21:30:56.498,0.83102,0.83112,1.00,2.25
2014.01.06 21:31:07.397,0.83102,0.83111,1.00,1.00
2014.01.06 21:31:07.975,0.83102,0.83112,1.00,1.00
2014.01.06 21:31:10.270,0.83103,0.83113,1.00,1.88
2014.01.06 21:31:11.027,0.83102,0.83112,1.50,1.00
2014.01.06 21:31:21.044,0.831,0.8311,1.88,1.00
2014.01.06 21:31:21.553,0.831,0.83109,1.38,1.00
2014.01.06 21:31:21.723,0.83099,0.83108,1.88,1.00
2014.01.06 21:31:45.660,0.83099,0.83107,1.00,1.00
2014.01.06 21:31:45.762,0.83097,0.83107,1.88,1.50
2014.01.06 21:31:49.089,0.83098,0.83107,1.00,1.00
2014.01.06 21:32:10.159,0.83097,0.83107,1.88,1.50
2014.01.06 21:32:17.240,0.83098,0.83107,1.00,1.00
2014.01.06 21:32:35.683,0.83097,0.83107,2.63,1.50
2014.01.06 21:32:38.031,0.83097,0.83105,1.88,1.00
2014.01.06 21:32:38.335,0.83094,0.83102,1.00,1.00
2014.01.06 21:32:38.436,0.83094,0.83104,1.00,1.00
2014.01.06 21:32:39.207,0.83094,0.83103,1.00,1.00
2014.01.06 21:32:39.713,0.83095,0.83103,1.00,1.00
2014.01.06 21:32:41.672,0.83095,0.83104,1.00,1.50
2014.01.06 21:32:53.744,0.83096,0.83104,1.00,1.00
2014.01.06 21:32:53.948,0.83096,0.83106,1.50,1.13
2014.01.06 21:33:04.214,0.83101,0.83106,1.00,1.13
2014.01.06 21:33:04.417,0.83102,0.83108,1.00,1.00
2014.01.06 21:33:04.822,0.83102,0.8311,1.00,1.00
2014.01.06 21:33:06.250,0.83102,0.83111,1.00,1.00
2014.01.06 21:33:06.805,0.83102,0.8311,1.00,1.00
2014.01.06 21:33:07.836,0.83102,0.83107,1.00,1.00
2014.01.06 21:33:08.038,0.83094,0.83104,2.25,1.00
2014.01.06 21:33:08.089,0.83094,0.83104,2.63,1.00
2014.01.06 21:33:08.241,0.83099,0.83107,1.00,1.00
2014.01.06 21:33:08.444,0.83102,0.83107,1.00,1.00
2014.01.06 21:33:08.950,0.83102,0.83108,1.00,1.00
2014.01.06 21:33:28.680,0.83102,0.83109,1.00,1.50
2014.01.06 21:33:31.575,0.83103,0.83109,1.00,1.50
2014.01.06 21:33:32.115,0.83103,0.83108,1.00,1.00
2014.01.06 21:33:52.695,0.83103,0.83107,1.00,1.00
2014.01.06 21:34:01.159,0.83102,0.83107,1.50,1.00
2014.01.06 21:34:02.110,0.83101,0.83107,1.00,1.00
2014.01.06 21:34:03.369,0.83101,0.83109,1.00,2.25
2014.01.06 21:34:03.472,0.83103,0.83109,1.00,2.25
2014.01.06 21:34:03.877,0.83106,0.83112,1.00,1.88
2014.01.06 21:34:25.180,0.83106,0.8311,1.00,1.00
2014.01.06 21:34:35.101,0.83105,0.8311,1.00,1.00
2014.01.06 21:34:35.662,0.83104,0.8311,1.00,1.50
2014.01.06 21:34:51.836,0.83103,0.8311,1.00,1.00
2014.01.06 21:34:51.887,0.83101,0.8311,1.88,1.00
2014.01.06 21:34:52.403,0.831,0.8311,1.13,1.50
2014.01.06 21:35:02.499,0.83101,0.8311,1.00,1.00
2014.01.06 21:35:03.077,0.83101,0.83111,1.00,1.00
2014.01.06 21:35:03.370,0.83101,0.83111,1.01,1.00
2014.01.06 21:35:06.858,0.83103,0.83112,1.01,1.00
2014.01.06 21:35:07.406,0.83103,0.83113,1.01,2.25
2014.01.06 21:35:07.726,0.83103,0.83113,1.38,1.50
2014.01.06 21:35:08.826,0.83102,0.83112,2.63,1.00
2014.01.06 21:35:09.345,0.83103,0.83113,1.13,1.50
2014.01.06 21:35:11.292,0.83103,0.83109,1.13,1.00
2014.01.06 21:35:11.398,0.83103,0.83113,1.13,1.50
2014.01.06 21:35:12.182,0.83103,0.83112,1.13,1.00
2014.01.06 21:35:12.728,0.83104,0.83112,1.00,1.50
2014.01.06 21:35:25.564,0.83104,0.83109,1.00,1.00
2014.01.06 21:36:08.922,0.83102,0.83109,1.00,2.25
2014.01.06 21:36:23.648,0.83104,0.83109,1.00,2.25
2014.01.06 21:36:24.632,0.83102,0.83109,1.00,1.00
2014.01.06 21:36:24.733,0.83104,0.83109,1.00,1.00
2014.01.06 21:36:24.936,0.83102,0.83109,1.00,1.50
2014.01.06 21:36:25.831,0.83102,0.83108,1.00,1.00
2014.01.06 21:36:26.349,0.83102,0.83107,1.00,1.00
2014.01.06 21:36:27.035,0.83102,0.83108,1.00,1.00
2014.01.06 21:36:27.548,0.83102,0.83109,1.00,1.50
2014.01.06 21:36:33.433,0.83102,0.83108,1.00,1.00
2014.01.06 21:36:33.535,0.83102,0.83106,1.00,1.00
2014.01.06 21:36:41.682,0.83098,0.83106,1.38,1.00
2014.01.06 21:36:41.784,0.83097,0.83106,1.13,1.50
2014.01.06 21:36:41.885,0.83097,0.83104,1.13,1.00
2014.01.06 21:36:42.139,0.83094,0.83102,1.00,1.00
2014.01.06 21:36:42.352,0.8309,0.83096,1.38,1.00
2014.01.06 21:36:42.454,0.8309,0.831,1.38,1.50
2014.01.06 21:36:42.716,0.8309,0.83098,1.38,1.00
2014.01.06 21:36:43.020,0.83089,0.83095,1.50,1.00
2014.01.06 21:36:43.526,0.83089,0.83095,1.13,1.00
2014.01.06 21:36:44.876,0.83089,0.83093,1.00,1.00
2014.01.06 21:36:44.977,0.83087,0.83092,1.00,1.00
2014.01.06 21:36:45.539,0.83087,0.83093,1.13,1.00
2014.01.06 21:36:48.837,0.83087,0.83097,1.13,1.50
2014.01.06 21:36:50.528,0.83087,0.83092,1.13,1.00
2014.01.06 21:36:51.447,0.83083,0.83092,1.13,1.00
2014.01.06 21:36:51.701,0.83083,0.83089,1.00,1.00
2014.01.06 21:36:53.226,0.83083,0.8309,1.00,1.00
2014.01.06 21:37:00.389,0.83083,0.83089,1.00,1.00
2014.01.06 21:37:00.659,0.83084,0.83093,1.00,1.38
2014.01.06 21:37:00.713,0.83084,0.83094,1.00,1.88
2014.01.06 21:37:02.986,0.83085,0.83095,1.00,1.88
2014.01.06 21:37:03.596,0.83084,0.83094,1.50,1.13
2014.01.06 21:37:20.978,0.83085,0.83094,1.00,1.00
2014.01.06 21:37:21.527,0.83086,0.83095,1.00,1.13
2014.01.06 21:37:22.321,0.83085,0.83095,1.50,1.88
2014.01.06 21:37:24.926,0.83086,0.83095,1.00,1.13
2014.01.06 21:37:29.151,0.83085,0.83095,1.00,1.88
2014.01.06 21:37:29.700,0.83086,0.83095,1.00,1.13
2014.01.06 21:37:37.158,0.83086,0.83096,1.00,1.00
2014.01.06 21:37:37.209,0.83088,0.83097,1.00,1.00
2014.01.06 21:37:55.754,0.83088,0.83092,1.00,1.00
2014.01.06 21:37:56.009,0.83085,0.83092,1.00,1.00
2014.01.06 21:37:58.085,0.83085,0.83091,1.00,1.00
2014.01.06 21:37:58.624,0.83084,0.83091,1.00,1.00
2014.01.06 21:37:58.879,0.83084,0.83089,1.00,1.00
2014.01.06 21:37:59.368,0.83083,0.83087,1.00,1.00
2014.01.06 21:38:00.981,0.83086,0.8309,1.00,1.00
2014.01.06 21:38:01.187,0.83085,0.83089,1.00,1.00
2014.01.06 21:38:01.288,0.83084,0.83089,1.00,1.00
2014.01.06 21:38:02.272,0.83083,0.83089,1.00,1.00
2014.01.06 21:38:08.535,0.83082,0.83089,1.00,1.00
2014.01.06 21:38:20.934,0.83081,0.83085,1.00,1.00
2014.01.06 21:38:21.036,0.83078,0.83085,1.00,1.00
2014.01.06 21:38:21.138,0.83078,0.83087,1.00,1.00
2014.01.06 21:38:21.442,0.83078,0.83084,1.00,1.00
2014.01.06 21:38:22.467,0.83077,0.83084,1.50,1.00
2014.01.06 21:38:22.722,0.83071,0.83079,3.38,1.00
2014.01.06 21:38:23.228,0.83071,0.83078,2.63,1.00
2014.01.06 21:38:23.736,0.83071,0.83077,1.13,1.00
2014.01.06 21:38:24.143,0.83072,0.83077,1.00,1.00
2014.01.06 21:38:24.446,0.83076,0.83082,1.38,1.00
2014.01.06 21:38:24.649,0.83078,0.83082,1.00,1.00
2014.01.06 21:38:24.801,0.83078,0.83082,1.00,1.00
2014.01.06 21:38:25.891,0.83074,0.83082,1.88,1.00
2014.01.06 21:38:26.397,0.83078,0.83083,1.38,1.00
2014.01.06 21:38:26.906,0.83078,0.83082,1.00,1.00
2014.01.06 21:38:29.599,0.83074,0.83082,1.38,1.00
2014.01.06 21:38:37.854,0.83078,0.83082,1.00,1.00
2014.01.06 21:38:38.387,0.83078,0.83084,1.38,1.50
2014.01.06 21:38:39.243,0.83078,0.83084,1.38,1.50
2014.01.06 21:38:39.395,0.83078,0.83086,1.00,1.00
2014.01.06 21:38:39.446,0.83083,0.83087,1.00,1.00
2014.01.06 21:38:39.612,0.83084,0.8309,1.00,1.50
2014.01.06 21:38:39.666,0.83081,0.8309,1.00,1.50
2014.01.06 21:38:39.768,0.83089,0.83095,1.00,1.00
2014.01.06 21:38:39.819,0.83089,0.83094,1.00,1.00
2014.01.06 21:38:39.922,0.83082,0.83091,1.00,1.00
2014.01.06 21:38:40.026,0.83089,0.83095,1.00,1.00
2014.01.06 21:38:40.178,0.83083,0.83095,1.38,1.00
2014.01.06 21:38:41.676,0.83084,0.83097,1.38,1.00
2014.01.06 21:38:41.879,0.83086,0.83098,1.38,2.25
2014.01.06 21:38:42.132,0.83087,0.831,1.38,1.50
2014.01.06 21:38:42.538,0.83087,0.83099,1.88,1.50
2014.01.06 21:38:42.589,0.83087,0.83096,1.88,1.00
2014.01.06 21:38:42.691,0.8309,0.831,1.00,1.00
2014.01.06 21:38:42.792,0.8309,0.83098,1.38,1.00
2014.01.06 21:38:42.894,0.83089,0.83098,1.38,1.00
2014.01.06 21:38:42.945,0.83088,0.831,1.38,1.50
2014.01.06 21:38:43.097,0.83087,0.83099,1.38,1.50
2014.01.06 21:38:43.402,0.83089,0.83095,1.13,1.00
2014.01.06 21:38:43.453,0.83089,0.83098,1.13,1.00
2014.01.06 21:38:43.605,0.83087,0.83095,1.88,1.00
2014.01.06 21:38:43.910,0.83091,0.83096,1.38,1.00
2014.01.06 21:38:44.012,0.83091,0.83098,1.38,1.00
2014.01.06 21:38:44.063,0.83091,0.83098,1.38,1.00
2014.01.06 21:38:44.215,0.83093,0.83101,1.38,1.00
2014.01.06 21:38:44.721,0.83093,0.831,1.38,1.00
2014.01.06 21:38:46.863,0.83092,0.83101,1.38,1.00
2014.01.06 21:38:47.372,0.83092,0.831,1.38,1.00
2014.01.06 21:38:50.412,0.83093,0.831,1.13,1.00
2014.01.06 21:39:02.624,0.83093,0.83099,1.00,1.00
2014.01.06 21:39:02.827,0.8309,0.83099,1.00,1.00
2014.01.06 21:39:03.291,0.83097,0.83101,1.00,1.00
2014.01.06 21:39:10.112,0.83098,0.83102,1.00,1.00
2014.01.06 21:39:11.866,0.8309,0.83101,2.25,1.00
2014.01.06 21:39:12.069,0.8309,0.83099,2.25,1.00
2014.01.06 21:39:12.394,0.8309,0.83097,1.00,1.00
2014.01.06 21:39:12.445,0.83087,0.83097,1.00,1.00
2014.01.06 21:39:12.496,0.83087,0.83095,1.00,1.00
2014.01.06 21:39:22.520,0.83087,0.83094,1.00,1.00
2014.01.06 21:39:22.672,0.83082,0.83092,1.50,1.00
2014.01.06 21:39:27.137,0.83086,0.83092,1.00,1.00
2014.01.06 21:39:27.645,0.83087,0.83092,1.00,1.00
2014.01.06 21:39:28.280,0.83086,0.83092,1.00,1.00
2014.01.06 21:39:28.434,0.83082,0.83092,1.50,1.00
2014.01.06 21:39:28.941,0.83082,0.83091,1.50,1.00
2014.01.06 21:39:31.387,0.83081,0.83091,1.00,1.50
2014.01.06 21:39:31.794,0.83082,0.83089,1.00,1.00
2014.01.06 21:39:31.896,0.8308,0.83089,1.00,1.00
2014.01.06 21:39:32.048,0.8308,0.83087,1.00,1.00
2014.01.06 21:39:32.948,0.8308,0.83086,1.00,1.00
2014.01.06 21:39:33.659,0.83079,0.83085,1.00,1.00
2014.01.06 21:39:33.988,0.83081,0.83085,1.00,1.00
2014.01.06 21:39:37.011,0.83081,0.83086,1.00,1.00
2014.01.06 21:39:37.771,0.83081,0.83085,1.00,1.00
2014.01.06 21:39:43.437,0.83081,0.83086,1.00,1.00
2014.01.06 21:39:43.945,0.83081,0.83085,1.00,1.00
2014.01.06 21:39:44.631,0.83081,0.83086,1.00,1.00
2014.01.06 21:39:45.147,0.8308,0.83086,1.00,1.00
2014.01.06 21:39:46.240,0.83079,0.83085,1.00,1.00
2014.01.06 21:39:47.848,0.83079,0.83086,1.00,1.00
2014.01.06 21:39:48.153,0.83083,0.83088,1.00,1.00
2014.01.06 21:39:49.081,0.83084,0.83088,1.00,1.00
2014.01.06 21:39:49.285,0.83084,0.83091,1.00,1.00
2014.01.06 21:39:49.336,0.83086,0.83091,1.00,1.00
2014.01.06 21:39:49.438,0.83084,0.83091,1.00,1.00
2014.01.06 21:39:52.097,0.83084,0.8309,1.00,1.00
2014.01.06 21:39:52.416,0.83084,0.83092,1.00,1.00
2014.01.06 21:39:53.335,0.83084,0.83093,1.00,1.50
2014.01.06 21:39:53.947,0.83084,0.83092,1.00,1.00
2014.01.06 21:39:54.749,0.83084,0.83093,1.00,2.25
2014.01.06 21:39:55.255,0.83084,0.83092,1.00,1.00
2014.01.06 21:39:55.761,0.83084,0.83093,1.00,1.50
2014.01.06 21:39:59.652,0.83088,0.83093,1.00,1.00
2014.01.06 21:39:59.957,0.8309,0.83094,1.00,1.00
2014.01.06 21:40:00.466,0.8309,0.83095,1.00,1.00
2014.01.06 21:40:04.056,0.83091,0.83095,1.00,1.00
2014.01.06 21:40:10.881,0.83086,0.83095,1.00,1.00
2014.01.06 21:40:11.392,0.83086,0.83096,1.50,1.00
2014.01.06 21:40:11.496,0.83086,0.83094,1.00,1.00
2014.01.06 21:40:12.098,0.83084,0.83094,1.88,1.00
2014.01.06 21:40:12.619,0.83084,0.83093,1.00,1.00
2014.01.06 21:40:13.192,0.83083,0.83093,1.50,1.00
2014.01.06 21:40:15.065,0.83086,0.83093,1.00,1.00
2014.01.06 21:40:21.191,0.83078,0.83087,2.63,1.00
2014.01.06 21:40:21.242,0.83082,0.83087,1.00,1.00
2014.01.06 21:40:21.344,0.83082,0.83087,1.38,1.00
2014.01.06 21:40:21.547,0.83086,0.83092,1.00,1.00
2014.01.06 21:40:22.176,0.83086,0.83093,1.00,1.00
2014.01.06 21:40:23.840,0.83083,0.83093,1.88,1.00
2014.01.06 21:40:23.892,0.83083,0.83089,1.00,1.00
2014.01.06 21:40:37.151,0.83085,0.8309,1.00,1.00
2014.01.06 21:40:37.252,0.83085,0.83092,1.00,1.00
2014.01.06 21:40:37.758,0.83085,0.83093,1.00,1.00
2014.01.06 21:40:40.559,0.83086,0.83093,1.00,1.00
2014.01.06 21:40:43.090,0.83083,0.83093,1.13,1.00
2014.01.06 21:40:43.191,0.83083,0.8309,1.00,1.00
2014.01.06 21:40:44.597,0.83079,0.83088,1.00,1.00
2014.01.06 21:40:44.699,0.83079,0.83086,1.00,1.00
2014.01.06 21:40:45.003,0.83078,0.83088,1.13,1.50
2014.01.06 21:40:48.630,0.83079,0.83089,1.00,2.25
2014.01.06 21:40:49.342,0.83078,0.83088,1.50,1.00
2014.01.06 21:40:49.859,0.83079,0.83089,1.50,1.50
2014.01.06 21:40:49.909,0.83082,0.83089,1.00,1.50
2014.01.06 21:40:51.527,0.83083,0.8309,1.00,1.00
2014.01.06 21:40:51.831,0.83083,0.83092,1.00,1.00
2014.01.06 21:40:51.882,0.83085,0.83092,1.00,1.00
2014.01.06 21:40:52.186,0.83092,0.83098,1.00,1.00
2014.01.06 21:40:52.288,0.83094,0.83098,1.00,1.00
2014.01.06 21:40:55.513,0.83094,0.83099,1.00,1.00
2014.01.06 21:40:55.781,0.83091,0.83098,1.00,1.00
2014.01.06 21:40:55.984,0.83094,0.83099,1.00,1.00
2014.01.06 21:40:56.546,0.83093,0.83099,1.00,1.00
2014.01.06 21:40:58.975,0.83094,0.83099,1.00,1.00
2014.01.06 21:41:00.186,0.83093,0.831,1.00,1.00
2014.01.06 21:41:00.388,0.83087,0.83097,1.50,1.00
2014.01.06 21:41:04.172,0.83088,0.83097,1.00,1.00
2014.01.06 21:41:04.223,0.83089,0.83099,1.00,1.00
2014.01.06 21:41:04.476,0.83093,0.83099,1.00,1.00
2014.01.06 21:41:09.623,0.83093,0.831,1.00,1.00
2014.01.06 21:41:09.725,0.83093,0.83102,1.50,1.00
2014.01.06 21:41:10.233,0.83094,0.83102,1.00,1.00
2014.01.06 21:41:15.999,0.83094,0.83101,1.00,1.00
2014.01.06 21:41:16.543,0.83094,0.831,1.00,1.00
2014.01.06 21:41:19.031,0.83095,0.831,1.00,1.00
2014.01.06 21:41:22.423,0.83095,0.83099,1.00,1.00
2014.01.06 21:41:36.045,0.83094,0.83099,1.50,1.00
2014.01.06 21:41:36.149,0.83085,0.83096,1.50,1.00
2014.01.06 21:41:36.556,0.83085,0.83096,1.50,1.00
2014.01.06 21:41:37.678,0.83084,0.83096,1.50,1.00
2014.01.06 21:41:38.103,0.83083,0.83093,1.50,1.00
2014.01.06 21:41:39.856,0.83084,0.83094,1.00,1.00
2014.01.06 21:41:42.331,0.83086,0.83096,1.00,1.00
2014.01.06 21:41:43.380,0.83085,0.83095,1.50,1.00
2014.01.06 21:41:44.597,0.83086,0.83096,1.00,1.00
2014.01.06 21:41:46.707,0.83085,0.83095,1.00,1.00
2014.01.06 21:41:48.327,0.83084,0.83094,1.00,1.00
2014.01.06 21:41:48.991,0.83085,0.83095,1.00,1.00
2014.01.06 21:41:58.632,0.83086,0.83096,1.00,1.50
2014.01.06 21:42:00.589,0.83085,0.83095,1.50,1.00
2014.01.06 21:42:01.585,0.83086,0.83096,1.00,1.00
2014.01.06 21:42:02.098,0.83085,0.83095,1.50,1.00
2014.01.06 21:42:02.661,0.83086,0.83096,1.00,1.00
2014.01.06 21:42:06.396,0.83085,0.83095,2.25,1.00
2014.01.06 21:42:35.704,0.83086,0.83096,1.00,1.00
2014.01.06 21:42:36.009,0.83089,0.83099,1.00,1.00
2014.01.06 21:42:36.584,0.8309,0.831,1.00,1.00
2014.01.06 21:42:40.301,0.83089,0.83099,1.00,1.00
2014.01.06 21:42:45.923,0.83088,0.83098,2.25,1.00
2014.01.06 21:42:48.092,0.83089,0.83099,1.00,1.50
2014.01.06 21:42:49.777,0.8309,0.83099,1.00,1.00
2014.01.06 21:42:50.911,0.8309,0.83098,1.00,1.00
2014.01.06 21:43:08.684,0.8309,0.83099,1.00,1.50
2014.01.06 21:43:09.480,0.8309,0.83098,1.00,1.00
2014.01.06 21:43:20.209,0.83088,0.83098,1.50,1.00
2014.01.06 21:43:25.422,0.83088,0.83097,1.00,1.00
2014.01.06 21:43:43.003,0.83089,0.83097,1.00,1.00
2014.01.06 21:43:43.510,0.83089,0.83098,1.00,1.00
2014.01.06 21:43:46.858,0.83088,0.83098,1.38,1.00
2014.01.06 21:43:46.959,0.83088,0.831,1.38,1.00
2014.01.06 21:43:47.162,0.83092,0.831,1.50,1.00
2014.01.06 21:43:47.618,0.83089,0.831,1.38,1.00
2014.01.06 21:43:47.821,0.83091,0.831,1.00,1.00
2014.01.06 21:43:48.721,0.83091,0.83099,1.00,1.00
2014.01.06 21:43:49.395,0.83091,0.83098,1.00,1.00
2014.01.06 21:43:53.684,0.83089,0.83099,1.38,1.00
2014.01.06 21:43:53.886,0.8309,0.831,1.13,1.00
2014.01.06 21:43:54.241,0.8309,0.83098,1.00,1.00
2014.01.06 21:44:01.094,0.8309,0.83099,1.00,1.50
2014.01.06 21:44:04.154,0.8309,0.83098,1.00,1.00
2014.01.06 21:44:24.290,0.8309,0.83097,1.00,1.00
2014.01.06 21:44:30.519,0.8309,0.83098,1.00,1.00
2014.01.06 21:44:53.473,0.8309,0.83097,1.13,1.00
2014.01.06 21:45:00.108,0.83085,0.83097,1.38,1.00
2014.01.06 21:45:00.362,0.83092,0.83099,1.00,1.00
2014.01.06 21:45:04.391,0.83092,0.83098,1.00,1.00
2014.01.06 21:45:20.185,0.83091,0.83098,1.00,1.00
2014.01.06 21:45:25.951,0.83088,0.83098,1.88,1.00
2014.01.06 21:45:26.455,0.83088,0.83098,1.50,1.00
2014.01.06 21:45:32.523,0.83088,0.83098,1.88,1.00
2014.01.06 21:45:34.637,0.83087,0.83097,1.38,1.00
2014.01.06 21:45:34.890,0.83087,0.83097,1.13,1.00
2014.01.06 21:45:36.045,0.83087,0.83095,1.13,1.00
2014.01.06 21:45:36.097,0.83084,0.83094,1.38,1.00
2014.01.06 21:45:36.654,0.83084,0.83094,1.88,1.00
2014.01.06 21:45:41.102,0.83085,0.83094,1.00,1.00
2014.01.06 21:45:41.635,0.83085,0.83095,1.50,1.00
2014.01.06 21:45:52.360,0.83084,0.83094,3.38,1.00
2014.01.06 21:45:53.226,0.83084,0.83093,1.13,1.00
2014.01.06 21:45:53.754,0.83084,0.83094,1.88,1.00
2014.01.06 21:45:56.875,0.83084,0.83093,1.13,1.00
2014.01.06 21:46:09.452,0.83084,0.83094,1.88,1.00
2014.01.06 21:46:10.525,0.83084,0.83093,1.13,1.00
2014.01.06 21:46:11.158,0.83084,0.83094,1.88,1.00
2014.01.06 21:46:14.537,0.83085,0.83094,1.00,1.00
2014.01.06 21:46:15.093,0.83085,0.83093,1.00,1.00
2014.01.06 21:46:15.636,0.83085,0.83094,1.00,1.00
2014.01.06 21:46:20.666,0.83085,0.83092,1.13,1.00
2014.01.06 21:46:20.819,0.83082,0.83092,1.00,1.00
2014.01.06 21:46:21.042,0.83081,0.8309,1.00,1.00
2014.01.06 21:46:21.375,0.83078,0.83088,1.00,1.00
2014.01.06 21:46:21.904,0.83079,0.83089,1.00,1.00
2014.01.06 21:46:24.010,0.83078,0.83088,1.50,1.00
2014.01.06 21:46:24.214,0.83085,0.83089,1.00,1.00
2014.01.06 21:46:24.317,0.83085,0.83091,1.00,1.00
2014.01.06 21:46:27.836,0.83085,0.83092,1.00,1.00
2014.01.06 21:46:28.344,0.83085,0.83093,1.00,1.00
2014.01.06 21:46:29.265,0.83083,0.83093,1.00,1.00
2014.01.06 21:46:45.833,0.83083,0.83093,1.88,1.00
2014.01.06 21:46:46.418,0.83085,0.83093,1.00,1.00
2014.01.06 21:46:48.857,0.83088,0.83097,1.00,1.00
2014.01.06 21:46:49.477,0.83088,0.83098,1.50,1.00
2014.01.06 21:46:51.140,0.8309,0.83098,1.00,1.00
2014.01.06 21:46:51.243,0.8309,0.831,1.50,1.50
2014.01.06 21:46:51.750,0.83091,0.83101,1.00,1.00
2014.01.06 21:46:53.234,0.83093,0.83101,1.00,1.00
2014.01.06 21:46:53.799,0.83093,0.831,1.00,1.00
2014.01.06 21:46:55.603,0.83093,0.83098,1.00,1.00
2014.01.06 21:46:55.654,0.8309,0.83098,1.13,1.00
2014.01.06 21:46:56.204,0.83089,0.83099,1.00,1.00
2014.01.06 21:46:58.059,0.83091,0.83099,1.00,1.00
2014.01.06 21:47:00.199,0.83091,0.831,1.00,1.00
2014.01.06 21:47:00.504,0.83092,0.83102,1.00,1.00
2014.01.06 21:47:17.664,0.83091,0.83099,1.00,1.00
2014.01.06 21:47:17.715,0.83089,0.83099,1.00,1.00
2014.01.06 21:47:18.230,0.8309,0.831,1.00,1.00
2014.01.06 21:47:19.603,0.83089,0.83099,1.00,1.00
2014.01.06 21:47:22.623,0.8309,0.831,1.00,1.50
2014.01.06 21:47:23.167,0.83089,0.83099,1.00,1.00
2014.01.06 21:47:23.939,0.83088,0.83098,1.00,1.00
2014.01.06 21:47:24.501,0.83089,0.83099,1.00,1.00
2014.01.06 21:47:26.519,0.83088,0.83098,1.00,1.00
2014.01.06 21:47:30.472,0.83089,0.83099,1.00,1.00
2014.01.06 21:48:36.954,0.8309,0.831,1.00,1.00
2014.01.06 21:48:38.823,0.83089,0.83099,1.00,1.00
2014.01.06 21:48:40.435,0.8309,0.831,1.00,1.00
2014.01.06 21:48:47.377,0.8309,0.831,1.88,1.00
2014.01.06 21:48:47.602,0.83093,0.83101,1.00,1.00
2014.01.06 21:48:47.656,0.83094,0.83104,1.00,1.38
2014.01.06 21:48:47.758,0.83092,0.83102,1.50,1.00
2014.01.06 21:48:47.808,0.83094,0.83102,1.00,1.00
2014.01.06 21:48:48.310,0.83095,0.83102,1.00,1.00
2014.01.06 21:49:02.320,0.83092,0.83102,1.00,1.00
2014.01.06 21:49:02.473,0.83089,0.83099,1.13,1.00
2014.01.06 21:49:02.777,0.83089,0.83097,1.13,1.00
2014.01.06 21:49:03.345,0.83087,0.83097,1.38,1.00
2014.01.06 21:49:05.059,0.83088,0.83098,1.13,1.50
2014.01.06 21:49:05.571,0.8309,0.831,1.00,1.13
2014.01.06 21:49:13.933,0.8309,0.831,1.00,1.38
2014.01.06 21:49:14.473,0.83089,0.83099,1.00,1.88
2014.01.06 21:49:28.873,0.83088,0.83098,1.00,1.00
2014.01.06 21:49:38.351,0.83089,0.83099,1.00,1.13
2014.01.06 21:49:41.907,0.83088,0.83098,1.50,1.00
2014.01.06 21:49:49.355,0.83091,0.83098,1.00,1.00
2014.01.06 21:49:51.293,0.83091,0.831,1.00,1.38
2014.01.06 21:49:51.843,0.83092,0.831,1.00,1.38
2014.01.06 21:49:53.262,0.83092,0.831,1.00,1.13
2014.01.06 21:50:12.983,0.83092,0.831,1.00,1.38
2014.01.06 21:50:13.337,0.83089,0.83095,1.00,1.88
2014.01.06 21:50:13.439,0.83086,0.83091,1.50,1.00
2014.01.06 21:50:13.540,0.83086,0.83091,1.38,1.00
2014.01.06 21:50:13.642,0.83089,0.83096,1.00,1.50
2014.01.06 21:50:13.845,0.83092,0.83099,1.00,1.88
2014.01.06 21:50:13.896,0.83088,0.83096,1.50,1.38
2014.01.06 21:50:13.946,0.83088,0.83096,1.00,1.75
2014.01.06 21:50:14.250,0.8308,0.83088,3.00,1.00
2014.01.06 21:50:14.850,0.83086,0.8309,1.00,1.00
2014.01.06 21:50:14.952,0.83086,0.83093,1.38,1.00
2014.01.06 21:50:15.003,0.83091,0.83097,1.00,1.50
2014.01.06 21:50:15.054,0.83092,0.83097,1.00,1.50
2014.01.06 21:50:21.290,0.83092,0.83098,1.00,1.50
2014.01.06 21:50:22.519,0.83092,0.83097,1.00,1.00
2014.01.06 21:50:23.035,0.83092,0.83098,1.00,1.50
2014.01.06 21:50:46.441,0.83092,0.83097,1.00,1.00
2014.01.06 21:51:06.349,0.83092,0.83098,1.00,1.00
2014.01.06 21:51:15.019,0.83088,0.83098,1.13,1.00
2014.01.06 21:51:18.612,0.8309,0.83098,1.00,1.50
2014.01.06 21:51:19.141,0.8309,0.83097,1.00,1.00
2014.01.06 21:51:26.032,0.8309,0.83098,1.00,1.00
2014.01.06 21:51:26.341,0.83092,0.83097,1.00,1.00
2014.01.06 21:51:26.949,0.83092,0.83098,1.00,1.00
2014.01.06 21:51:31.803,0.83092,0.83097,1.00,1.00
2014.01.06 21:51:32.310,0.83091,0.83097,1.00,1.00
2014.01.06 21:51:35.635,0.83092,0.83097,1.00,1.00
2014.01.06 21:51:36.195,0.83092,0.83098,1.00,1.00
2014.01.06 21:51:53.183,0.83092,0.83097,1.00,1.00
2014.01.06 21:51:53.719,0.83092,0.83098,1.00,1.00
2014.01.06 21:51:58.636,0.83092,0.83097,1.00,1.00
2014.01.06 21:52:04.125,0.83092,0.83098,1.00,1.00
2014.01.06 21:52:16.534,0.83092,0.83097,1.00,1.00
2014.01.06 21:52:16.586,0.8309,0.83097,1.00,1.00
2014.01.06 21:52:19.663,0.8309,0.83098,1.00,1.13
2014.01.06 21:52:33.189,0.8309,0.83097,1.00,1.00
2014.01.06 21:52:36.311,0.8309,0.83098,1.00,1.00
2014.01.06 21:52:46.925,0.83089,0.83098,1.00,1.00
2014.01.06 21:52:47.580,0.83087,0.83097,1.88,1.00
2014.01.06 21:52:48.890,0.83086,0.83095,1.38,1.00
2014.01.06 21:52:55.916,0.83086,0.83096,1.38,1.50
2014.01.06 21:53:00.815,0.83087,0.83097,1.13,1.50
2014.01.06 21:53:01.133,0.83085,0.83095,1.13,1.00
2014.01.06 21:53:02.023,0.83084,0.83094,1.88,1.00
2014.01.06 21:53:02.479,0.83083,0.83093,1.00,1.00
2014.01.06 21:53:06.477,0.83085,0.83093,1.00,1.00
2014.01.06 21:53:06.579,0.83086,0.83096,1.00,1.13
2014.01.06 21:53:07.096,0.83085,0.83095,1.00,1.00
2014.01.06 21:53:11.385,0.83086,0.83096,1.00,1.13
2014.01.06 21:53:17.248,0.83085,0.83095,1.50,1.00
2014.01.06 21:53:17.803,0.83084,0.83094,1.88,1.00
2014.01.06 21:53:19.416,0.83085,0.83095,1.00,1.00
2014.01.06 21:53:22.413,0.83084,0.83094,1.00,1.00
2014.01.06 21:53:22.919,0.83083,0.83093,1.13,1.00
2014.01.06 21:53:24.355,0.83084,0.83094,1.00,1.00
2014.01.06 21:53:34.807,0.83084,0.83094,1.00,1.38
2014.01.06 21:53:35.062,0.83081,0.83091,1.13,1.00
2014.01.06 21:53:37.891,0.8308,0.8309,1.00,1.00
2014.01.06 21:53:41.212,0.8308,0.83089,1.00,1.00
2014.01.06 21:53:45.090,0.83079,0.83088,1.13,1.00
2014.01.06 21:53:45.596,0.83077,0.83087,1.38,1.00
2014.01.06 21:53:49.697,0.83077,0.83087,1.13,1.00
2014.01.06 21:53:49.951,0.83075,0.83085,1.13,1.00
2014.01.06 21:53:50.636,0.83076,0.83086,1.00,1.13
2014.01.06 21:53:59.133,0.83076,0.83084,1.00,1.00
2014.01.06 21:53:59.337,0.83074,0.83084,1.50,1.50
2014.01.06 21:54:00.740,0.83076,0.83084,1.00,1.00
2014.01.06 21:54:03.139,0.83078,0.83084,1.00,1.00
2014.01.06 21:54:03.824,0.83079,0.83084,1.00,1.00
2014.01.06 21:54:04.378,0.83079,0.83085,1.00,1.13
2014.01.06 21:54:35.421,0.8308,0.83085,1.00,1.00
2014.01.06 21:54:48.952,0.83081,0.83085,1.00,1.00
2014.01.06 21:54:49.917,0.8308,0.83085,1.00,1.00
2014.01.06 21:54:58.322,0.83081,0.83085,1.00,1.00
2014.01.06 21:54:58.829,0.83081,0.83086,1.00,1.00
2014.01.06 21:55:06.238,0.83081,0.83087,1.50,1.00
2014.01.06 21:55:10.739,0.83081,0.83086,1.00,1.00
2014.01.06 21:55:34.389,0.83081,0.83089,1.50,1.13
2014.01.06 21:55:42.863,0.83081,0.83086,1.50,1.00
2014.01.06 21:55:49.316,0.83081,0.83091,1.50,1.88
2014.01.06 21:55:49.832,0.83081,0.83089,1.00,1.00
2014.01.06 21:55:53.418,0.83081,0.83088,1.00,1.00
2014.01.06 21:55:53.469,0.83084,0.83088,1.00,1.00
2014.01.06 21:56:04.390,0.83081,0.83088,1.50,1.00
2014.01.06 21:56:20.066,0.83081,0.83091,1.50,2.25
2014.01.06 21:56:49.605,0.83081,0.83091,1.50,2.63
2014.01.06 21:56:49.691,0.83081,0.83087,1.50,1.00
2014.01.06 21:56:49.997,0.8308,0.83084,1.00,1.00
2014.01.06 21:56:50.099,0.83081,0.83087,1.00,1.00
2014.01.06 21:56:50.200,0.83079,0.83087,1.00,1.00
2014.01.06 21:56:50.402,0.83082,0.83087,1.00,1.00
2014.01.06 21:56:52.417,0.83082,0.83089,1.00,1.00
2014.01.06 21:56:52.521,0.83082,0.83091,1.00,1.88
2014.01.06 21:56:55.401,0.83082,0.8309,1.00,1.38
2014.01.06 21:56:55.654,0.83079,0.83084,1.50,1.00
2014.01.06 21:56:57.136,0.83079,0.83088,1.00,1.13
2014.01.06 21:56:57.440,0.83082,0.83089,1.00,1.00
2014.01.06 21:56:57.952,0.83082,0.8309,1.50,1.13
2014.01.06 21:57:03.035,0.83082,0.8309,1.50,1.00
2014.01.06 21:57:03.189,0.83078,0.83085,1.50,1.00
2014.01.06 21:57:03.291,0.83076,0.83083,1.00,1.00
2014.01.06 21:57:03.597,0.83069,0.83075,1.00,2.50
2014.01.06 21:57:03.749,0.83063,0.83071,1.00,8.25
2014.01.06 21:57:05.050,0.83058,0.83067,1.38,1.00
2014.01.06 21:57:05.253,0.83067,0.83072,1.00,1.50
2014.01.06 21:57:05.304,0.83069,0.83079,1.00,1.38
2014.01.06 21:57:05.811,0.83069,0.83076,1.00,1.00
2014.01.06 21:57:11.825,0.83069,0.83074,1.00,1.00
2014.01.06 21:57:12.155,0.83065,0.8307,1.00,3.25
2014.01.06 21:57:12.459,0.83068,0.83072,1.00,1.00
2014.01.06 21:57:13.839,0.83068,0.83078,1.00,1.00
2014.01.06 21:57:13.941,0.8307,0.83079,1.00,1.00
2014.01.06 21:57:14.093,0.83073,0.83083,1.00,1.00
2014.01.06 21:57:15.131,0.83072,0.83082,1.00,1.00
2014.01.06 21:57:19.407,0.83073,0.83083,1.00,1.00
2014.01.06 21:57:20.249,0.83074,0.83084,1.00,1.88
2014.01.06 21:57:24.318,0.83076,0.83084,1.00,1.38
2014.01.06 21:57:24.677,0.83076,0.83086,1.00,1.38
2014.01.06 21:57:24.829,0.83078,0.83085,1.00,1.13
2014.01.06 21:57:30.085,0.83078,0.83086,1.00,1.38
2014.01.06 21:57:30.387,0.83076,0.83083,1.00,1.38
2014.01.06 21:57:31.145,0.83074,0.83079,1.00,1.00
2014.01.06 21:57:31.297,0.83073,0.83077,1.00,1.00
2014.01.06 21:57:35.197,0.83073,0.83079,1.00,1.38
2014.01.06 21:57:35.844,0.83072,0.83077,1.00,1.38
2014.01.06 21:57:57.097,0.83073,0.83078,1.00,1.38
2014.01.06 21:58:00.134,0.83072,0.83076,1.00,1.00
2014.01.06 21:58:00.694,0.83073,0.83078,1.00,1.13
2014.01.06 21:58:02.604,0.83072,0.83079,1.00,1.88
2014.01.06 21:58:04.677,0.83072,0.83079,1.00,1.88
2014.01.06 21:58:10.666,0.83072,0.83079,1.00,1.88
2014.01.06 21:58:15.056,0.83071,0.83079,1.00,1.38
2014.01.06 21:58:18.399,0.83072,0.83079,1.00,1.38
2014.01.06 21:58:19.085,0.83073,0.83079,1.00,1.38
2014.01.06 21:58:20.086,0.83072,0.83079,1.00,1.38
2014.01.06 21:58:25.680,0.83072,0.83079,1.00,1.13
2014.01.06 21:58:26.721,0.83071,0.83079,1.00,1.13
2014.01.06 21:58:26.930,0.83068,0.83078,1.00,1.13
2014.01.06 21:58:30.005,0.83069,0.83079,1.00,1.88
2014.01.06 21:58:30.518,0.83072,0.83079,1.00,1.00
2014.01.06 21:58:30.619,0.83073,0.83083,1.00,1.13
2014.01.06 21:58:30.822,0.83073,0.83082,1.00,1.38
2014.01.06 21:58:30.924,0.8307,0.8308,1.00,1.50
2014.01.06 21:58:31.405,0.83071,0.83081,1.00,2.25
2014.01.06 21:58:31.456,0.83073,0.83082,1.00,1.00
2014.01.06 21:58:31.761,0.83073,0.83079,1.00,1.00
2014.01.06 21:58:34.750,0.83072,0.83079,1.00,1.00
2014.01.06 21:58:35.270,0.83074,0.83079,1.00,1.00
2014.01.06 21:58:36.383,0.83073,0.83079,1.00,1.00
2014.01.06 21:58:36.890,0.83074,0.83079,1.00,1.00
2014.01.06 21:58:38.416,0.83074,0.83084,1.00,1.13
2014.01.06 21:58:38.519,0.83074,0.83079,1.00,1.00
2014.01.06 21:58:38.955,0.83074,0.83084,1.00,1.00
2014.01.06 21:58:39.275,0.83074,0.8308,1.13,1.00
2014.01.06 21:58:41.249,0.83075,0.8308,1.00,1.00
2014.01.06 21:58:41.924,0.83078,0.83084,1.00,1.00
2014.01.06 21:58:42.026,0.8308,0.83084,1.00,1.00
2014.01.06 21:58:42.178,0.83075,0.83082,1.38,1.00
2014.01.06 21:58:43.214,0.83074,0.83082,1.38,1.00
2014.01.06 21:58:47.325,0.83074,0.83082,1.38,1.00
2014.01.06 21:58:47.426,0.83074,0.83082,1.00,1.00
2014.01.06 21:58:47.890,0.83073,0.83079,1.00,1.00
2014.01.06 21:58:52.764,0.83067,0.83079,1.38,1.00
2014.01.06 21:59:00.211,0.83069,0.83079,0.38,0.75
2014.01.06 21:59:07.339,0.83069,0.83081,0.38,0.75
2014.01.06 21:59:07.560,0.83065,0.83081,1.50,0.75
2014.01.06 21:59:07.818,0.83065,0.83085,1.50,0.38
2014.01.06 21:59:07.870,0.83065,0.83088,1.50,0.75
2014.01.06 21:59:08.842,0.83066,0.83088,0.45,0.75
2014.01.06 21:59:09.181,0.83066,0.83086,0.45,0.38
2014.01.06 21:59:09.883,0.83066,0.83087,0.45,0.75
2014.01.06 21:59:10.187,0.83065,0.83085,0.83,0.38
2014.01.06 21:59:11.909,0.83065,0.83084,0.75,0.38
2014.01.06 21:59:13.542,0.83065,0.83085,0.75,0.38
2014.01.06 21:59:14.856,0.83065,0.83084,0.75,0.75
2014.01.06 21:59:15.159,0.83065,0.83081,0.75,0.38
2014.01.06 21:59:18.092,0.83065,0.83083,0.75,0.38
2014.01.06 21:59:22.108,0.83065,0.8308,0.75,0.38
2014.01.06 21:59:30.613,0.83065,0.83079,0.75,0.75
2014.01.06 21:59:30.930,0.83065,0.83072,0.75,0.75
2014.01.06 21:59:38.814,0.83065,0.83078,0.75,0.38
2014.01.06 21:59:38.915,0.83057,0.83078,0.10,0.38
2014.01.06 21:59:39.105,0.83057,0.83066,0.10,0.75
2014.01.06 21:59:39.618,0.83054,0.83066,0.45,0.75
2014.01.06 21:59:42.926,0.83056,0.83066,0.75,0.75
2014.01.06 21:59:43.328,0.83054,0.83066,0.23,0.75
2014.01.06 21:59:49.773,0.83054,0.83071,1.13,0.75
2014.01.06 21:59:49.874,0.83054,0.83066,1.13,0.75
2014.01.06 21:59:51.253,0.83055,0.83066,0.75,0.75
2014.01.06 21:59:52.269,0.83056,0.83066,0.75,0.75
2014.01.06 21:59:53.232,0.83055,0.83066,0.75,0.75
2014.01.06 21:59:54.222,0.83056,0.83066,0.75,0.75
2014.01.06 21:59:58.181,0.83057,0.83066,0.75,0.75
