2018.04.17 02:00:00.238,0.8634,0.8635,2.32,1.00
2018.04.17 02:00:00.761,0.86342,0.86351,1.00,1.00
2018.04.17 02:00:01.306,0.86342,0.86352,1.00,1.00
2018.04.17 02:00:01.650,0.86341,0.8635,1.00,1.00
2018.04.17 02:00:02.220,0.8634,0.8635,1.00,1.00
2018.04.17 02:00:02.764,0.86339,0.86349,1.57,1.00
2018.04.17 02:00:05.317,0.86339,0.86348,1.50,1.00
2018.04.17 02:00:06.083,0.86339,0.86347,1.00,1.00
2018.04.17 02:00:11.445,0.8634,0.86347,1.00,1.00
2018.04.17 02:00:11.602,0.8634,0.86349,1.00,1.00
2018.04.17 02:00:16.124,0.8634,0.86347,1.00,1.00
2018.04.17 02:00:17.147,0.86339,0.86348,1.12,1.00
2018.04.17 02:00:17.458,0.86339,0.86346,1.00,1.00
2018.04.17 02:00:19.193,0.86338,0.86347,1.00,1.00
2018.04.17 02:00:19.697,0.86337,0.86347,3.75,1.00
2018.04.17 02:00:20.395,0.86337,0.86346,1.00,1.00
2018.04.17 02:00:20.866,0.86336,0.86344,1.87,1.00
2018.04.17 02:00:21.390,0.86336,0.86343,1.00,1.00
2018.04.17 02:00:21.620,0.86333,0.86343,1.95,1.00
2018.04.17 02:00:23.933,0.86333,0.86342,1.95,1.00
2018.04.17 02:00:24.208,0.86334,0.86344,1.00,1.00
2018.04.17 02:00:24.524,0.86333,0.86342,1.10,1.00
2018.04.17 02:00:24.890,0.86335,0.86344,1.00,1.00
2018.04.17 02:00:27.064,0.86337,0.86344,1.00,1.00
2018.04.17 02:00:27.594,0.86336,0.86345,1.00,1.00
2018.04.17 02:00:30.202,0.86337,0.86347,1.00,1.00
2018.04.17 02:00:30.786,0.86338,0.86348,1.10,1.00
2018.04.17 02:00:32.602,0.86339,0.86348,1.00,1.00
2018.04.17 02:00:34.524,0.86339,0.86349,3.07,1.00
2018.04.17 02:00:34.631,0.86341,0.86351,1.00,1.00
2018.04.17 02:00:35.176,0.8634,0.8635,1.00,1.00
2018.04.17 02:00:35.746,0.86339,0.86349,1.10,1.00
2018.04.17 02:00:43.262,0.86338,0.86348,1.07,1.00
2018.04.17 02:00:50.466,0.8634,0.8635,1.00,1.50
2018.04.17 02:00:50.993,0.86341,0.86351,1.00,1.00
2018.04.17 02:01:20.434,0.8634,0.8635,2.62,1.00
2018.04.17 02:01:20.964,0.86341,0.86351,1.57,1.00
2018.04.17 02:01:21.477,0.86342,0.86352,1.12,1.12
2018.04.17 02:01:48.484,0.86343,0.86352,1.00,1.00
2018.04.17 02:01:48.988,0.86342,0.86352,1.12,1.00
2018.04.17 02:02:38.534,0.86342,0.86352,1.87,1.00
2018.04.17 02:02:46.774,0.86341,0.86349,1.20,1.00
2018.04.17 02:02:46.827,0.86339,0.86349,2.51,1.00
2018.04.17 02:02:46.931,0.86339,0.86347,2.62,1.00
2018.04.17 02:02:46.984,0.86341,0.8635,1.12,1.00
2018.04.17 02:02:48.769,0.86341,0.86351,1.31,1.00
2018.04.17 02:03:06.270,0.86341,0.86352,1.12,1.00
2018.04.17 02:03:10.663,0.86341,0.8635,1.20,1.00
2018.04.17 02:03:10.726,0.86344,0.86354,1.00,1.87
2018.04.17 02:03:10.889,0.86342,0.86352,1.10,1.00
2018.04.17 02:03:11.445,0.86341,0.86351,1.95,1.00
2018.04.17 02:03:12.070,0.86343,0.86353,1.12,2.62
2018.04.17 02:03:12.592,0.86344,0.86354,1.00,1.00
2018.04.17 02:03:17.176,0.86345,0.86354,1.12,1.00
2018.04.17 02:03:17.758,0.86345,0.86355,1.31,1.12
2018.04.17 02:03:20.472,0.86343,0.86353,1.87,1.00
2018.04.17 02:03:21.000,0.86342,0.86352,1.00,1.00
2018.04.17 02:03:21.760,0.86342,0.8635,1.00,1.00
2018.04.17 02:03:26.525,0.86341,0.86351,1.57,1.00
2018.04.17 02:03:27.069,0.86342,0.8635,1.12,1.00
2018.04.17 02:03:29.699,0.86342,0.86352,1.12,1.12
2018.04.17 02:03:31.437,0.86341,0.86351,2.25,1.00
2018.04.17 02:03:31.542,0.86343,0.86353,1.00,1.95
2018.04.17 02:03:47.584,0.86344,0.86353,1.00,1.00
2018.04.17 02:03:48.897,0.86343,0.86353,1.87,1.00
2018.04.17 02:03:55.645,0.86345,0.86355,1.00,1.00
2018.04.17 02:03:56.152,0.86344,0.86354,1.87,1.00
2018.04.17 02:03:59.476,0.86345,0.86356,1.12,1.00
2018.04.17 02:03:59.629,0.86347,0.86357,1.00,1.10
2018.04.17 02:04:00.164,0.86348,0.86358,1.12,2.62
2018.04.17 02:04:00.669,0.86348,0.86357,1.12,1.00
2018.04.17 02:04:01.038,0.86346,0.86354,1.00,1.00
2018.04.17 02:04:01.982,0.86345,0.86354,1.00,1.00
2018.04.17 02:04:03.852,0.86347,0.86355,1.00,1.00
2018.04.17 02:04:04.382,0.86345,0.86355,2.62,1.00
2018.04.17 02:04:04.892,0.86344,0.86355,2.62,1.50
2018.04.17 02:04:05.626,0.86344,0.86354,1.87,1.00
2018.04.17 02:04:07.654,0.86345,0.86355,1.00,1.00
2018.04.17 02:04:08.175,0.86344,0.86354,2.81,1.00
2018.04.17 02:04:12.604,0.86345,0.86355,1.00,1.00
2018.04.17 02:04:17.615,0.86344,0.86354,2.06,1.00
2018.04.17 02:04:19.048,0.86346,0.86356,1.12,2.62
2018.04.17 02:04:20.962,0.86347,0.86357,1.00,4.57
2018.04.17 02:04:21.540,0.86346,0.86356,1.12,1.87
2018.04.17 02:04:24.431,0.86346,0.86354,1.00,1.00
2018.04.17 02:04:24.696,0.86344,0.86353,1.12,1.00
2018.04.17 02:04:24.750,0.86343,0.86351,1.25,1.00
2018.04.17 02:04:24.803,0.86343,0.86353,1.01,1.00
2018.04.17 02:04:25.332,0.86343,0.86353,1.57,1.00
2018.04.17 02:04:30.206,0.86345,0.86353,1.00,1.00
2018.04.17 02:04:31.094,0.86347,0.86355,1.00,1.50
2018.04.17 02:04:31.611,0.86348,0.86356,1.00,1.00
2018.04.17 02:04:32.130,0.86347,0.86355,1.12,1.00
2018.04.17 02:04:35.800,0.86347,0.86357,1.00,3.00
2018.04.17 02:04:36.462,0.86347,0.86356,1.00,1.00
2018.04.17 02:04:37.121,0.86347,0.86357,1.00,3.00
2018.04.17 02:04:37.684,0.86346,0.86356,2.62,1.00
2018.04.17 02:04:37.787,0.86348,0.86356,1.00,1.00
2018.04.17 02:04:38.372,0.86347,0.86356,1.50,1.00
2018.04.17 02:04:40.022,0.86346,0.86356,2.62,1.00
2018.04.17 02:04:40.915,0.86347,0.86356,1.50,1.00
2018.04.17 02:04:41.417,0.86346,0.86356,3.07,1.00
2018.04.17 02:04:42.599,0.86347,0.86356,1.00,1.00
2018.04.17 02:04:43.112,0.86346,0.86356,3.07,1.00
2018.04.17 02:04:43.655,0.86347,0.86356,1.00,1.00
2018.04.17 02:04:44.225,0.86346,0.86356,3.75,1.50
2018.04.17 02:04:44.759,0.86347,0.86356,1.50,1.00
2018.04.17 02:04:45.527,0.86346,0.86356,4.87,1.00
2018.04.17 02:04:47.142,0.86347,0.86356,1.00,1.00
2018.04.17 02:04:47.678,0.86347,0.86357,1.50,1.50
2018.04.17 02:04:49.257,0.86348,0.86357,1.00,1.50
2018.04.17 02:04:49.775,0.86347,0.86357,1.50,2.25
2018.04.17 02:04:51.290,0.86347,0.86356,1.00,1.00
2018.04.17 02:04:55.468,0.86346,0.86356,2.25,2.25
2018.04.17 02:04:55.779,0.86348,0.86356,1.00,1.50
2018.04.17 02:04:56.874,0.86347,0.86356,1.00,1.50
2018.04.17 02:04:59.150,0.86346,0.86355,1.00,1.00
2018.04.17 02:05:01.628,0.86346,0.86356,1.00,1.00
2018.04.17 02:05:03.202,0.86348,0.86356,1.00,1.00
2018.04.17 02:05:03.577,0.86346,0.86355,1.50,1.00
2018.04.17 02:05:07.663,0.86345,0.86355,2.89,1.00
2018.04.17 02:05:09.190,0.86346,0.86355,1.37,1.00
2018.04.17 02:05:09.553,0.86345,0.86355,1.00,1.00
2018.04.17 02:05:11.140,0.86344,0.86354,2.25,1.00
2018.04.17 02:05:27.269,0.86344,0.86352,1.50,1.00
2018.04.17 02:05:27.322,0.86344,0.86354,1.50,1.87
2018.04.17 02:05:27.478,0.86346,0.86353,1.00,1.00
2018.04.17 02:05:27.635,0.86346,0.86356,1.12,4.12
2018.04.17 02:05:27.739,0.86344,0.86354,1.00,1.00
2018.04.17 02:05:28.273,0.86344,0.86353,1.00,1.00
2018.04.17 02:05:29.305,0.86343,0.86352,1.00,1.00
2018.04.17 02:05:29.818,0.86343,0.86353,1.12,1.12
2018.04.17 02:05:30.455,0.86343,0.86352,1.12,1.00
2018.04.17 02:05:32.368,0.86344,0.86352,1.00,1.00
2018.04.17 02:05:32.890,0.86344,0.86353,1.00,1.00
2018.04.17 02:05:38.823,0.86344,0.86354,1.00,1.12
2018.04.17 02:05:50.083,0.86345,0.86354,1.00,1.00
2018.04.17 02:05:50.996,0.86344,0.86354,1.12,1.00
2018.04.17 02:05:51.533,0.86345,0.86355,1.00,1.00
2018.04.17 02:05:52.170,0.86344,0.86354,1.20,1.00
2018.04.17 02:05:52.376,0.86347,0.86356,1.00,1.50
2018.04.17 02:05:52.645,0.86348,0.86358,1.00,1.12
2018.04.17 02:05:53.179,0.86349,0.86358,1.00,1.00
2018.04.17 02:06:08.368,0.86348,0.86358,1.12,1.00
2018.04.17 02:06:09.920,0.86346,0.86356,1.07,1.00
2018.04.17 02:06:10.263,0.86346,0.86353,1.00,1.00
2018.04.17 02:06:16.256,0.86344,0.86354,2.25,1.00
2018.04.17 02:06:17.206,0.86345,0.86355,1.00,1.50
2018.04.17 02:06:17.310,0.86344,0.86353,2.25,1.00
2018.04.17 02:06:17.850,0.86344,0.86354,2.25,1.00
2018.04.17 02:06:18.741,0.86345,0.86354,1.00,1.00
2018.04.17 02:06:19.389,0.86345,0.86353,1.00,1.00
2018.04.17 02:06:20.236,0.86344,0.86353,1.00,1.00
2018.04.17 02:06:20.740,0.86343,0.86352,1.12,1.00
2018.04.17 02:06:21.074,0.86343,0.8635,1.12,1.00
2018.04.17 02:06:33.704,0.86341,0.86351,2.25,1.00
2018.04.17 02:06:36.100,0.86342,0.86351,1.00,1.00
2018.04.17 02:06:50.966,0.86341,0.86351,2.25,1.00
2018.04.17 02:07:12.189,0.8634,0.8635,1.20,1.00
2018.04.17 02:07:12.697,0.86341,0.86351,1.00,1.00
2018.04.17 02:07:26.848,0.8634,0.8635,1.00,1.00
2018.04.17 02:07:26.905,0.86342,0.86349,1.00,1.00
2018.04.17 02:07:26.958,0.86338,0.86348,2.70,1.00
2018.04.17 02:07:27.012,0.8634,0.8635,1.00,3.00
2018.04.17 02:07:27.330,0.86339,0.86347,1.00,1.00
2018.04.17 02:07:27.483,0.86337,0.86347,1.12,1.00
2018.04.17 02:07:29.183,0.86335,0.86345,3.07,1.00
2018.04.17 02:07:29.700,0.86335,0.86345,1.95,1.12
2018.04.17 02:07:30.506,0.86338,0.86346,1.00,1.12
2018.04.17 02:07:31.024,0.86337,0.86347,1.12,1.87
2018.04.17 02:07:39.185,0.86337,0.86347,1.50,1.12
2018.04.17 02:07:46.514,0.86338,0.86348,1.12,1.00
2018.04.17 02:07:46.827,0.86338,0.86346,1.00,1.00
2018.04.17 02:07:46.954,0.86338,0.86348,1.12,1.00
2018.04.17 02:07:47.475,0.86339,0.86349,1.12,1.10
2018.04.17 02:07:48.070,0.86339,0.86348,1.00,1.00
2018.04.17 02:07:50.824,0.86339,0.86347,1.00,1.00
2018.04.17 02:07:57.936,0.86337,0.86347,2.62,1.50
2018.04.17 02:08:00.429,0.86338,0.86345,1.00,1.00
2018.04.17 02:08:00.818,0.86336,0.86346,1.87,1.00
2018.04.17 02:08:01.517,0.86337,0.86346,1.00,1.00
2018.04.17 02:08:02.062,0.86337,0.86347,1.00,1.00
2018.04.17 02:08:02.598,0.86336,0.86346,1.31,1.00
2018.04.17 02:08:12.735,0.86335,0.86345,1.95,1.00
2018.04.17 02:08:36.140,0.86335,0.86344,1.50,1.00
2018.04.17 02:08:42.993,0.86335,0.86345,1.50,1.00
2018.04.17 02:08:49.017,0.86335,0.86344,1.00,1.00
2018.04.17 02:09:00.732,0.86334,0.86344,1.00,1.00
2018.04.17 02:09:02.326,0.86335,0.86344,1.00,1.00
2018.04.17 02:09:02.903,0.86334,0.86344,1.12,1.00
2018.04.17 02:09:09.627,0.86335,0.86344,1.00,1.00
2018.04.17 02:09:10.448,0.86334,0.86344,1.69,1.00
2018.04.17 02:09:11.678,0.86335,0.86344,1.00,1.00
2018.04.17 02:09:11.787,0.86334,0.86342,1.10,1.00
2018.04.17 02:09:15.229,0.86333,0.86343,1.00,1.00
2018.04.17 02:09:15.572,0.86335,0.86345,1.00,1.12
2018.04.17 02:09:17.132,0.86333,0.86341,1.12,1.00
2018.04.17 02:09:17.635,0.86332,0.86343,1.00,1.87
2018.04.17 02:09:17.738,0.86334,0.86343,1.00,1.95
2018.04.17 02:09:18.081,0.86336,0.86344,1.00,1.87
2018.04.17 02:09:44.165,0.86335,0.86343,1.00,1.00
2018.04.17 02:09:45.132,0.86336,0.86346,1.00,2.25
2018.04.17 02:09:45.664,0.86337,0.86348,1.00,1.12
2018.04.17 02:09:46.453,0.86338,0.86348,1.00,1.12
2018.04.17 02:10:18.301,0.86339,0.86349,1.00,2.25
2018.04.17 02:10:18.818,0.8634,0.86349,1.00,1.10
2018.04.17 02:10:19.325,0.86339,0.86349,1.00,2.32
2018.04.17 02:10:19.845,0.8634,0.86349,1.00,2.25
2018.04.17 02:10:29.336,0.86339,0.86349,1.00,3.00
2018.04.17 02:10:30.037,0.86339,0.86348,1.00,1.00
2018.04.17 02:10:37.318,0.86339,0.86349,1.00,1.87
2018.04.17 02:10:37.878,0.86338,0.86348,1.00,1.00
2018.04.17 02:10:45.891,0.8634,0.8635,1.00,1.95
2018.04.17 02:10:46.433,0.8634,0.86349,1.00,1.10
2018.04.17 02:10:49.512,0.86336,0.86346,1.50,1.12
2018.04.17 02:10:49.616,0.86336,0.86344,1.00,1.12
2018.04.17 02:10:49.720,0.86334,0.86344,1.12,1.87
2018.04.17 02:10:50.441,0.86333,0.86344,1.50,1.87
2018.04.17 02:10:52.483,0.86334,0.86344,1.00,2.62
2018.04.17 02:10:53.457,0.86334,0.86345,1.50,1.12
2018.04.17 02:10:53.967,0.86335,0.86345,2.32,1.12
2018.04.17 02:10:54.735,0.86336,0.86345,1.00,1.12
2018.04.17 02:10:55.286,0.86335,0.86345,2.51,1.12
2018.04.17 02:11:00.070,0.86336,0.86346,1.00,1.37
2018.04.17 02:11:00.740,0.86337,0.86346,1.00,1.37
2018.04.17 02:11:19.852,0.86337,0.86347,1.00,1.50
2018.04.17 02:11:20.052,0.8634,0.86348,1.00,2.62
2018.04.17 02:11:21.678,0.86338,0.86348,1.00,1.87
2018.04.17 02:11:21.837,0.86336,0.86346,1.87,1.00
2018.04.17 02:11:23.857,0.86337,0.86347,1.00,1.87
2018.04.17 02:11:24.175,0.86339,0.86347,1.00,1.50
2018.04.17 02:11:28.587,0.86339,0.86348,1.00,1.50
2018.04.17 02:11:42.882,0.86339,0.86347,1.00,1.00
2018.04.17 02:11:46.905,0.86339,0.86348,1.00,2.25
2018.04.17 02:11:51.861,0.86338,0.86348,1.00,2.25
2018.04.17 02:12:20.003,0.86339,0.86347,1.00,1.00
2018.04.17 02:12:27.577,0.86338,0.86348,1.00,1.87
2018.04.17 02:12:27.785,0.86335,0.86346,2.06,1.00
2018.04.17 02:12:27.888,0.86334,0.86344,2.70,1.00
2018.04.17 02:12:28.489,0.86334,0.86344,1.87,1.12
2018.04.17 02:12:29.201,0.86335,0.86344,1.00,1.12
2018.04.17 02:12:29.764,0.86334,0.86344,1.12,1.12
2018.04.17 02:12:37.510,0.86333,0.86343,1.12,1.12
2018.04.17 02:12:37.814,0.8633,0.8634,3.00,1.12
2018.04.17 02:13:20.566,0.8633,0.86338,2.25,1.00
2018.04.17 02:13:21.094,0.86329,0.86339,1.31,1.12
2018.04.17 02:13:21.634,0.86329,0.86339,1.31,1.12
2018.04.17 02:13:22.294,0.86329,0.86339,1.31,1.12
2018.04.17 02:13:28.126,0.8633,0.86339,1.00,1.12
2018.04.17 02:13:42.130,0.8633,0.8634,1.00,2.32
2018.04.17 02:13:42.795,0.8633,0.8634,1.00,1.87
2018.04.17 02:13:48.828,0.86329,0.8634,2.06,1.87
2018.04.17 02:13:50.965,0.8633,0.8634,1.25,1.87
2018.04.17 02:14:08.288,0.86329,0.8634,2.81,2.62
2018.04.17 02:14:09.038,0.86331,0.86339,1.00,1.12
2018.04.17 02:14:10.432,0.8633,0.86339,1.00,1.12
2018.04.17 02:14:20.918,0.86329,0.86338,1.87,1.00
2018.04.17 02:14:21.653,0.86331,0.8634,1.00,1.00
2018.04.17 02:14:22.197,0.86331,0.86341,1.50,1.12
2018.04.17 02:14:22.734,0.8633,0.8634,1.00,1.00
2018.04.17 02:14:23.897,0.86331,0.8634,1.00,1.00
2018.04.17 02:14:24.003,0.86332,0.86342,1.00,1.00
2018.04.17 02:14:28.024,0.86332,0.86342,1.19,1.00
2018.04.17 02:14:29.074,0.86332,0.86342,1.69,1.00
2018.04.17 02:14:37.713,0.86332,0.86343,1.25,1.12
2018.04.17 02:14:38.712,0.86334,0.86342,1.00,1.00
2018.04.17 02:14:42.269,0.86333,0.86342,1.00,1.00
2018.04.17 02:14:42.877,0.86332,0.86342,1.00,1.00
2018.04.17 02:14:47.741,0.86331,0.86342,2.81,1.00
2018.04.17 02:14:48.271,0.86331,0.86341,1.50,1.00
2018.04.17 02:14:55.536,0.86331,0.86341,1.69,1.00
2018.04.17 02:14:55.768,0.86333,0.86344,2.25,1.12
2018.04.17 02:14:55.822,0.86333,0.86341,1.50,1.00
2018.04.17 02:14:55.927,0.86331,0.86341,1.50,1.00
2018.04.17 02:15:00.516,0.86332,0.86342,1.12,1.12
2018.04.17 02:15:01.661,0.86334,0.86342,1.00,1.00
2018.04.17 02:15:01.765,0.86332,0.86342,2.06,1.00
2018.04.17 02:15:03.837,0.86333,0.86342,1.00,1.00
2018.04.17 02:15:04.388,0.86332,0.86342,1.31,1.00
2018.04.17 02:15:15.649,0.86332,0.86343,1.69,1.00
2018.04.17 02:15:21.555,0.86332,0.86342,1.50,1.00
2018.04.17 02:15:22.082,0.86333,0.86344,1.50,2.62
2018.04.17 02:15:22.605,0.86333,0.86342,1.50,1.00
2018.04.17 02:15:25.848,0.86333,0.86341,1.00,1.00
2018.04.17 02:15:42.575,0.86332,0.86342,1.25,1.00
2018.04.17 02:15:43.123,0.86331,0.86341,1.00,1.00
2018.04.17 02:15:43.673,0.86332,0.86342,1.00,1.12
2018.04.17 02:15:50.166,0.86333,0.86342,1.00,1.00
2018.04.17 02:15:51.587,0.86332,0.86342,1.00,1.00
2018.04.17 02:15:55.605,0.86331,0.86341,1.50,1.00
2018.04.17 02:16:18.282,0.86331,0.8634,1.50,1.00
2018.04.17 02:16:18.421,0.86331,0.86342,1.50,1.12
2018.04.17 02:16:24.067,0.86331,0.86341,1.00,1.00
2018.04.17 02:16:26.350,0.86331,0.8634,1.00,1.00
2018.04.17 02:16:33.666,0.86331,0.86339,1.00,1.00
2018.04.17 02:16:36.257,0.86333,0.86341,1.00,1.00
2018.04.17 02:16:36.310,0.86334,0.86343,1.12,1.50
2018.04.17 02:16:36.811,0.86334,0.86344,2.06,1.12
2018.04.17 02:16:41.246,0.86333,0.86343,3.00,1.00
2018.04.17 02:16:41.455,0.86332,0.86343,1.50,1.12
2018.04.17 02:16:41.620,0.86334,0.86342,1.00,1.00
2018.04.17 02:16:47.572,0.86334,0.86342,1.00,1.50
2018.04.17 02:16:47.627,0.86331,0.86342,1.20,1.50
2018.04.17 02:16:49.198,0.86334,0.86342,1.00,1.00
2018.04.17 02:16:49.736,0.86333,0.86341,1.00,1.00
2018.04.17 02:16:53.705,0.86332,0.86341,1.00,1.00
2018.04.17 02:16:54.368,0.86331,0.86341,1.50,1.00
2018.04.17 02:16:54.900,0.86332,0.86341,1.00,1.00
2018.04.17 02:16:58.294,0.86334,0.86342,1.00,1.12
2018.04.17 02:16:58.660,0.86336,0.86344,1.00,1.50
2018.04.17 02:17:01.400,0.86336,0.86344,1.00,1.00
2018.04.17 02:17:01.918,0.86337,0.86345,1.00,1.12
2018.04.17 02:17:03.271,0.86336,0.86346,1.00,1.87
2018.04.17 02:17:04.292,0.86337,0.86346,1.00,1.95
2018.04.17 02:17:05.138,0.86337,0.86347,1.00,2.70
2018.04.17 02:17:07.302,0.86338,0.86347,1.00,1.10
2018.04.17 02:17:07.819,0.86339,0.86347,1.00,1.10
2018.04.17 02:17:07.974,0.86337,0.86348,1.50,4.95
2018.04.17 02:17:08.515,0.86336,0.86347,1.50,1.95
2018.04.17 02:17:09.293,0.86337,0.86348,1.00,4.20
2018.04.17 02:17:09.806,0.86338,0.86348,1.00,2.70
2018.04.17 02:17:15.311,0.86339,0.86348,1.00,3.45
2018.04.17 02:17:21.004,0.86339,0.86348,1.00,1.87
2018.04.17 02:17:21.352,0.86337,0.86347,2.06,1.10
2018.04.17 02:17:21.562,0.86335,0.86345,2.25,1.00
2018.04.17 02:17:22.355,0.86336,0.86345,1.00,1.00
2018.04.17 02:17:23.134,0.86335,0.86345,2.25,1.00
2018.04.17 02:17:24.414,0.86335,0.86345,1.50,1.50
2018.04.17 02:17:26.732,0.86336,0.86345,1.00,1.50
2018.04.17 02:17:27.243,0.86335,0.86346,2.25,5.70
2018.04.17 02:17:28.131,0.86334,0.86345,1.50,1.87
2018.04.17 02:17:28.808,0.86335,0.86343,1.00,1.00
2018.04.17 02:17:29.155,0.86333,0.86341,1.00,1.00
2018.04.17 02:17:29.898,0.86332,0.86342,1.00,1.37
2018.04.17 02:17:30.004,0.86333,0.86344,1.50,1.20
2018.04.17 02:17:30.161,0.86333,0.86342,3.19,1.00
2018.04.17 02:17:30.214,0.86334,0.86344,1.00,1.95
2018.04.17 02:17:32.505,0.86333,0.86343,1.25,1.00
2018.04.17 02:17:32.748,0.86331,0.86342,1.76,1.00
2018.04.17 02:17:32.853,0.86331,0.8634,1.00,1.00
2018.04.17 02:17:36.950,0.86331,0.86341,1.00,1.12
2018.04.17 02:17:37.480,0.86332,0.86342,1.00,1.87
2018.04.17 02:17:44.305,0.86331,0.8634,1.00,1.50
2018.04.17 02:17:44.906,0.8633,0.8634,1.00,1.12
2018.04.17 02:17:45.717,0.86329,0.8634,1.50,1.87
2018.04.17 02:17:51.869,0.86329,0.86339,1.00,1.00
2018.04.17 02:17:52.493,0.86328,0.86339,3.00,1.12
2018.04.17 02:17:57.122,0.8633,0.86338,1.00,1.00
2018.04.17 02:17:57.174,0.8633,0.8634,1.00,1.50
2018.04.17 02:17:57.698,0.86331,0.86341,1.00,1.12
2018.04.17 02:18:00.517,0.8633,0.86341,2.44,1.87
2018.04.17 02:18:01.189,0.86331,0.86342,1.12,2.25
2018.04.17 02:18:07.020,0.8633,0.86341,1.69,1.50
2018.04.17 02:18:07.534,0.8633,0.8634,1.00,1.20
2018.04.17 02:18:08.048,0.86329,0.8634,1.00,1.20
2018.04.17 02:18:09.474,0.86328,0.86339,1.87,1.00
2018.04.17 02:18:12.181,0.86329,0.8634,1.00,2.62
2018.04.17 02:18:12.699,0.86329,0.8634,1.50,1.87
2018.04.17 02:18:16.490,0.86329,0.86339,1.00,1.00
2018.04.17 02:18:18.835,0.86329,0.8634,1.00,1.87
2018.04.17 02:18:22.414,0.8633,0.8634,1.00,1.87
2018.04.17 02:18:22.957,0.8633,0.86339,1.00,1.12
2018.04.17 02:18:32.885,0.86328,0.86339,1.00,1.87
2018.04.17 02:18:33.031,0.86327,0.86336,1.00,1.00
2018.04.17 02:18:33.448,0.86329,0.86336,1.00,1.12
2018.04.17 02:18:33.893,0.86329,0.86336,1.31,1.00
2018.04.17 02:18:34.153,0.8633,0.86341,1.19,1.87
2018.04.17 02:18:34.685,0.8633,0.86341,1.25,1.87
2018.04.17 02:18:35.225,0.86331,0.86341,1.00,2.62
2018.04.17 02:18:40.111,0.86332,0.86341,1.00,2.70
2018.04.17 02:18:41.619,0.86332,0.86342,1.00,5.70
2018.04.17 02:18:41.775,0.86334,0.86343,1.00,1.20
2018.04.17 02:18:42.358,0.86334,0.86344,1.00,1.87
2018.04.17 02:18:44.548,0.86334,0.86343,1.00,1.00
2018.04.17 02:18:45.418,0.86334,0.86342,1.00,1.12
2018.04.17 02:18:45.524,0.86332,0.86342,1.00,1.50
2018.04.17 02:18:46.241,0.86335,0.86345,1.00,2.70
2018.04.17 02:18:47.649,0.86335,0.86345,1.00,1.12
2018.04.17 02:18:49.505,0.86334,0.86342,1.00,1.00
2018.04.17 02:18:49.721,0.86332,0.86342,1.00,1.12
2018.04.17 02:18:50.243,0.86333,0.86342,1.00,1.12
2018.04.17 02:18:54.391,0.86331,0.86341,2.25,1.00
2018.04.17 02:18:54.981,0.86332,0.86342,1.00,3.45
2018.04.17 02:18:55.556,0.86332,0.86341,1.00,1.00
2018.04.17 02:18:56.302,0.86332,0.86342,1.00,2.32
2018.04.17 02:18:56.356,0.86332,0.8634,1.00,1.00
2018.04.17 02:18:56.409,0.8633,0.86339,2.62,1.00
2018.04.17 02:18:56.631,0.86331,0.86337,1.00,1.00
2018.04.17 02:18:56.788,0.86327,0.86337,1.69,1.87
2018.04.17 02:18:57.314,0.86327,0.86337,1.00,2.70
2018.04.17 02:18:57.471,0.86328,0.86338,1.00,1.20
2018.04.17 02:18:58.681,0.86329,0.86339,1.00,2.70
2018.04.17 02:18:58.991,0.86327,0.86337,1.25,1.12
2018.04.17 02:18:59.530,0.86326,0.86336,1.50,1.12
2018.04.17 02:19:02.957,0.86324,0.86334,2.06,1.12
2018.04.17 02:19:03.294,0.86328,0.86336,1.00,1.00
2018.04.17 02:19:03.346,0.86326,0.86336,1.50,1.00
2018.04.17 02:19:03.452,0.86328,0.86336,1.00,1.00
2018.04.17 02:19:03.505,0.86328,0.86338,1.00,1.10
2018.04.17 02:19:04.668,0.8633,0.86338,1.00,1.00
2018.04.17 02:19:05.318,0.86329,0.86339,1.00,1.00
2018.04.17 02:19:06.666,0.8633,0.8634,1.00,1.20
2018.04.17 02:19:07.724,0.86332,0.8634,1.00,1.00
2018.04.17 02:19:08.263,0.86333,0.86341,1.00,1.00
2018.04.17 02:19:08.827,0.86334,0.86342,1.00,1.00
2018.04.17 02:19:09.000,0.86331,0.8634,2.25,1.00
2018.04.17 02:19:09.054,0.86329,0.86339,1.12,1.12
2018.04.17 02:19:09.574,0.86328,0.86338,1.00,1.00
2018.04.17 02:19:10.127,0.8633,0.86338,1.00,1.00
2018.04.17 02:19:10.673,0.8633,0.8634,1.00,3.07
2018.04.17 02:19:19.875,0.8633,0.8634,1.00,3.00
2018.04.17 02:19:22.374,0.8633,0.86339,1.00,1.00
2018.04.17 02:19:23.653,0.8633,0.8634,1.00,2.62
2018.04.17 02:19:24.321,0.86332,0.8634,1.00,2.62
2018.04.17 02:19:34.348,0.86333,0.86341,1.00,1.00
2018.04.17 02:19:34.454,0.86334,0.86343,1.00,1.20
2018.04.17 02:19:34.969,0.86334,0.86344,1.00,1.12
2018.04.17 02:19:43.683,0.86336,0.86343,1.00,1.00
2018.04.17 02:19:45.269,0.86335,0.86345,1.00,3.45
2018.04.17 02:19:47.405,0.86335,0.86345,1.45,3.37
2018.04.17 02:19:47.618,0.86336,0.86346,1.57,1.87
2018.04.17 02:19:47.670,0.86335,0.86344,1.45,1.00
2018.04.17 02:19:47.723,0.86334,0.86344,1.95,1.00
2018.04.17 02:19:47.776,0.86337,0.86346,1.00,1.00
2018.04.17 02:19:48.305,0.86338,0.86346,1.20,1.00
2018.04.17 02:19:48.923,0.86339,0.86346,1.00,1.00
2018.04.17 02:19:49.222,0.86339,0.86348,1.00,1.87
2018.04.17 02:19:51.690,0.86336,0.86346,1.00,1.00
2018.04.17 02:19:51.933,0.86338,0.86347,1.00,3.00
2018.04.17 02:19:52.465,0.86337,0.86347,1.00,1.50
2018.04.17 02:19:56.286,0.86337,0.86344,1.00,1.00
2018.04.17 02:19:56.455,0.86335,0.86344,1.50,1.00
2018.04.17 02:19:57.196,0.86335,0.86345,1.50,2.25
2018.04.17 02:20:00.222,0.86335,0.86344,1.00,1.00
2018.04.17 02:20:01.719,0.86335,0.86345,1.00,1.50
2018.04.17 02:20:02.449,0.86335,0.86344,1.00,1.00
2018.04.17 02:20:05.247,0.86336,0.86343,1.00,1.00
2018.04.17 02:20:05.454,0.86335,0.86345,1.00,1.50
2018.04.17 02:20:15.356,0.86336,0.86346,1.00,2.62
2018.04.17 02:20:15.860,0.86336,0.86346,1.10,1.00
2018.04.17 02:20:16.790,0.86338,0.86348,1.00,2.70
2018.04.17 02:20:19.667,0.86338,0.86348,1.00,2.32
2018.04.17 02:20:23.260,0.86339,0.86348,1.00,1.50
2018.04.17 02:20:24.333,0.86341,0.86348,1.00,2.25
2018.04.17 02:20:24.542,0.86341,0.8635,1.00,1.12
2018.04.17 02:20:27.103,0.8634,0.8635,1.00,1.95
2018.04.17 02:20:27.314,0.8634,0.86348,1.00,1.00
2018.04.17 02:20:32.090,0.8634,0.86349,1.00,1.12
2018.04.17 02:20:33.978,0.86341,0.8635,1.00,1.95
2018.04.17 02:20:34.134,0.86338,0.86348,1.00,1.00
2018.04.17 02:20:34.445,0.8634,0.86349,1.00,1.57
2018.04.17 02:20:35.122,0.8634,0.8635,1.00,2.70
2018.04.17 02:20:38.482,0.86341,0.86349,1.00,1.00
2018.04.17 02:20:38.999,0.86341,0.86351,1.00,2.70
2018.04.17 02:20:40.325,0.86342,0.86351,1.00,2.70
2018.04.17 02:20:55.040,0.86341,0.86351,1.00,1.95
2018.04.17 02:21:08.780,0.8634,0.8635,1.00,1.12
2018.04.17 02:21:22.955,0.86341,0.86348,1.00,1.00
2018.04.17 02:21:23.116,0.86339,0.86349,1.00,1.95
2018.04.17 02:21:23.753,0.8634,0.86349,1.00,1.00
2018.04.17 02:21:25.245,0.86342,0.86349,1.00,1.00
2018.04.17 02:21:25.790,0.86341,0.8635,1.00,1.20
2018.04.17 02:21:40.280,0.86341,0.86351,1.00,4.95
2018.04.17 02:21:40.639,0.86343,0.86351,1.00,1.12
2018.04.17 02:21:48.387,0.86343,0.8635,1.00,1.00
2018.04.17 02:21:49.817,0.86343,0.86351,1.00,1.50
2018.04.17 02:21:59.146,0.86342,0.86351,1.00,1.10
2018.04.17 02:22:00.675,0.86343,0.86351,1.00,1.00
2018.04.17 02:22:01.770,0.86344,0.86351,1.00,1.00
2018.04.17 02:22:01.977,0.86345,0.86353,1.00,1.00
2018.04.17 02:22:02.703,0.86347,0.86354,1.00,1.20
2018.04.17 02:22:05.452,0.86346,0.86355,1.00,1.45
2018.04.17 02:22:05.558,0.86344,0.86353,1.00,1.20
2018.04.17 02:22:05.612,0.86343,0.86352,1.50,1.07
2018.04.17 02:22:05.935,0.86343,0.86353,1.00,2.70
2018.04.17 02:22:05.987,0.86343,0.86353,1.00,1.95
2018.04.17 02:22:06.516,0.86343,0.86353,1.00,2.70
2018.04.17 02:22:10.467,0.86343,0.86353,1.00,1.95
2018.04.17 02:22:11.394,0.86343,0.86352,1.00,1.57
2018.04.17 02:22:12.148,0.86343,0.86352,1.00,1.57
2018.04.17 02:22:22.066,0.86343,0.86352,1.00,1.57
2018.04.17 02:22:23.990,0.86344,0.86354,1.12,2.32
2018.04.17 02:22:24.508,0.86345,0.86354,1.00,1.57
2018.04.17 02:22:25.015,0.86344,0.86354,1.12,1.57
2018.04.17 02:22:26.997,0.86344,0.86354,1.12,2.32
2018.04.17 02:22:27.153,0.86344,0.86354,1.12,1.20
2018.04.17 02:22:27.923,0.86345,0.86352,1.00,1.00
2018.04.17 02:22:28.129,0.86344,0.86354,1.12,1.95
2018.04.17 02:22:53.404,0.86344,0.86354,1.12,1.95
2018.04.17 02:22:54.924,0.86344,0.86354,1.12,2.70
2018.04.17 02:23:02.577,0.86343,0.86353,2.25,1.00
2018.04.17 02:23:02.735,0.86343,0.86352,1.00,3.45
2018.04.17 02:23:02.945,0.8634,0.8635,1.00,1.12
2018.04.17 02:23:02.998,0.8634,0.86348,1.00,1.00
2018.04.17 02:23:03.681,0.86339,0.86348,1.00,1.00
2018.04.17 02:23:04.455,0.86338,0.86348,1.00,1.00
2018.04.17 02:23:28.159,0.8634,0.86348,1.00,1.00
2018.04.17 02:23:28.727,0.8634,0.8635,1.00,2.25
2018.04.17 02:23:30.045,0.8634,0.8635,1.25,1.00
2018.04.17 02:23:31.629,0.86341,0.86351,2.44,1.00
2018.04.17 02:23:32.813,0.86342,0.86352,1.00,1.50
2018.04.17 02:23:34.013,0.86342,0.8635,1.00,1.00
2018.04.17 02:24:00.223,0.86343,0.86351,1.00,1.95
2018.04.17 02:24:00.484,0.86344,0.86353,1.00,1.10
2018.04.17 02:24:02.338,0.86345,0.86354,1.00,1.20
2018.04.17 02:24:03.077,0.86345,0.86355,1.00,1.95
2018.04.17 02:24:07.755,0.86345,0.86354,1.00,1.20
2018.04.17 02:24:10.895,0.86345,0.86355,1.00,2.70
2018.04.17 02:24:14.370,0.86343,0.86354,4.87,1.95
2018.04.17 02:24:14.580,0.86343,0.86352,1.87,1.95
2018.04.17 02:24:15.102,0.86343,0.86352,1.00,1.20
2018.04.17 02:24:15.944,0.86343,0.86351,1.00,1.20
2018.04.17 02:24:19.512,0.8634,0.86348,2.62,1.00
2018.04.17 02:24:20.319,0.86339,0.86348,1.37,1.95
2018.04.17 02:24:21.017,0.86339,0.86348,1.37,1.95
2018.04.17 02:24:22.155,0.86338,0.86348,1.87,1.95
2018.04.17 02:24:22.522,0.86337,0.86346,1.87,1.20
2018.04.17 02:24:23.221,0.86336,0.86346,6.75,1.20
2018.04.17 02:24:29.497,0.86336,0.86346,6.00,1.95
2018.04.17 02:24:30.639,0.86336,0.86345,2.06,1.10
2018.04.17 02:24:31.500,0.86337,0.86347,1.12,2.32
2018.04.17 02:24:31.850,0.86338,0.86348,1.87,1.95
2018.04.17 02:24:37.255,0.86337,0.86346,1.00,1.20
2018.04.17 02:24:37.699,0.86336,0.86344,1.12,1.00
2018.04.17 02:24:38.203,0.86334,0.86344,3.56,1.20
2018.04.17 02:24:42.119,0.86335,0.86343,1.12,1.00
2018.04.17 02:24:43.778,0.86334,0.86343,1.00,1.95
2018.04.17 02:24:49.634,0.86334,0.86342,1.00,1.00
2018.04.17 02:24:51.295,0.86334,0.86342,1.00,1.95
2018.04.17 02:24:55.650,0.86334,0.86341,1.00,1.20
2018.04.17 02:25:04.646,0.86334,0.86342,1.00,1.95
2018.04.17 02:25:07.931,0.86332,0.86342,2.81,1.95
2018.04.17 02:25:26.872,0.86332,0.8634,1.87,1.20
2018.04.17 02:25:34.510,0.86332,0.8634,1.50,1.20
2018.04.17 02:25:39.542,0.8633,0.8634,4.50,1.95
2018.04.17 02:25:39.647,0.86332,0.8634,2.25,1.20
2018.04.17 02:25:40.159,0.86333,0.86342,1.00,1.45
2018.04.17 02:25:41.339,0.86334,0.86342,1.00,1.95
2018.04.17 02:25:41.866,0.86333,0.86342,1.87,1.20
2018.04.17 02:25:42.368,0.86333,0.86342,1.12,1.20
2018.04.17 02:25:46.857,0.86332,0.8634,2.25,1.10
2018.04.17 02:25:48.301,0.86332,0.8634,2.25,1.95
2018.04.17 02:25:54.767,0.86332,0.8634,2.25,1.95
2018.04.17 02:25:58.589,0.86334,0.86341,1.00,1.20
2018.04.17 02:25:59.106,0.86335,0.86342,1.00,1.20
2018.04.17 02:26:00.602,0.86333,0.86342,1.87,1.20
2018.04.17 02:26:01.148,0.86334,0.86342,1.00,1.20
2018.04.17 02:26:01.661,0.86334,0.86344,1.00,1.95
2018.04.17 02:26:02.504,0.86335,0.86344,1.50,1.20
2018.04.17 02:26:03.933,0.86334,0.86344,2.25,1.20
2018.04.17 02:26:05.887,0.86335,0.86343,1.00,1.45
2018.04.17 02:26:06.014,0.86334,0.86344,2.25,1.20
2018.04.17 02:26:06.686,0.86334,0.86344,3.75,1.20
2018.04.17 02:26:08.490,0.86334,0.86343,1.00,1.45
2018.04.17 02:26:09.163,0.86334,0.86344,1.12,1.95
2018.04.17 02:26:09.680,0.86335,0.86344,1.00,1.45
2018.04.17 02:26:10.232,0.86335,0.86344,1.00,1.20
2018.04.17 02:26:28.633,0.86334,0.86345,1.87,1.95
2018.04.17 02:26:30.658,0.86335,0.86345,1.00,1.95
2018.04.17 02:26:32.016,0.86334,0.86345,1.87,1.95
2018.04.17 02:26:35.303,0.86334,0.86344,1.12,1.20
2018.04.17 02:26:35.818,0.86334,0.86345,1.12,1.95
2018.04.17 02:26:43.033,0.86335,0.86344,1.00,1.10
2018.04.17 02:26:44.128,0.86335,0.86343,1.00,1.00
2018.04.17 02:26:59.372,0.86334,0.86344,2.06,1.10
2018.04.17 02:27:04.166,0.86334,0.86344,2.81,1.10
2018.04.17 02:27:07.706,0.86335,0.86345,1.87,1.20
2018.04.17 02:27:30.987,0.86336,0.86346,1.00,1.95
2018.04.17 02:27:31.272,0.86338,0.86348,1.00,1.95
2018.04.17 02:27:31.875,0.86338,0.86347,1.87,1.20
2018.04.17 02:27:38.422,0.86338,0.86348,1.87,1.95
2018.04.17 02:27:39.015,0.86339,0.86348,1.00,1.20
2018.04.17 02:27:44.856,0.86339,0.86347,1.00,1.45
2018.04.17 02:27:45.518,0.86339,0.86348,1.00,1.20
2018.04.17 02:27:47.297,0.86338,0.86348,1.12,1.20
2018.04.17 02:27:47.899,0.86339,0.86348,1.00,1.45
2018.04.17 02:27:49.944,0.86339,0.86349,1.00,1.95
2018.04.17 02:27:56.857,0.86339,0.86348,1.00,1.45
2018.04.17 02:27:57.170,0.86337,0.86346,1.00,1.20
2018.04.17 02:27:57.724,0.86337,0.86347,1.00,1.95
2018.04.17 02:27:58.242,0.86338,0.86346,1.00,1.10
2018.04.17 02:28:02.238,0.86338,0.86346,1.00,1.95
2018.04.17 02:28:08.185,0.86338,0.86346,1.00,1.95
2018.04.17 02:28:08.695,0.86338,0.86345,1.00,1.20
2018.04.17 02:28:09.675,0.86338,0.86346,1.00,1.20
2018.04.17 02:28:12.551,0.86337,0.86347,1.00,2.70
2018.04.17 02:28:12.910,0.86339,0.86347,1.00,1.95
2018.04.17 02:28:13.222,0.8634,0.86348,1.00,1.20
2018.04.17 02:28:13.768,0.86341,0.86349,1.00,1.20
2018.04.17 02:28:14.282,0.8634,0.86349,1.00,1.20
2018.04.17 02:28:14.939,0.86341,0.86349,1.00,1.20
2018.04.17 02:28:16.669,0.86342,0.86349,1.00,1.20
2018.04.17 02:28:17.213,0.86341,0.8635,1.00,1.95
2018.04.17 02:28:20.331,0.86341,0.86349,1.00,1.20
2018.04.17 02:28:20.890,0.86341,0.86348,1.00,1.20
2018.04.17 02:28:22.218,0.86341,0.86348,1.00,1.20
2018.04.17 02:28:22.738,0.86341,0.86348,1.00,1.20
2018.04.17 02:28:24.909,0.8634,0.86349,1.00,1.45
2018.04.17 02:28:25.235,0.86339,0.86347,1.00,1.45
2018.04.17 02:28:27.165,0.86339,0.86348,1.00,1.20
2018.04.17 02:28:27.677,0.8634,0.86348,1.00,1.45
2018.04.17 02:28:27.730,0.8634,0.86349,1.00,1.20
2018.04.17 02:28:28.251,0.86341,0.86349,1.00,1.20
2018.04.17 02:28:28.756,0.86342,0.86349,1.00,1.45
2018.04.17 02:28:32.371,0.86342,0.86351,1.00,1.00
2018.04.17 02:28:32.926,0.86342,0.8635,1.00,1.00
2018.04.17 02:28:33.469,0.86342,0.86351,1.25,1.00
2018.04.17 02:28:33.652,0.86344,0.86351,1.00,1.00
2018.04.17 02:28:33.706,0.86343,0.86353,1.00,2.62
2018.04.17 02:28:33.764,0.86343,0.86351,1.00,1.00
2018.04.17 02:28:34.081,0.86343,0.86353,1.00,2.62
2018.04.17 02:28:44.129,0.86343,0.86352,1.00,1.00
2018.04.17 02:28:47.317,0.86343,0.86351,1.00,1.00
2018.04.17 02:28:48.358,0.86343,0.86352,1.00,1.00
2018.04.17 02:28:52.583,0.86343,0.86351,1.00,1.00
2018.04.17 02:28:53.306,0.86343,0.86352,1.00,1.00
2018.04.17 02:28:54.010,0.86343,0.86353,1.00,2.25
2018.04.17 02:28:56.289,0.86343,0.86352,1.00,1.00
2018.04.17 02:29:08.953,0.86343,0.86353,1.00,2.32
2018.04.17 02:29:09.450,0.86343,0.86351,1.00,1.00
2018.04.17 02:29:15.266,0.86343,0.86352,1.00,1.00
2018.04.17 02:29:19.727,0.86343,0.86351,1.00,1.00
2018.04.17 02:29:20.257,0.86343,0.86352,1.00,1.00
2018.04.17 02:29:20.788,0.86342,0.86351,1.00,1.12
2018.04.17 02:29:21.365,0.86341,0.86351,1.12,1.12
2018.04.17 02:29:22.064,0.86342,0.86351,1.00,1.12
2018.04.17 02:29:25.310,0.86342,0.86352,1.50,1.00
2018.04.17 02:29:26.067,0.86343,0.86352,1.00,1.00
2018.04.17 02:29:26.730,0.86343,0.86354,1.00,4.20
2018.04.17 02:29:27.896,0.86344,0.86354,1.00,1.95
2018.04.17 02:29:36.869,0.86344,0.86355,1.00,1.12
2018.04.17 02:29:53.072,0.86344,0.86354,1.00,1.00
2018.04.17 02:29:54.375,0.86344,0.86355,1.00,1.87
2018.04.17 02:29:56.688,0.86344,0.86354,1.00,1.00
2018.04.17 02:30:00.433,0.86344,0.86355,1.00,1.87
2018.04.17 02:30:03.282,0.86345,0.86355,1.00,1.87
2018.04.17 02:30:04.490,0.86345,0.86356,1.00,1.50
2018.04.17 02:30:22.655,0.86346,0.86356,1.00,1.00
2018.04.17 02:30:26.815,0.86345,0.86356,1.00,2.32
2018.04.17 02:30:27.681,0.86345,0.86355,1.10,1.00
2018.04.17 02:30:28.283,0.86345,0.86356,1.00,2.25
2018.04.17 02:30:29.091,0.86345,0.86355,1.00,1.00
2018.04.17 02:30:40.331,0.86346,0.86355,1.00,1.00
2018.04.17 02:30:41.082,0.86345,0.86355,1.12,1.00
2018.04.17 02:30:54.711,0.86345,0.86356,1.00,1.57
2018.04.17 02:31:00.173,0.86345,0.86355,1.00,1.00
2018.04.17 02:31:00.709,0.86345,0.86356,1.00,1.95
2018.04.17 02:31:01.602,0.86345,0.86355,1.00,1.00
2018.04.17 02:31:02.415,0.86345,0.86356,1.00,1.95
2018.04.17 02:31:04.597,0.86345,0.86355,1.00,1.00
2018.04.17 02:31:06.657,0.86345,0.86356,1.00,1.95
2018.04.17 02:31:10.725,0.86345,0.86356,1.00,1.57
2018.04.17 02:31:12.036,0.86345,0.86356,1.00,1.20
2018.04.17 02:31:36.870,0.86345,0.86355,1.00,2.25
2018.04.17 02:31:39.371,0.86346,0.86355,1.00,1.50
2018.04.17 02:32:06.273,0.86347,0.86355,1.00,1.12
2018.04.17 02:32:08.154,0.86346,0.86357,1.12,2.32
2018.04.17 02:32:08.666,0.86347,0.86358,1.00,6.37
2018.04.17 02:32:12.544,0.86348,0.86357,1.00,1.00
2018.04.17 02:32:14.578,0.86348,0.86358,1.00,1.12
2018.04.17 02:32:17.114,0.86348,0.86357,1.00,1.50
2018.04.17 02:32:17.167,0.86346,0.86357,1.00,2.25
2018.04.17 02:32:17.219,0.86347,0.86356,1.00,4.12
2018.04.17 02:32:17.272,0.86347,0.86357,1.00,2.70
2018.04.17 02:32:17.376,0.86345,0.86356,1.50,1.95
2018.04.17 02:32:17.428,0.86345,0.86356,1.50,1.95
2018.04.17 02:32:17.945,0.86344,0.86354,1.00,1.50
2018.04.17 02:32:43.145,0.86346,0.86355,1.00,1.12
2018.04.17 02:32:45.174,0.86345,0.86356,1.00,3.45
2018.04.17 02:32:47.950,0.86345,0.86355,1.00,1.95
2018.04.17 02:32:51.044,0.86345,0.86353,1.00,1.00
2018.04.17 02:32:55.541,0.86345,0.86354,1.00,1.20
2018.04.17 02:32:56.102,0.86345,0.86353,1.00,1.00
2018.04.17 02:32:56.694,0.86343,0.86354,1.50,1.20
2018.04.17 02:32:57.873,0.86343,0.86353,1.00,1.00
2018.04.17 02:33:01.588,0.86343,0.86354,1.00,1.95
2018.04.17 02:33:07.459,0.86344,0.86354,1.00,1.95
2018.04.17 02:33:29.990,0.86343,0.86354,1.00,1.12
2018.04.17 02:33:30.530,0.86343,0.86354,1.00,2.62
2018.04.17 02:33:52.033,0.86342,0.86353,1.00,1.87
2018.04.17 02:33:52.610,0.86344,0.86354,1.00,1.95
2018.04.17 02:33:52.662,0.86344,0.86355,1.00,3.07
2018.04.17 02:33:53.207,0.86345,0.86355,1.50,1.00
2018.04.17 02:33:58.108,0.86344,0.86354,1.50,1.00
2018.04.17 02:33:58.160,0.86343,0.86353,1.00,1.87
2018.04.17 02:33:58.685,0.86342,0.86351,1.00,1.00
2018.04.17 02:34:02.465,0.86341,0.86352,1.00,4.87
2018.04.17 02:34:02.605,0.86342,0.86353,1.00,2.70
2018.04.17 02:34:07.746,0.86344,0.86353,1.00,1.00
2018.04.17 02:34:07.903,0.86344,0.86355,1.00,2.70
2018.04.17 02:34:13.360,0.86345,0.86355,1.00,1.95
2018.04.17 02:34:14.509,0.86345,0.86354,1.00,1.00
2018.04.17 02:34:14.669,0.86343,0.86353,1.00,1.87
2018.04.17 02:34:16.838,0.86342,0.86353,1.00,3.37
2018.04.17 02:34:17.378,0.86341,0.86352,1.50,1.12
2018.04.17 02:34:18.700,0.8634,0.8635,1.00,1.00
2018.04.17 02:34:19.039,0.86339,0.86348,1.87,1.00
2018.04.17 02:34:19.671,0.8634,0.86348,1.00,1.00
2018.04.17 02:34:21.898,0.86338,0.86349,2.25,1.12
2018.04.17 02:34:51.037,0.86338,0.86348,1.12,1.12
2018.04.17 02:34:51.548,0.86339,0.86348,1.00,1.12
2018.04.17 02:35:09.368,0.8634,0.86348,1.00,1.12
2018.04.17 02:35:10.035,0.86338,0.86349,1.12,2.25
2018.04.17 02:35:10.883,0.86339,0.86349,1.00,1.57
2018.04.17 02:35:11.062,0.86341,0.8635,1.00,1.12
2018.04.17 02:35:11.908,0.8634,0.86349,1.00,1.00
2018.04.17 02:35:12.137,0.86338,0.86348,1.12,1.12
2018.04.17 02:35:16.443,0.86337,0.86348,1.00,1.87
2018.04.17 02:35:17.948,0.86338,0.86348,1.00,1.95
2018.04.17 02:35:18.478,0.86337,0.86348,1.69,1.95
2018.04.17 02:35:20.352,0.86338,0.86348,1.00,1.95
2018.04.17 02:35:21.052,0.86337,0.86348,1.00,1.87
2018.04.17 02:35:21.267,0.86339,0.86347,1.00,1.00
2018.04.17 02:35:22.436,0.86337,0.86348,2.25,2.62
2018.04.17 02:35:23.004,0.86338,0.86348,1.00,1.87
2018.04.17 02:35:26.351,0.86337,0.86348,1.00,1.87
2018.04.17 02:35:29.579,0.86339,0.86347,1.00,1.00
2018.04.17 02:35:33.568,0.86338,0.86348,2.25,1.50
2018.04.17 02:35:34.097,0.86338,0.86348,1.00,2.32
2018.04.17 02:35:39.959,0.86339,0.86348,1.00,1.50
2018.04.17 02:35:45.070,0.86338,0.86348,1.00,1.95
2018.04.17 02:35:45.590,0.86337,0.86348,1.00,1.87
2018.04.17 02:35:46.141,0.86337,0.86347,1.00,1.00
2018.04.17 02:35:46.686,0.86337,0.86348,1.25,1.87
2018.04.17 02:35:56.487,0.86336,0.86347,1.87,1.00
2018.04.17 02:35:56.871,0.86338,0.86349,1.50,1.57
2018.04.17 02:36:03.175,0.86338,0.86348,1.69,1.00
2018.04.17 02:36:03.865,0.86338,0.86349,1.69,2.25
2018.04.17 02:36:06.735,0.8634,0.86349,1.00,1.57
2018.04.17 02:36:07.055,0.86342,0.86349,1.00,1.00
2018.04.17 02:36:07.158,0.8634,0.86349,1.50,1.00
2018.04.17 02:36:30.463,0.86341,0.86349,1.20,1.00
2018.04.17 02:36:44.068,0.8634,0.86349,1.95,1.00
2018.04.17 02:36:46.445,0.8634,0.86349,1.95,1.00
2018.04.17 02:36:50.138,0.8634,0.86349,1.95,1.00
2018.04.17 02:36:50.797,0.8634,0.86349,2.70,1.00
2018.04.17 02:36:52.514,0.8634,0.86349,1.20,1.00
2018.04.17 02:36:56.666,0.8634,0.8635,1.20,1.00
2018.04.17 02:36:57.907,0.8634,0.8635,1.95,1.00
2018.04.17 02:36:58.457,0.8634,0.8635,1.20,1.00
2018.04.17 02:36:59.240,0.86341,0.86352,1.10,1.87
2018.04.17 02:36:59.785,0.86341,0.86352,2.51,1.50
2018.04.17 02:37:00.606,0.86343,0.86352,1.00,1.50
2018.04.17 02:37:02.881,0.86343,0.86352,1.95,1.50
2018.04.17 02:37:06.964,0.86343,0.86352,1.00,1.50
2018.04.17 02:38:05.716,0.86342,0.86353,2.62,1.50
2018.04.17 02:38:06.248,0.86343,0.86353,1.00,1.57
2018.04.17 02:38:08.668,0.86342,0.86353,1.87,1.50
2018.04.17 02:38:12.594,0.86343,0.86353,1.00,1.50
2018.04.17 02:38:49.347,0.86343,0.86354,1.00,3.00
2018.04.17 02:38:53.153,0.86343,0.86354,1.19,1.87
2018.04.17 02:38:53.706,0.86343,0.86353,1.12,1.00
2018.04.17 02:38:54.454,0.86343,0.86354,1.12,2.62
2018.04.17 02:38:55.703,0.86344,0.86353,1.00,1.00
2018.04.17 02:38:56.378,0.86344,0.86354,1.00,2.70
2018.04.17 02:38:58.101,0.86343,0.86354,1.00,1.95
2018.04.17 02:39:00.641,0.86343,0.86353,1.00,1.00
2018.04.17 02:39:06.378,0.86343,0.86353,1.20,1.00
2018.04.17 02:39:10.014,0.86343,0.86353,1.00,1.00
2018.04.17 02:39:15.790,0.86342,0.86353,1.12,2.62
2018.04.17 02:39:15.896,0.86344,0.86353,1.00,1.37
2018.04.17 02:39:16.210,0.86344,0.86354,1.00,1.12
2018.04.17 02:39:17.536,0.86344,0.86352,1.00,1.00
2018.04.17 02:39:18.066,0.86344,0.86353,1.00,1.00
2018.04.17 02:39:21.954,0.86343,0.86353,2.25,1.00
2018.04.17 02:39:22.383,0.86345,0.86353,1.00,1.00
2018.04.17 02:39:28.771,0.86343,0.86354,1.00,1.12
2018.04.17 02:39:29.346,0.86344,0.86354,1.00,1.12
2018.04.17 02:39:30.059,0.86344,0.86354,1.20,1.12
2018.04.17 02:39:34.109,0.86344,0.86354,1.00,1.00
2018.04.17 02:39:34.627,0.86345,0.86354,1.00,1.00
2018.04.17 02:39:35.175,0.86345,0.86353,1.00,1.00
2018.04.17 02:39:35.228,0.86343,0.86354,1.00,1.50
2018.04.17 02:39:38.674,0.86343,0.86353,1.00,1.00
2018.04.17 02:39:39.203,0.86343,0.86354,1.50,1.50
2018.04.17 02:39:43.247,0.86344,0.86354,1.50,1.50
2018.04.17 02:39:44.065,0.86343,0.86353,2.06,1.00
2018.04.17 02:39:45.153,0.86344,0.86353,1.00,1.00
2018.04.17 02:39:45.853,0.86343,0.86353,1.00,1.00
2018.04.17 02:39:52.004,0.86343,0.86354,1.00,1.12
2018.04.17 02:39:56.318,0.86343,0.86354,1.19,1.87
2018.04.17 02:39:57.107,0.86343,0.86354,1.25,1.87
2018.04.17 02:40:22.073,0.86345,0.86354,1.20,1.12
2018.04.17 02:40:39.130,0.86345,0.86354,1.20,1.50
2018.04.17 02:40:44.540,0.86344,0.86353,1.45,2.62
2018.04.17 02:40:44.698,0.86343,0.86352,1.95,1.12
2018.04.17 02:40:45.411,0.86343,0.86352,1.20,1.12
2018.04.17 02:40:46.631,0.86344,0.86352,1.45,1.12
2018.04.17 02:41:01.799,0.86345,0.86352,1.45,1.00
2018.04.17 02:41:02.311,0.86345,0.86353,1.45,1.00
2018.04.17 02:41:03.107,0.86345,0.86353,1.20,1.00
2018.04.17 02:41:05.316,0.86345,0.86354,1.20,1.00
2018.04.17 02:41:05.370,0.86346,0.86354,1.20,1.00
2018.04.17 02:41:05.423,0.86345,0.86354,1.20,1.00
2018.04.17 02:41:05.742,0.86346,0.86354,1.20,1.87
2018.04.17 02:41:05.847,0.86345,0.86354,1.20,1.12
2018.04.17 02:41:10.124,0.86345,0.86353,1.20,1.00
2018.04.17 02:41:12.490,0.86345,0.86353,1.20,1.00
2018.04.17 02:41:13.126,0.86344,0.86353,1.45,1.00
2018.04.17 02:41:14.232,0.86344,0.86351,1.45,1.00
2018.04.17 02:41:14.788,0.86344,0.86352,1.45,1.00
2018.04.17 02:41:16.941,0.86343,0.86351,1.20,1.00
2018.04.17 02:41:17.458,0.86342,0.86351,1.20,1.00
2018.04.17 02:41:17.968,0.86342,0.8635,1.20,1.00
2018.04.17 02:41:18.489,0.86342,0.86349,1.20,1.00
2018.04.17 02:41:21.786,0.86341,0.86349,1.20,1.00
2018.04.17 02:41:28.159,0.86341,0.8635,1.20,1.00
2018.04.17 02:41:31.301,0.86341,0.86349,1.20,1.00
2018.04.17 02:41:38.631,0.86342,0.86349,1.20,1.00
2018.04.17 02:41:39.260,0.8634,0.86349,1.45,1.00
2018.04.17 02:41:40.246,0.8634,0.86347,1.20,1.00
2018.04.17 02:41:40.758,0.86339,0.86347,1.20,1.00
2018.04.17 02:41:43.180,0.86339,0.86345,1.20,1.00
2018.04.17 02:41:45.626,0.86339,0.86346,1.20,1.00
2018.04.17 02:42:01.723,0.86339,0.86347,1.20,1.00
2018.04.17 02:42:02.152,0.8634,0.86347,1.20,1.00
2018.04.17 02:42:05.390,0.86339,0.86348,1.45,1.50
2018.04.17 02:42:23.858,0.8634,0.86349,1.20,1.00
2018.04.17 02:42:26.496,0.8634,0.86348,1.20,1.00
2018.04.17 02:42:56.468,0.8634,0.86348,1.45,1.00
2018.04.17 02:43:00.291,0.8634,0.86348,1.20,1.00
2018.04.17 02:43:00.780,0.86339,0.86346,1.20,1.00
2018.04.17 02:43:01.016,0.86337,0.86346,1.45,1.00
2018.04.17 02:43:01.568,0.86339,0.86347,1.20,1.00
2018.04.17 02:43:02.070,0.86338,0.86347,1.45,1.00
2018.04.17 02:43:06.256,0.86338,0.86346,1.95,1.00
2018.04.17 02:43:06.793,0.86338,0.86346,1.20,1.00
2018.04.17 02:43:07.914,0.86337,0.86345,1.95,1.00
2018.04.17 02:43:14.599,0.86337,0.86345,1.00,1.00
2018.04.17 02:43:49.235,0.86337,0.86347,1.00,1.00
2018.04.17 02:43:49.341,0.8634,0.86347,1.00,1.00
2018.04.17 02:43:49.395,0.86338,0.86347,1.00,1.00
2018.04.17 02:43:49.903,0.86338,0.86348,1.00,1.50
2018.04.17 02:43:59.387,0.8634,0.86348,1.00,1.00
2018.04.17 02:43:59.440,0.86341,0.8635,1.00,1.12
2018.04.17 02:44:08.382,0.8634,0.8635,1.00,1.00
2018.04.17 02:44:08.488,0.86341,0.86348,1.00,1.00
2018.04.17 02:44:19.692,0.86339,0.86349,1.00,1.00
2018.04.17 02:44:22.067,0.86341,0.86351,1.00,1.95
2018.04.17 02:44:22.435,0.86342,0.86352,1.00,3.45
2018.04.17 02:44:28.097,0.86342,0.86351,1.50,1.00
2018.04.17 02:44:28.786,0.86342,0.86352,1.50,1.87
2018.04.17 02:44:44.092,0.86343,0.86352,1.00,1.00
2018.04.17 02:44:44.643,0.86344,0.86353,1.00,1.00
2018.04.17 02:44:45.146,0.86344,0.86354,1.00,1.50
2018.04.17 02:44:49.377,0.86343,0.86353,1.50,1.00
2018.04.17 02:44:55.533,0.86345,0.86353,1.00,1.00
2018.04.17 02:45:00.742,0.86344,0.86353,1.00,1.00
2018.04.17 02:45:01.777,0.86344,0.86353,1.00,1.50
2018.04.17 02:45:07.020,0.86343,0.86353,1.00,1.57
2018.04.17 02:45:35.330,0.86341,0.86351,1.50,1.50
2018.04.17 02:45:36.562,0.86341,0.86349,1.00,1.00
2018.04.17 02:45:42.916,0.86341,0.86351,1.00,3.45
2018.04.17 02:45:50.390,0.86341,0.86351,3.00,1.50
2018.04.17 02:45:59.636,0.86341,0.86351,1.00,3.00
2018.04.17 02:46:00.172,0.8634,0.8635,2.62,1.20
2018.04.17 02:46:01.031,0.8634,0.86349,3.37,1.00
2018.04.17 02:46:01.551,0.8634,0.8635,2.62,1.95
2018.04.17 02:46:09.757,0.86341,0.86351,1.50,2.32
2018.04.17 02:46:10.322,0.86341,0.86351,2.62,1.57
2018.04.17 02:46:10.832,0.86342,0.86351,1.00,1.10
2018.04.17 02:46:16.547,0.86341,0.86351,1.00,1.87
2018.04.17 02:46:17.067,0.86341,0.86351,1.00,2.32
2018.04.17 02:46:18.924,0.8634,0.8635,1.00,1.10
2018.04.17 02:46:26.759,0.86341,0.86351,1.25,1.20
2018.04.17 02:46:27.584,0.86343,0.86351,1.00,1.10
2018.04.17 02:46:28.433,0.86343,0.86353,1.00,1.10
2018.04.17 02:46:28.956,0.86344,0.86353,1.00,1.50
2018.04.17 02:46:29.268,0.86344,0.8635,1.00,1.00
2018.04.17 02:46:29.321,0.86344,0.86353,1.00,1.95
2018.04.17 02:46:29.848,0.86343,0.86351,1.00,1.00
2018.04.17 02:46:30.110,0.86344,0.86353,1.00,1.00
2018.04.17 02:46:30.632,0.86344,0.86354,1.00,1.57
2018.04.17 02:46:35.274,0.86345,0.86355,1.00,1.20
2018.04.17 02:46:48.992,0.86345,0.86353,1.00,1.00
2018.04.17 02:46:49.437,0.86343,0.86353,1.12,1.00
2018.04.17 02:47:23.249,0.86344,0.86354,1.00,1.57
2018.04.17 02:47:27.452,0.86344,0.86353,1.00,1.00
2018.04.17 02:47:28.300,0.86342,0.86353,3.37,2.70
2018.04.17 02:47:28.353,0.86344,0.86352,1.00,1.00
2018.04.17 02:47:28.512,0.86345,0.86355,1.00,2.32
2018.04.17 02:47:28.619,0.86348,0.86355,1.00,1.00
2018.04.17 02:47:28.673,0.86346,0.86355,1.00,1.10
2018.04.17 02:47:29.202,0.86347,0.86355,1.00,1.00
2018.04.17 02:47:29.715,0.86346,0.86356,1.00,1.50
2018.04.17 02:47:38.620,0.86346,0.86355,1.00,1.00
2018.04.17 02:47:39.145,0.86346,0.86356,1.00,1.00
2018.04.17 02:47:45.352,0.86346,0.86355,1.50,1.00
2018.04.17 02:47:45.879,0.86346,0.86356,1.50,1.50
2018.04.17 02:47:56.602,0.86347,0.86355,1.00,1.00
2018.04.17 02:47:58.244,0.86346,0.86356,1.00,1.50
2018.04.17 02:47:58.764,0.86347,0.86356,1.00,1.50
2018.04.17 02:48:03.209,0.86346,0.86356,1.00,2.32
2018.04.17 02:48:36.008,0.86345,0.86355,2.25,1.00
2018.04.17 02:48:36.111,0.86347,0.86355,1.00,1.00
2018.04.17 02:48:36.423,0.86345,0.86353,1.00,1.12
2018.04.17 02:48:37.730,0.86343,0.86353,1.50,1.12
2018.04.17 02:48:38.648,0.86345,0.86355,1.00,2.70
2018.04.17 02:48:48.138,0.86345,0.86355,1.00,1.00
2018.04.17 02:48:52.744,0.86346,0.86356,1.00,2.70
2018.04.17 02:49:11.143,0.86346,0.86356,1.00,2.70
2018.04.17 02:49:11.457,0.86347,0.86357,1.00,1.87
2018.04.17 02:49:11.984,0.86348,0.86358,1.00,1.95
2018.04.17 02:49:13.378,0.86347,0.86357,1.00,1.20
2018.04.17 02:49:14.005,0.86347,0.86356,1.00,1.00
2018.04.17 02:49:23.514,0.86346,0.86356,1.00,1.50
2018.04.17 02:49:52.734,0.86348,0.86356,1.00,1.00
2018.04.17 02:49:53.248,0.86348,0.86358,1.50,2.70
2018.04.17 02:49:58.095,0.86348,0.86358,1.00,1.95
2018.04.17 02:50:12.951,0.86346,0.86356,1.00,1.00
2018.04.17 02:50:13.468,0.86345,0.86353,1.00,1.00
2018.04.17 02:50:43.865,0.86343,0.86353,1.50,1.00
2018.04.17 02:50:54.485,0.86342,0.86352,1.50,1.12
2018.04.17 02:51:35.985,0.86342,0.86351,1.00,1.00
2018.04.17 02:51:39.490,0.86342,0.86352,1.00,1.12
2018.04.17 02:52:08.743,0.86343,0.86353,1.00,1.87
2018.04.17 02:52:24.431,0.86342,0.86352,1.00,1.00
2018.04.17 02:52:28.063,0.86342,0.8635,1.00,1.00
2018.04.17 02:52:28.166,0.8634,0.8635,1.50,1.00
2018.04.17 02:52:29.117,0.8634,0.86351,3.00,1.00
2018.04.17 02:52:30.041,0.86341,0.86352,1.00,1.57
2018.04.17 02:52:32.337,0.86342,0.86352,1.00,1.50
2018.04.17 02:52:36.715,0.86343,0.86353,1.00,1.12
2018.04.17 02:52:46.363,0.86341,0.8635,2.51,1.00
2018.04.17 02:52:46.882,0.8634,0.8635,1.12,1.00
2018.04.17 02:53:03.667,0.86341,0.8635,1.45,1.00
2018.04.17 02:53:05.809,0.86341,0.86351,1.20,2.62
2018.04.17 02:53:06.358,0.86342,0.86351,1.45,1.87
2018.04.17 02:53:11.482,0.86341,0.86351,1.95,1.87
2018.04.17 02:53:36.515,0.86342,0.86351,1.45,1.87
2018.04.17 02:53:37.478,0.86343,0.86351,1.95,1.50
2018.04.17 02:53:39.071,0.86343,0.86351,1.20,1.00
2018.04.17 02:53:39.253,0.86343,0.86353,3.45,1.12
2018.04.17 02:53:39.786,0.86344,0.86354,1.20,2.25
2018.04.17 02:53:51.011,0.86344,0.86354,1.95,1.50
2018.04.17 02:53:51.624,0.86344,0.86354,1.95,1.50
2018.04.17 02:53:59.233,0.86345,0.86352,1.20,1.00
2018.04.17 02:53:59.285,0.86342,0.86352,2.70,1.50
2018.04.17 02:53:59.389,0.86341,0.8635,1.95,1.00
2018.04.17 02:53:59.976,0.86341,0.8635,1.20,1.00
2018.04.17 02:54:00.637,0.86341,0.8635,1.20,1.00
2018.04.17 02:54:14.843,0.86341,0.8635,1.20,1.00
2018.04.17 02:54:22.078,0.86341,0.86349,1.95,1.00
2018.04.17 02:54:22.600,0.86343,0.8635,1.20,1.00
2018.04.17 02:54:23.293,0.86344,0.8635,1.20,1.00
2018.04.17 02:54:24.730,0.86342,0.8635,1.95,1.00
2018.04.17 02:54:26.991,0.86343,0.86351,1.20,1.12
2018.04.17 02:54:31.110,0.86343,0.86351,1.20,1.12
2018.04.17 02:54:33.423,0.86343,0.86351,1.20,1.12
2018.04.17 02:54:35.887,0.86343,0.86351,1.20,1.12
2018.04.17 02:54:38.782,0.86343,0.86352,1.20,1.50
2018.04.17 02:54:51.007,0.86343,0.86352,1.45,2.25
2018.04.17 02:55:00.840,0.86343,0.86351,1.20,1.12
2018.04.17 02:55:01.155,0.86341,0.86349,1.20,1.00
2018.04.17 02:55:01.207,0.8634,0.86348,1.20,1.00
2018.04.17 02:55:06.177,0.86339,0.86349,1.95,1.87
2018.04.17 02:55:07.568,0.8634,0.86349,1.20,1.12
2018.04.17 02:55:10.345,0.86339,0.86349,1.45,1.12
2018.04.17 02:55:12.710,0.86341,0.86349,1.20,1.12
2018.04.17 02:55:13.347,0.86339,0.86347,1.45,1.00
2018.04.17 02:55:14.090,0.86339,0.86347,1.20,1.12
2018.04.17 02:55:41.327,0.86339,0.86346,1.20,1.00
2018.04.17 02:55:41.431,0.86337,0.86346,1.45,1.00
2018.04.17 02:55:52.289,0.86338,0.86345,1.20,1.00
2018.04.17 02:55:55.940,0.86339,0.86345,1.20,1.00
2018.04.17 02:55:56.739,0.86337,0.86345,1.20,1.00
2018.04.17 02:56:00.048,0.86337,0.86345,1.20,1.00
2018.04.17 02:56:18.805,0.86338,0.86345,1.20,1.00
2018.04.17 02:56:21.272,0.86337,0.86345,1.45,1.00
2018.04.17 02:56:26.603,0.86339,0.86345,1.20,1.00
2018.04.17 02:56:27.189,0.86337,0.86344,1.95,1.00
2018.04.17 02:56:30.548,0.86337,0.86344,1.95,1.00
2018.04.17 02:56:32.721,0.86337,0.86344,1.95,1.00
2018.04.17 02:56:41.169,0.86337,0.86344,1.95,1.00
2018.04.17 02:56:45.776,0.86337,0.86345,1.20,1.00
2018.04.17 02:56:51.754,0.86337,0.86344,1.95,1.00
2018.04.17 02:56:53.023,0.86337,0.86346,1.20,1.50
2018.04.17 02:56:53.562,0.86338,0.86347,1.20,2.62
2018.04.17 02:56:55.170,0.86338,0.86347,1.20,1.12
2018.04.17 02:56:55.707,0.86338,0.86347,1.20,1.12
2018.04.17 02:56:56.426,0.86336,0.86344,1.45,1.00
2018.04.17 02:56:56.889,0.86335,0.86342,1.20,1.00
2018.04.17 02:56:57.395,0.86336,0.86343,1.20,1.00
2018.04.17 02:56:58.956,0.86336,0.86344,1.20,1.00
2018.04.17 02:56:59.506,0.86336,0.86345,1.20,1.50
2018.04.17 02:57:00.267,0.86336,0.86344,1.20,1.00
2018.04.17 02:57:01.269,0.86336,0.86344,1.95,1.00
2018.04.17 02:57:01.794,0.86337,0.86344,1.20,1.00
2018.04.17 02:57:02.396,0.86337,0.86345,1.95,1.00
2018.04.17 02:57:03.024,0.86339,0.86345,1.20,1.00
2018.04.17 02:57:03.566,0.86338,0.86346,1.20,1.00
2018.04.17 02:57:09.474,0.86339,0.86347,1.20,1.87
2018.04.17 02:57:09.789,0.86336,0.86345,1.20,1.12
2018.04.17 02:57:10.015,0.86335,0.86345,1.87,1.12
2018.04.17 02:57:11.650,0.86335,0.86343,1.12,1.00
2018.04.17 02:57:12.196,0.86335,0.86343,2.32,1.00
2018.04.17 02:57:14.181,0.86335,0.86343,2.32,1.00
2018.04.17 02:57:16.734,0.86335,0.86343,2.32,1.00
2018.04.17 02:57:18.768,0.86335,0.86345,2.32,1.12
2018.04.17 02:57:19.317,0.86335,0.86344,3.07,1.00
2018.04.17 02:57:21.681,0.86336,0.86345,1.45,1.12
2018.04.17 02:57:24.261,0.86336,0.86345,1.20,1.12
2018.04.17 02:57:28.945,0.86337,0.86345,1.20,1.12
2018.04.17 02:57:31.598,0.86337,0.86344,1.20,1.00
2018.04.17 02:57:31.923,0.86335,0.86342,1.20,1.00
2018.04.17 02:57:31.976,0.86335,0.86344,1.20,1.12
2018.04.17 02:57:32.492,0.86336,0.86345,1.95,1.12
2018.04.17 02:57:36.324,0.86337,0.86347,1.95,1.87
2018.04.17 02:57:36.504,0.86338,0.86347,1.20,1.87
2018.04.17 02:57:37.064,0.86337,0.86347,1.95,1.12
2018.04.17 02:57:42.322,0.86336,0.86345,1.95,1.00
2018.04.17 02:57:48.862,0.86337,0.86346,1.45,1.00
2018.04.17 02:57:49.691,0.86338,0.86347,1.20,1.12
2018.04.17 02:58:18.321,0.86337,0.86347,1.50,1.12
2018.04.17 02:58:35.791,0.86337,0.86346,1.50,1.00
2018.04.17 02:58:37.646,0.86337,0.86347,1.50,1.00
2018.04.17 02:58:44.883,0.86339,0.86347,1.00,1.00
2018.04.17 02:58:49.393,0.86337,0.86347,1.50,1.00
2018.04.17 02:58:50.285,0.86337,0.86347,1.50,1.50
2018.04.17 02:58:52.629,0.86336,0.86346,1.12,1.12
2018.04.17 02:58:53.330,0.86335,0.86345,1.50,1.00
2018.04.17 02:58:56.733,0.86334,0.86344,1.00,1.00
2018.04.17 02:59:10.118,0.86333,0.86343,1.25,1.00
2018.04.17 02:59:15.909,0.86333,0.86342,1.00,1.00
2018.04.17 02:59:16.457,0.86334,0.86343,1.00,1.87
2018.04.17 02:59:21.852,0.86332,0.86342,1.00,1.12
2018.04.17 02:59:24.447,0.86331,0.8634,1.00,1.00
2018.04.17 02:59:25.157,0.8633,0.8634,2.89,1.00
2018.04.17 02:59:26.026,0.8633,0.8634,3.26,1.00
2018.04.17 02:59:26.080,0.86332,0.86342,1.00,1.87
2018.04.17 02:59:26.444,0.86334,0.86343,1.00,1.00
2018.04.17 02:59:26.960,0.86333,0.86343,1.00,1.00
2018.04.17 02:59:33.242,0.86335,0.86343,1.00,1.00
2018.04.17 02:59:45.317,0.86335,0.86344,1.00,1.00
2018.04.17 02:59:45.526,0.86336,0.86346,1.50,1.50
2018.04.17 02:59:46.633,0.86336,0.86345,1.00,1.00
2018.04.17 02:59:46.737,0.86337,0.86347,1.00,2.62
2018.04.17 02:59:52.162,0.86338,0.86347,1.00,1.00
2018.04.17 02:59:52.688,0.86338,0.86348,1.00,1.57
2018.04.17 02:59:59.022,0.8634,0.86348,1.00,1.00
2018.04.17 02:59:59.076,0.8634,0.8635,1.00,3.45
2018.04.17 02:59:59.285,0.86342,0.8635,1.00,1.12
2018.04.17 02:59:59.813,0.86341,0.8635,1.00,1.12
