2018.04.04 17:00:00.017,0.87302,0.87309,1.20,1.12
2018.04.04 17:00:00.518,0.87302,0.8731,1.20,3.00
2018.04.04 17:00:01.394,0.87302,0.87308,1.20,1.50
2018.04.04 17:00:02.269,0.87302,0.87309,1.95,1.12
2018.04.04 17:00:02.481,0.87303,0.87311,1.20,1.87
2018.04.04 17:00:02.997,0.87303,0.87311,1.95,1.50
2018.04.04 17:00:03.534,0.87304,0.87311,1.45,3.00
2018.04.04 17:00:04.062,0.87304,0.87311,1.20,3.00
2018.04.04 17:00:06.444,0.87304,0.87309,1.20,1.00
2018.04.04 17:00:06.945,0.87302,0.87309,1.95,1.50
2018.04.04 17:00:09.233,0.87302,0.87309,1.95,1.00
2018.04.04 17:00:09.541,0.87305,0.87312,1.20,1.50
2018.04.04 17:00:09.962,0.87303,0.87311,2.70,1.12
2018.04.04 17:00:10.645,0.87303,0.87311,2.70,1.12
2018.04.04 17:00:13.079,0.87304,0.87312,1.20,3.00
2018.04.04 17:00:14.441,0.87303,0.87312,1.95,3.37
2018.04.04 17:00:14.943,0.87303,0.87312,1.95,4.50
2018.04.04 17:00:15.268,0.87305,0.87312,1.20,1.12
2018.04.04 17:00:16.346,0.87304,0.87313,1.95,3.00
2018.04.04 17:00:18.540,0.87304,0.87312,1.45,1.00
2018.04.04 17:00:20.218,0.87304,0.87312,1.95,1.50
2018.04.04 17:00:20.728,0.87304,0.87312,1.45,1.12
2018.04.04 17:00:21.241,0.87305,0.87312,1.47,1.50
2018.04.04 17:00:21.792,0.87304,0.87312,1.45,1.50
2018.04.04 17:00:22.632,0.87306,0.87312,1.20,1.00
2018.04.04 17:00:23.424,0.87306,0.87313,1.20,1.87
2018.04.04 17:00:26.431,0.87307,0.87313,1.20,1.50
2018.04.04 17:00:29.451,0.87307,0.87314,1.20,1.87
2018.04.04 17:00:32.278,0.87306,0.87313,1.95,1.12
2018.04.04 17:00:32.764,0.87306,0.87315,3.45,1.87
2018.04.04 17:00:33.272,0.87308,0.87315,1.20,1.12
2018.04.04 17:00:34.684,0.87307,0.87314,1.12,1.12
2018.04.04 17:00:34.951,0.87305,0.87312,3.07,1.00
2018.04.04 17:00:35.471,0.87306,0.87313,1.20,1.00
2018.04.04 17:00:35.988,0.87305,0.87314,3.07,1.87
2018.04.04 17:00:37.198,0.87306,0.87314,1.47,2.25
2018.04.04 17:00:38.957,0.87305,0.87314,3.07,2.25
2018.04.04 17:00:42.016,0.87305,0.87314,3.07,1.87
2018.04.04 17:00:42.599,0.87306,0.87314,1.20,2.25
2018.04.04 17:00:43.112,0.87306,0.87313,1.47,1.87
2018.04.04 17:00:43.628,0.87306,0.87313,1.20,2.25
2018.04.04 17:00:44.102,0.87304,0.87311,1.45,1.00
2018.04.04 17:00:44.154,0.87302,0.87311,2.32,2.62
2018.04.04 17:00:44.716,0.87302,0.8731,2.32,1.00
2018.04.04 17:00:45.326,0.87302,0.87311,1.95,4.87
2018.04.04 17:00:45.860,0.87302,0.8731,1.20,2.25
2018.04.04 17:00:46.430,0.87303,0.8731,1.95,1.00
2018.04.04 17:00:46.534,0.87305,0.87312,1.20,1.12
2018.04.04 17:00:47.053,0.87305,0.87313,1.45,4.12
2018.04.04 17:00:47.514,0.87305,0.87311,1.45,2.25
2018.04.04 17:00:47.566,0.87304,0.87311,1.20,1.50
2018.04.04 17:00:47.670,0.87305,0.87311,1.45,2.25
2018.04.04 17:00:47.915,0.87304,0.87311,1.20,2.25
2018.04.04 17:00:48.120,0.87305,0.87312,1.45,1.87
2018.04.04 17:00:48.636,0.87305,0.87313,1.45,2.62
2018.04.04 17:00:48.792,0.87307,0.87315,1.20,2.25
2018.04.04 17:00:49.597,0.87308,0.87315,1.12,1.50
2018.04.04 17:00:50.716,0.87308,0.87316,1.20,4.12
2018.04.04 17:00:51.281,0.87308,0.87316,1.47,4.12
2018.04.04 17:00:52.842,0.87308,0.87316,1.20,1.12
2018.04.04 17:00:53.364,0.87309,0.87317,1.20,3.37
2018.04.04 17:00:54.312,0.87309,0.87316,1.20,1.00
2018.04.04 17:00:55.076,0.87309,0.87317,1.87,3.00
2018.04.04 17:00:55.748,0.87309,0.87317,1.95,1.12
2018.04.04 17:00:56.264,0.87309,0.87316,1.20,1.00
2018.04.04 17:00:56.951,0.87309,0.87315,1.20,1.00
2018.04.04 17:00:57.456,0.87309,0.87317,1.20,5.25
2018.04.04 17:00:58.240,0.87308,0.87316,1.20,1.12
2018.04.04 17:00:58.553,0.87308,0.87314,1.20,1.00
2018.04.04 17:00:58.833,0.87308,0.87316,1.20,1.87
2018.04.04 17:00:59.951,0.87308,0.87315,1.20,1.00
2018.04.04 17:01:00.488,0.87308,0.87316,1.20,1.50
2018.04.04 17:01:01.264,0.87308,0.87316,1.20,2.25
2018.04.04 17:01:02.302,0.87308,0.87316,1.20,1.12
2018.04.04 17:01:02.811,0.87308,0.87315,1.20,1.00
2018.04.04 17:01:07.398,0.87306,0.87313,1.20,2.25
2018.04.04 17:01:07.917,0.87307,0.87314,1.20,1.00
2018.04.04 17:01:09.478,0.87306,0.87314,2.70,1.12
2018.04.04 17:01:11.826,0.87306,0.87314,1.45,1.12
2018.04.04 17:01:15.274,0.87307,0.87314,1.45,1.50
2018.04.04 17:01:15.969,0.87306,0.87314,1.20,2.62
2018.04.04 17:01:18.118,0.87306,0.87314,1.45,2.25
2018.04.04 17:01:18.647,0.87308,0.87313,1.20,1.00
2018.04.04 17:01:19.208,0.87306,0.87313,1.45,1.00
2018.04.04 17:01:21.927,0.87308,0.87313,1.20,1.00
2018.04.04 17:01:22.466,0.87307,0.87312,1.20,1.00
2018.04.04 17:01:22.518,0.87305,0.87312,1.95,1.00
2018.04.04 17:01:23.038,0.87304,0.87311,1.45,1.00
2018.04.04 17:01:23.558,0.87304,0.87311,1.20,1.00
2018.04.04 17:01:24.101,0.87304,0.8731,1.20,1.00
2018.04.04 17:01:26.556,0.87304,0.8731,1.45,1.00
2018.04.04 17:01:26.818,0.87305,0.87312,1.95,1.50
2018.04.04 17:01:27.420,0.87305,0.87312,1.95,1.50
2018.04.04 17:01:29.158,0.87305,0.87312,1.20,1.12
2018.04.04 17:01:29.724,0.87304,0.87311,1.95,1.00
2018.04.04 17:01:29.829,0.87304,0.87309,1.00,1.00
2018.04.04 17:01:30.355,0.87304,0.87311,1.95,1.00
2018.04.04 17:01:30.843,0.87305,0.87312,1.47,2.62
2018.04.04 17:01:31.388,0.87306,0.87313,1.20,2.25
2018.04.04 17:01:32.530,0.87306,0.87312,1.12,3.00
2018.04.04 17:01:33.160,0.87305,0.87312,1.95,2.25
2018.04.04 17:01:35.194,0.87305,0.87311,1.00,1.50
2018.04.04 17:01:37.620,0.87305,0.8731,1.00,1.00
2018.04.04 17:01:37.672,0.87303,0.8731,1.95,1.00
2018.04.04 17:01:38.334,0.87303,0.8731,1.95,1.00
2018.04.04 17:01:38.882,0.87304,0.87311,1.95,1.12
2018.04.04 17:01:39.193,0.87306,0.87312,1.20,1.12
2018.04.04 17:01:45.001,0.87306,0.87313,1.12,1.00
2018.04.04 17:01:45.970,0.87307,0.87313,1.00,1.00
2018.04.04 17:01:46.483,0.87305,0.87312,1.95,2.25
2018.04.04 17:01:47.192,0.87305,0.87312,1.95,2.25
2018.04.04 17:01:49.354,0.87306,0.87312,1.00,1.00
2018.04.04 17:01:49.870,0.87306,0.87313,1.95,1.00
2018.04.04 17:01:50.260,0.87308,0.87313,1.00,1.00
2018.04.04 17:01:50.779,0.87307,0.87311,1.00,1.00
2018.04.04 17:01:50.836,0.87306,0.87311,1.12,1.00
2018.04.04 17:01:51.390,0.87306,0.87313,1.95,1.50
2018.04.04 17:01:53.744,0.87306,0.87311,1.20,1.00
2018.04.04 17:01:54.263,0.87304,0.87311,2.70,1.12
2018.04.04 17:01:54.719,0.87303,0.87311,1.95,3.75
2018.04.04 17:01:59.200,0.87303,0.87311,1.95,3.37
2018.04.04 17:01:59.254,0.87305,0.87312,1.00,1.87
2018.04.04 17:02:02.834,0.87304,0.87309,1.20,1.00
2018.04.04 17:02:02.886,0.87303,0.87311,1.20,1.12
2018.04.04 17:02:02.991,0.87304,0.87311,1.45,1.00
2018.04.04 17:02:04.355,0.87306,0.87312,1.47,1.00
2018.04.04 17:02:04.857,0.87307,0.87312,1.47,1.00
2018.04.04 17:02:04.910,0.87307,0.87314,1.47,1.87
2018.04.04 17:02:05.427,0.87307,0.87314,1.20,1.00
2018.04.04 17:02:06.008,0.87308,0.87314,1.20,1.00
2018.04.04 17:02:08.468,0.87308,0.87314,1.95,1.00
2018.04.04 17:02:08.573,0.87309,0.87316,1.20,1.00
2018.04.04 17:02:09.353,0.87309,0.87316,1.45,1.00
2018.04.04 17:02:09.456,0.87308,0.87316,1.20,1.12
2018.04.04 17:02:09.958,0.87307,0.87316,1.95,3.00
2018.04.04 17:02:10.316,0.87308,0.87316,1.45,3.75
2018.04.04 17:02:10.472,0.87307,0.87316,2.32,3.75
2018.04.04 17:02:10.681,0.87308,0.87316,1.45,3.75
2018.04.04 17:02:11.290,0.87308,0.87316,1.20,3.75
2018.04.04 17:02:11.798,0.87308,0.87316,1.47,3.00
2018.04.04 17:02:13.515,0.87307,0.87314,1.45,1.00
2018.04.04 17:02:14.098,0.87307,0.87313,1.20,1.00
2018.04.04 17:02:18.462,0.87305,0.87313,2.70,1.00
2018.04.04 17:02:18.990,0.87305,0.87312,1.20,2.25
2018.04.04 17:02:20.189,0.87305,0.87311,1.20,1.00
2018.04.04 17:02:20.722,0.87304,0.87312,1.45,1.00
2018.04.04 17:02:23.437,0.87304,0.87312,2.32,1.50
2018.04.04 17:02:23.964,0.87305,0.87311,1.20,1.00
2018.04.04 17:02:24.507,0.87305,0.8731,1.20,1.00
2018.04.04 17:02:25.076,0.87304,0.8731,1.20,1.00
2018.04.04 17:02:25.600,0.87304,0.87311,1.47,1.12
2018.04.04 17:02:26.736,0.87305,0.87312,1.20,1.00
2018.04.04 17:02:27.942,0.87304,0.87311,1.47,1.00
2018.04.04 17:02:28.451,0.87304,0.8731,1.20,1.00
2018.04.04 17:02:30.206,0.87304,0.87309,1.20,1.00
2018.04.04 17:02:32.654,0.87304,0.87309,1.45,1.00
2018.04.04 17:02:33.190,0.87304,0.87309,1.20,1.00
2018.04.04 17:02:34.981,0.87303,0.8731,1.20,1.00
2018.04.04 17:02:35.509,0.87303,0.8731,1.47,2.25
2018.04.04 17:02:36.059,0.87303,0.8731,1.20,1.00
2018.04.04 17:02:37.247,0.87302,0.87308,1.47,1.00
2018.04.04 17:02:37.456,0.87301,0.87308,1.95,1.00
2018.04.04 17:02:38.590,0.87301,0.87309,1.95,1.50
2018.04.04 17:02:39.095,0.87302,0.87309,1.20,1.00
2018.04.04 17:02:39.890,0.87302,0.87309,1.45,1.00
2018.04.04 17:02:39.994,0.87301,0.87308,1.20,1.00
2018.04.04 17:02:41.702,0.873,0.87308,1.20,2.25
2018.04.04 17:02:43.232,0.873,0.87307,1.20,1.00
2018.04.04 17:02:50.225,0.87298,0.87307,1.95,1.00
2018.04.04 17:02:51.173,0.87299,0.87307,1.00,1.00
2018.04.04 17:02:51.821,0.87298,0.87307,2.70,2.25
2018.04.04 17:02:52.789,0.87299,0.87307,1.50,2.25
2018.04.04 17:02:53.627,0.87298,0.87307,1.57,1.00
2018.04.04 17:02:54.369,0.87299,0.87307,1.00,1.00
2018.04.04 17:02:54.913,0.87298,0.87307,1.10,1.00
2018.04.04 17:02:56.368,0.87299,0.87307,1.00,1.00
2018.04.04 17:02:56.877,0.87298,0.87307,1.57,1.00
2018.04.04 17:02:57.841,0.87298,0.87307,3.45,1.00
2018.04.04 17:02:57.893,0.873,0.87308,1.87,1.00
2018.04.04 17:02:58.250,0.87299,0.87308,1.50,1.37
2018.04.04 17:02:58.836,0.87299,0.87308,1.00,1.87
2018.04.04 17:03:01.341,0.873,0.87308,1.20,1.12
2018.04.04 17:03:03.378,0.873,0.87308,1.20,1.12
2018.04.04 17:03:03.888,0.87299,0.87308,1.95,1.12
2018.04.04 17:03:04.407,0.87301,0.87308,1.20,1.00
2018.04.04 17:03:06.006,0.87301,0.87308,1.20,1.12
2018.04.04 17:03:06.529,0.873,0.87308,1.95,1.12
2018.04.04 17:03:08.445,0.87302,0.87308,1.20,1.00
2018.04.04 17:03:09.006,0.873,0.87308,1.95,1.00
2018.04.04 17:03:14.425,0.873,0.87308,2.32,1.12
2018.04.04 17:03:14.970,0.873,0.87308,2.32,1.12
2018.04.04 17:03:17.939,0.87301,0.87308,1.45,1.12
2018.04.04 17:03:18.497,0.87301,0.87308,1.20,1.12
2018.04.04 17:03:25.338,0.873,0.87308,1.20,1.00
2018.04.04 17:03:30.319,0.873,0.87308,1.45,1.00
2018.04.04 17:03:33.588,0.873,0.87308,1.20,1.00
2018.04.04 17:03:34.116,0.873,0.87309,2.70,1.50
2018.04.04 17:03:36.007,0.87301,0.8731,1.20,2.25
2018.04.04 17:03:36.250,0.87302,0.8731,1.20,1.12
2018.04.04 17:03:36.765,0.87302,0.8731,1.20,2.25
2018.04.04 17:03:37.524,0.87302,0.8731,1.45,2.25
2018.04.04 17:03:38.036,0.873,0.87309,1.95,3.37
2018.04.04 17:03:39.263,0.873,0.87309,2.32,4.12
2018.04.04 17:03:44.394,0.873,0.87309,3.82,2.62
2018.04.04 17:03:44.907,0.87302,0.87309,1.20,1.12
2018.04.04 17:03:45.629,0.87302,0.87311,1.95,1.87
2018.04.04 17:03:46.591,0.87302,0.87311,2.70,2.25
2018.04.04 17:03:47.206,0.87302,0.87311,1.50,1.50
2018.04.04 17:03:50.015,0.87303,0.87311,1.45,1.50
2018.04.04 17:03:50.615,0.87305,0.87313,1.20,2.25
2018.04.04 17:03:50.720,0.87305,0.8731,1.20,1.00
2018.04.04 17:03:51.261,0.87305,0.87311,1.20,1.00
2018.04.04 17:03:52.757,0.87304,0.87311,1.20,1.00
2018.04.04 17:03:53.844,0.87304,0.87311,1.95,1.00
2018.04.04 17:03:54.380,0.87304,0.87311,1.10,1.12
2018.04.04 17:03:54.991,0.87303,0.87311,1.95,1.12
2018.04.04 17:03:55.517,0.87303,0.87311,1.95,1.12
2018.04.04 17:03:59.842,0.87303,0.87311,1.00,2.62
2018.04.04 17:04:00.388,0.87303,0.8731,1.00,1.00
2018.04.04 17:04:06.964,0.87301,0.8731,1.87,1.50
2018.04.04 17:04:07.016,0.873,0.87309,4.95,1.00
2018.04.04 17:04:07.572,0.873,0.87309,4.57,1.00
2018.04.04 17:04:09.413,0.873,0.87309,2.70,1.00
2018.04.04 17:04:09.929,0.87301,0.87309,1.00,2.25
2018.04.04 17:04:10.446,0.873,0.87309,1.12,2.62
2018.04.04 17:04:10.833,0.87299,0.87307,1.50,1.00
2018.04.04 17:04:11.343,0.873,0.87309,2.62,3.00
2018.04.04 17:04:11.899,0.873,0.87309,1.00,1.50
2018.04.04 17:04:12.847,0.87301,0.87309,1.00,1.50
2018.04.04 17:04:13.358,0.873,0.87309,1.50,1.50
2018.04.04 17:04:15.510,0.87299,0.87308,3.75,1.00
2018.04.04 17:04:16.527,0.873,0.87308,1.00,1.50
2018.04.04 17:04:17.073,0.87299,0.87308,3.07,1.50
2018.04.04 17:04:18.073,0.873,0.87308,1.00,1.50
2018.04.04 17:04:18.638,0.87299,0.87308,1.87,1.95
2018.04.04 17:04:20.671,0.87298,0.87308,3.94,2.25
2018.04.04 17:04:21.230,0.87298,0.87308,3.00,3.75
2018.04.04 17:04:21.756,0.87299,0.87308,1.00,4.50
2018.04.04 17:04:22.289,0.873,0.87308,1.00,1.00
2018.04.04 17:04:23.011,0.873,0.87309,1.50,2.25
2018.04.04 17:04:24.060,0.87301,0.87309,1.00,1.00
2018.04.04 17:04:24.578,0.873,0.87309,2.25,1.00
2018.04.04 17:04:25.338,0.87301,0.8731,1.50,2.70
2018.04.04 17:04:30.267,0.87303,0.8731,1.00,2.62
2018.04.04 17:04:34.650,0.87301,0.8731,2.62,1.12
2018.04.04 17:04:39.019,0.87303,0.87311,1.00,1.00
2018.04.04 17:04:43.556,0.87304,0.87311,1.00,1.00
2018.04.04 17:04:43.867,0.87302,0.87308,1.87,1.00
2018.04.04 17:04:44.415,0.87301,0.87306,1.50,1.00
2018.04.04 17:04:44.989,0.87302,0.87307,1.87,1.00
2018.04.04 17:04:45.353,0.87299,0.87306,4.95,1.00
2018.04.04 17:04:45.888,0.873,0.87306,3.00,1.00
2018.04.04 17:04:47.002,0.873,0.87304,1.00,1.00
2018.04.04 17:04:47.108,0.87297,0.87303,1.50,1.00
2018.04.04 17:04:47.473,0.87299,0.87303,1.00,1.00
2018.04.04 17:04:47.756,0.87297,0.87303,2.70,1.00
2018.04.04 17:04:48.381,0.87298,0.87303,1.50,1.00
2018.04.04 17:04:51.173,0.87297,0.87304,2.32,1.00
2018.04.04 17:04:51.703,0.87296,0.87304,3.45,1.00
2018.04.04 17:04:52.302,0.87296,0.87303,3.82,1.00
2018.04.04 17:04:54.267,0.87296,0.87303,6.64,1.00
2018.04.04 17:04:55.779,0.87297,0.87304,1.87,1.00
2018.04.04 17:04:56.345,0.87296,0.87303,5.89,1.00
2018.04.04 17:04:59.600,0.87296,0.87303,3.45,1.00
2018.04.04 17:05:00.377,0.87297,0.87303,1.00,1.00
2018.04.04 17:05:00.911,0.87296,0.87301,1.95,1.00
2018.04.04 17:05:01.427,0.87294,0.87301,2.32,1.00
2018.04.04 17:05:01.943,0.87294,0.873,1.12,1.00
2018.04.04 17:05:02.476,0.87293,0.87299,1.50,1.00
2018.04.04 17:05:02.789,0.87294,0.87301,1.00,1.00
2018.04.04 17:05:03.360,0.87294,0.87301,1.50,1.00
2018.04.04 17:05:05.539,0.87294,0.87299,3.37,1.00
2018.04.04 17:05:06.050,0.87294,0.873,1.95,1.00
2018.04.04 17:05:06.439,0.87296,0.873,1.00,1.00
2018.04.04 17:05:06.491,0.87294,0.873,1.80,1.00
2018.04.04 17:05:06.812,0.87296,0.873,1.00,1.00
2018.04.04 17:05:07.076,0.87294,0.873,1.80,1.00
2018.04.04 17:05:07.852,0.87294,0.873,2.92,1.00
2018.04.04 17:05:08.704,0.87296,0.873,1.00,1.00
2018.04.04 17:05:09.310,0.87297,0.87301,1.50,1.00
2018.04.04 17:05:09.834,0.87298,0.87304,1.50,1.00
2018.04.04 17:05:10.326,0.87297,0.87302,1.00,1.00
2018.04.04 17:05:10.843,0.87296,0.87302,5.70,1.00
2018.04.04 17:05:11.388,0.87295,0.87301,3.82,1.00
2018.04.04 17:05:11.906,0.87295,0.87302,4.95,1.00
2018.04.04 17:05:12.418,0.87295,0.87302,4.20,1.00
2018.04.04 17:05:12.961,0.87296,0.87301,1.00,1.00
2018.04.04 17:05:13.639,0.87295,0.87301,2.62,1.00
2018.04.04 17:05:14.237,0.87296,0.87301,1.50,1.00
2018.04.04 17:05:14.754,0.87295,0.87301,1.12,1.00
2018.04.04 17:05:15.200,0.87294,0.87299,4.12,1.00
2018.04.04 17:05:16.073,0.87294,0.87301,3.07,1.00
2018.04.04 17:05:16.592,0.87294,0.87301,2.32,1.00
2018.04.04 17:05:17.126,0.87294,0.87299,2.25,1.00
2018.04.04 17:05:17.438,0.87296,0.873,1.00,1.00
2018.04.04 17:05:17.961,0.87295,0.87299,1.10,1.00
2018.04.04 17:05:19.082,0.87296,0.873,1.00,1.00
2018.04.04 17:05:19.600,0.87295,0.87299,1.10,1.00
2018.04.04 17:05:20.250,0.87296,0.873,1.00,1.00
2018.04.04 17:05:20.779,0.87294,0.87299,3.82,1.00
2018.04.04 17:05:23.152,0.87296,0.873,1.00,1.00
2018.04.04 17:05:23.745,0.87295,0.873,1.20,1.00
2018.04.04 17:05:24.159,0.87293,0.873,4.57,1.00
2018.04.04 17:05:24.684,0.87294,0.873,1.50,1.00
2018.04.04 17:05:26.056,0.87295,0.873,1.00,1.00
2018.04.04 17:05:26.577,0.87294,0.873,1.00,1.00
2018.04.04 17:05:27.092,0.87293,0.87299,2.70,1.00
2018.04.04 17:05:27.909,0.87293,0.87299,1.95,1.00
2018.04.04 17:05:28.577,0.87293,0.87297,1.12,1.00
2018.04.04 17:05:28.942,0.87291,0.87298,3.75,1.00
2018.04.04 17:05:31.066,0.87291,0.87297,1.00,1.00
2018.04.04 17:05:31.580,0.87291,0.87296,1.12,1.00
2018.04.04 17:05:32.098,0.8729,0.87297,2.70,1.00
2018.04.04 17:05:32.208,0.8729,0.87295,2.70,1.00
2018.04.04 17:05:32.741,0.8729,0.87296,2.70,1.00
2018.04.04 17:05:33.254,0.87291,0.87296,1.00,1.00
2018.04.04 17:05:33.792,0.8729,0.87295,1.50,1.00
2018.04.04 17:05:36.799,0.8729,0.87294,1.00,1.00
2018.04.04 17:05:37.310,0.87288,0.87295,4.95,1.00
2018.04.04 17:05:37.819,0.87288,0.87295,3.45,1.00
2018.04.04 17:05:39.527,0.87289,0.87295,1.00,1.00
2018.04.04 17:05:40.354,0.87288,0.87295,2.70,1.00
2018.04.04 17:05:41.229,0.87288,0.87295,3.45,1.00
2018.04.04 17:05:43.229,0.87288,0.87293,1.50,1.00
2018.04.04 17:05:43.389,0.87286,0.87292,1.20,1.00
2018.04.04 17:05:43.803,0.87286,0.87295,1.12,1.00
2018.04.04 17:05:45.269,0.87287,0.87296,1.87,1.50
2018.04.04 17:05:45.323,0.87291,0.87297,1.00,1.12
2018.04.04 17:05:45.873,0.87291,0.87298,1.00,1.57
2018.04.04 17:05:49.787,0.87289,0.87297,1.00,1.00
2018.04.04 17:05:50.340,0.87289,0.87298,1.00,2.62
2018.04.04 17:06:02.591,0.87289,0.87297,1.87,1.00
2018.04.04 17:06:04.602,0.87289,0.87298,1.87,2.25
2018.04.04 17:06:08.642,0.87288,0.87297,3.75,1.00
2018.04.04 17:06:13.396,0.87287,0.87296,2.25,1.50
2018.04.04 17:06:13.948,0.87287,0.87296,3.00,1.00
2018.04.04 17:06:15.023,0.87286,0.87295,1.95,1.00
2018.04.04 17:06:16.243,0.87287,0.87295,1.00,1.00
2018.04.04 17:06:16.767,0.87286,0.87295,2.70,1.00
2018.04.04 17:06:19.258,0.87287,0.87296,1.00,1.12
2018.04.04 17:06:22.214,0.87287,0.87296,1.00,1.87
2018.04.04 17:06:23.245,0.87287,0.87296,1.00,1.50
2018.04.04 17:06:29.211,0.87288,0.87296,1.00,1.00
2018.04.04 17:06:29.787,0.87288,0.87297,1.00,1.00
2018.04.04 17:06:29.844,0.8729,0.87297,1.00,1.00
2018.04.04 17:06:30.088,0.87289,0.87299,3.75,1.87
2018.04.04 17:06:30.399,0.87291,0.873,1.00,1.87
2018.04.04 17:06:33.905,0.8729,0.87299,2.25,1.00
2018.04.04 17:06:37.424,0.87291,0.873,1.10,1.12
2018.04.04 17:06:38.343,0.87292,0.873,1.00,1.12
2018.04.04 17:06:38.884,0.87291,0.873,3.82,1.12
2018.04.04 17:06:43.201,0.87293,0.873,1.00,1.00
2018.04.04 17:06:43.304,0.87293,0.87302,1.12,2.32
2018.04.04 17:06:44.218,0.87292,0.87301,5.62,1.00
2018.04.04 17:06:48.115,0.87291,0.87301,2.62,1.00
2018.04.04 17:06:48.625,0.87292,0.87301,1.00,1.50
2018.04.04 17:06:48.678,0.87294,0.87301,1.00,1.50
2018.04.04 17:06:49.231,0.87291,0.873,4.87,1.00
2018.04.04 17:06:49.284,0.87291,0.873,2.25,1.00
2018.04.04 17:06:49.805,0.87291,0.873,3.82,1.00
2018.04.04 17:06:50.306,0.87291,0.873,1.12,2.25
2018.04.04 17:06:52.085,0.87292,0.873,1.50,1.00
2018.04.04 17:06:58.640,0.87291,0.873,1.50,1.00
2018.04.04 17:07:03.842,0.87293,0.873,1.50,1.00
2018.04.04 17:07:03.948,0.87293,0.87302,1.00,1.00
2018.04.04 17:07:06.732,0.87293,0.87302,3.75,1.12
2018.04.04 17:07:11.963,0.87293,0.87302,1.00,3.00
2018.04.04 17:07:12.482,0.87293,0.873,1.00,1.00
2018.04.04 17:07:12.638,0.87293,0.87302,1.00,1.00
2018.04.04 17:07:12.795,0.87296,0.87303,1.00,1.12
2018.04.04 17:07:13.250,0.87295,0.87305,2.25,2.62
2018.04.04 17:07:13.768,0.87296,0.87305,3.00,1.00
2018.04.04 17:07:14.273,0.87297,0.87306,1.00,1.50
2018.04.04 17:07:15.881,0.87297,0.87305,1.00,1.50
2018.04.04 17:07:16.445,0.87298,0.87305,1.00,1.12
2018.04.04 17:07:16.911,0.87296,0.87306,1.87,2.25
2018.04.04 17:07:17.441,0.87296,0.87306,1.12,3.75
2018.04.04 17:07:17.962,0.87296,0.87306,3.07,1.00
2018.04.04 17:07:18.538,0.87296,0.87306,3.00,1.12
2018.04.04 17:07:19.403,0.87297,0.87306,1.00,1.87
2018.04.04 17:07:19.938,0.87296,0.87306,1.87,1.12
2018.04.04 17:07:21.156,0.87297,0.87306,1.00,1.12
2018.04.04 17:07:24.517,0.87296,0.87306,2.62,2.62
2018.04.04 17:07:31.538,0.87296,0.87304,1.50,1.00
2018.04.04 17:07:32.703,0.87294,0.87301,1.00,1.00
2018.04.04 17:07:35.163,0.87294,0.87302,1.12,1.12
2018.04.04 17:07:35.695,0.87294,0.87303,1.12,1.12
2018.04.04 17:07:36.196,0.87294,0.87302,1.00,1.00
2018.04.04 17:07:38.124,0.87294,0.87303,1.20,3.00
2018.04.04 17:07:38.598,0.87295,0.87303,2.62,1.50
2018.04.04 17:07:39.137,0.87295,0.87304,1.50,1.50
2018.04.04 17:07:40.730,0.87297,0.87306,1.00,2.62
2018.04.04 17:07:43.738,0.87297,0.87305,1.00,1.00
2018.04.04 17:07:45.737,0.87297,0.87306,1.00,1.50
2018.04.04 17:07:46.455,0.87296,0.87306,1.87,3.82
2018.04.04 17:07:47.048,0.87296,0.87305,2.10,3.97
2018.04.04 17:07:53.527,0.87296,0.87306,3.00,3.37
2018.04.04 17:07:54.046,0.87297,0.87306,1.50,3.75
2018.04.04 17:07:54.579,0.87296,0.87306,4.35,3.37
2018.04.04 17:07:55.556,0.87296,0.87306,4.35,3.37
2018.04.04 17:07:56.584,0.87297,0.87306,1.50,2.62
2018.04.04 17:07:59.566,0.87296,0.87306,6.60,1.87
2018.04.04 17:08:00.165,0.87296,0.87303,2.62,1.00
2018.04.04 17:08:00.467,0.87293,0.873,1.00,1.00
2018.04.04 17:08:01.090,0.87291,0.873,1.12,1.00
2018.04.04 17:08:01.142,0.8729,0.87298,4.20,1.00
2018.04.04 17:08:01.676,0.8729,0.87299,2.70,1.00
2018.04.04 17:08:02.282,0.87291,0.87299,1.00,1.00
2018.04.04 17:08:02.879,0.8729,0.87299,1.57,1.12
2018.04.04 17:08:05.512,0.8729,0.87299,1.57,1.00
2018.04.04 17:08:07.080,0.8729,0.87299,1.95,1.50
2018.04.04 17:08:10.753,0.87292,0.87299,1.00,1.00
2018.04.04 17:08:11.135,0.8729,0.87299,1.95,1.00
2018.04.04 17:08:13.107,0.87291,0.873,1.00,3.82
2018.04.04 17:08:13.793,0.87291,0.873,1.00,1.87
2018.04.04 17:08:16.771,0.87291,0.87299,1.00,1.00
2018.04.04 17:08:18.732,0.87291,0.873,1.00,3.75
2018.04.04 17:08:20.787,0.87291,0.873,1.00,3.75
2018.04.04 17:08:21.312,0.87291,0.873,1.00,1.50
2018.04.04 17:08:24.737,0.8729,0.87299,3.75,1.00
2018.04.04 17:08:25.899,0.87291,0.87298,1.12,1.00
2018.04.04 17:08:26.797,0.8729,0.87299,3.37,1.50
2018.04.04 17:08:27.199,0.8729,0.87297,3.37,1.00
2018.04.04 17:08:28.812,0.8729,0.87299,4.12,1.50
2018.04.04 17:08:29.546,0.87292,0.87301,1.00,4.87
2018.04.04 17:08:31.138,0.87291,0.873,2.25,2.62
2018.04.04 17:08:34.935,0.8729,0.87299,4.87,1.00
2018.04.04 17:08:39.745,0.87291,0.873,1.12,1.87
2018.04.04 17:08:39.951,0.87292,0.873,1.37,2.62
2018.04.04 17:08:40.157,0.87289,0.87298,2.62,3.37
2018.04.04 17:08:42.128,0.87291,0.87298,1.00,1.50
2018.04.04 17:08:42.231,0.87291,0.873,1.12,3.00
2018.04.04 17:08:42.384,0.87292,0.87301,3.00,1.00
2018.04.04 17:08:43.062,0.87294,0.87301,1.00,1.00
2018.04.04 17:08:45.523,0.87292,0.87301,1.50,1.12
2018.04.04 17:08:47.060,0.87291,0.873,3.07,1.00
2018.04.04 17:08:53.254,0.87294,0.873,1.12,1.00
2018.04.04 17:08:53.308,0.87294,0.87303,4.87,3.56
2018.04.04 17:08:56.086,0.87295,0.87303,1.00,1.87
2018.04.04 17:08:56.501,0.87293,0.87302,3.45,1.50
2018.04.04 17:08:58.310,0.87292,0.873,1.12,1.00
2018.04.04 17:08:58.968,0.87292,0.873,1.00,1.37
2018.04.04 17:08:59.472,0.8729,0.87299,1.50,3.00
2018.04.04 17:09:00.429,0.8729,0.87299,1.12,1.50
2018.04.04 17:09:01.208,0.87289,0.87298,3.45,1.00
2018.04.04 17:09:01.313,0.87288,0.87297,5.32,1.00
2018.04.04 17:09:01.892,0.87289,0.87297,1.00,1.50
2018.04.04 17:09:02.101,0.87287,0.87295,3.07,1.00
2018.04.04 17:09:06.096,0.87286,0.87294,3.82,1.00
2018.04.04 17:09:06.612,0.87287,0.87295,1.00,3.37
2018.04.04 17:09:06.816,0.87288,0.87297,2.62,2.25
2018.04.04 17:09:07.407,0.87289,0.87298,1.00,1.12
2018.04.04 17:09:07.565,0.87291,0.87298,1.00,1.12
2018.04.04 17:09:08.276,0.87291,0.87298,1.50,1.00
2018.04.04 17:09:09.073,0.87292,0.87299,1.12,1.00
2018.04.04 17:09:09.826,0.87293,0.873,1.00,1.00
2018.04.04 17:09:10.196,0.87293,0.87302,1.10,1.87
2018.04.04 17:09:11.940,0.87292,0.873,1.12,1.00
2018.04.04 17:09:12.405,0.87293,0.87302,1.50,1.87
2018.04.04 17:09:12.943,0.87293,0.87302,1.00,1.50
2018.04.04 17:09:13.495,0.87292,0.87301,1.50,2.25
2018.04.04 17:09:13.823,0.87289,0.87298,1.57,1.12
2018.04.04 17:09:14.137,0.87287,0.87296,2.32,1.12
2018.04.04 17:09:14.449,0.87289,0.87298,1.00,1.57
2018.04.04 17:09:14.998,0.87289,0.87298,2.25,1.50
2018.04.04 17:09:16.502,0.87289,0.87298,1.50,1.12
2018.04.04 17:09:19.332,0.87289,0.87297,1.50,1.50
2018.04.04 17:09:22.320,0.87288,0.87295,1.00,1.00
2018.04.04 17:09:23.007,0.87288,0.87295,1.50,1.00
2018.04.04 17:09:23.971,0.87289,0.87297,1.12,1.50
2018.04.04 17:09:29.563,0.87289,0.87296,1.12,1.00
2018.04.04 17:09:29.874,0.87289,0.87298,3.75,3.37
2018.04.04 17:09:30.404,0.8729,0.87298,3.07,1.00
2018.04.04 17:09:30.818,0.87291,0.873,1.00,2.25
2018.04.04 17:09:30.870,0.87293,0.873,1.00,1.00
2018.04.04 17:09:31.081,0.87293,0.87302,1.00,1.50
2018.04.04 17:09:31.224,0.87294,0.87303,4.87,1.87
2018.04.04 17:09:32.143,0.87295,0.87304,1.47,3.00
2018.04.04 17:09:43.165,0.87294,0.87303,4.20,2.25
2018.04.04 17:09:43.319,0.87293,0.87302,1.20,3.00
2018.04.04 17:09:43.474,0.87294,0.87303,3.00,3.00
2018.04.04 17:09:44.547,0.87295,0.87301,1.00,1.00
2018.04.04 17:09:44.663,0.87297,0.87304,1.00,1.00
2018.04.04 17:09:45.066,0.87295,0.87304,1.50,1.00
2018.04.04 17:09:45.537,0.87297,0.87304,1.00,1.00
2018.04.04 17:09:45.589,0.87295,0.87304,1.50,1.00
2018.04.04 17:09:47.354,0.87296,0.87305,1.00,1.12
2018.04.04 17:09:48.067,0.87295,0.87305,1.20,1.00
2018.04.04 17:09:49.049,0.87296,0.87303,1.00,1.00
2018.04.04 17:09:49.101,0.87294,0.87303,4.20,1.00
2018.04.04 17:09:49.363,0.87294,0.873,5.70,1.00
2018.04.04 17:09:49.421,0.87294,0.87302,4.12,1.00
2018.04.04 17:09:49.524,0.87295,0.87304,3.37,1.00
2018.04.04 17:09:50.075,0.87296,0.87305,1.00,1.50
2018.04.04 17:09:50.641,0.87295,0.87305,3.75,2.25
2018.04.04 17:09:52.975,0.87296,0.87305,1.50,1.00
2018.04.04 17:09:53.480,0.87295,0.87305,3.37,1.00
2018.04.04 17:09:54.778,0.87296,0.87305,1.00,1.12
2018.04.04 17:10:04.532,0.87296,0.87304,1.00,1.00
2018.04.04 17:10:05.055,0.87296,0.87305,1.00,3.00
2018.04.04 17:10:05.570,0.87296,0.87304,1.00,1.00
2018.04.04 17:10:06.664,0.87296,0.87305,1.00,2.25
2018.04.04 17:10:10.411,0.87295,0.87304,3.75,1.00
2018.04.04 17:10:10.961,0.87295,0.87305,4.12,3.00
2018.04.04 17:10:11.342,0.87296,0.87303,1.00,1.00
2018.04.04 17:10:12.589,0.87297,0.87304,1.00,1.50
2018.04.04 17:10:13.106,0.87296,0.87303,1.87,1.00
2018.04.04 17:10:13.962,0.87295,0.87303,1.50,1.00
2018.04.04 17:10:16.729,0.87295,0.87302,1.12,1.00
2018.04.04 17:10:20.844,0.87293,0.87302,4.12,1.00
2018.04.04 17:10:22.203,0.87292,0.87301,2.70,1.12
2018.04.04 17:10:22.517,0.87291,0.87299,1.00,1.12
2018.04.04 17:10:23.066,0.8729,0.87299,1.50,1.12
2018.04.04 17:10:25.504,0.8729,0.87297,3.00,1.00
2018.04.04 17:10:26.713,0.87291,0.87298,1.00,2.25
2018.04.04 17:10:27.051,0.87293,0.873,1.00,1.12
2018.04.04 17:10:29.556,0.87293,0.87302,1.12,4.50
2018.04.04 17:10:30.143,0.87293,0.87301,1.87,1.00
2018.04.04 17:10:31.521,0.87293,0.87302,2.62,1.12
2018.04.04 17:10:31.578,0.87293,0.87302,4.87,1.12
2018.04.04 17:10:32.099,0.87294,0.87302,1.50,1.12
2018.04.04 17:10:33.263,0.87295,0.87302,1.00,1.12
2018.04.04 17:10:33.829,0.87295,0.87303,1.87,1.12
2018.04.04 17:10:36.308,0.87295,0.87304,1.87,1.50
2018.04.04 17:10:36.812,0.87295,0.87304,1.87,1.00
2018.04.04 17:10:37.489,0.87295,0.87305,2.25,3.37
2018.04.04 17:10:44.526,0.87295,0.87305,1.50,4.12
2018.04.04 17:10:45.520,0.87295,0.87305,1.50,2.62
2018.04.04 17:10:46.521,0.87295,0.87304,2.25,1.00
2018.04.04 17:10:47.892,0.87295,0.87304,3.37,1.00
2018.04.04 17:10:48.535,0.87295,0.87305,1.87,3.37
2018.04.04 17:10:52.646,0.87295,0.87305,2.25,3.00
2018.04.04 17:10:53.257,0.87296,0.87305,1.00,3.00
2018.04.04 17:10:53.792,0.87296,0.87305,1.00,2.62
2018.04.04 17:10:54.733,0.87296,0.87305,1.00,3.00
2018.04.04 17:10:55.251,0.87296,0.87303,1.50,1.00
2018.04.04 17:10:58.213,0.87296,0.87304,4.87,1.12
2018.04.04 17:10:59.175,0.87296,0.87305,4.87,1.00
2018.04.04 17:11:04.732,0.87296,0.87304,3.00,2.25
2018.04.04 17:11:05.233,0.87296,0.87303,3.00,1.00
2018.04.04 17:11:05.901,0.87296,0.87304,1.87,3.00
2018.04.04 17:11:06.160,0.87293,0.87301,1.20,1.50
2018.04.04 17:11:06.463,0.87292,0.87299,1.10,1.00
2018.04.04 17:11:06.668,0.87293,0.87302,1.12,1.95
2018.04.04 17:11:06.773,0.87294,0.87303,1.50,3.45
2018.04.04 17:11:07.902,0.87295,0.87304,1.50,1.00
2018.04.04 17:11:09.551,0.87295,0.87304,4.12,3.00
2018.04.04 17:11:09.920,0.87297,0.87305,1.00,1.87
2018.04.04 17:11:10.236,0.87295,0.87305,6.07,1.87
2018.04.04 17:11:10.718,0.87297,0.87305,1.00,1.12
2018.04.04 17:11:11.221,0.87298,0.87305,1.00,1.00
2018.04.04 17:11:16.258,0.87298,0.87306,1.00,1.50
2018.04.04 17:11:16.789,0.87299,0.87306,1.00,1.00
2018.04.04 17:11:17.478,0.87299,0.87307,1.00,3.37
2018.04.04 17:11:18.018,0.87299,0.87306,1.50,1.00
2018.04.04 17:11:18.385,0.873,0.87308,1.50,1.00
2018.04.04 17:11:18.927,0.873,0.87309,1.50,2.62
2018.04.04 17:11:19.501,0.87301,0.87308,1.00,1.00
2018.04.04 17:11:20.139,0.873,0.87308,1.00,1.00
2018.04.04 17:11:23.167,0.873,0.87307,1.00,1.00
2018.04.04 17:11:23.487,0.87298,0.87306,1.00,1.00
2018.04.04 17:11:24.085,0.87297,0.87305,1.50,1.00
2018.04.04 17:11:27.746,0.87297,0.87306,2.25,1.50
2018.04.04 17:11:28.449,0.87298,0.87306,1.00,1.00
2018.04.04 17:11:33.216,0.87298,0.87307,1.00,2.62
2018.04.04 17:11:36.204,0.87298,0.87305,1.00,1.00
2018.04.04 17:11:36.785,0.87297,0.87305,1.00,3.00
2018.04.04 17:11:38.524,0.87297,0.87306,1.00,1.50
2018.04.04 17:11:40.430,0.87297,0.87305,1.00,1.00
2018.04.04 17:11:40.743,0.87296,0.87303,1.00,1.00
2018.04.04 17:11:41.053,0.87294,0.87301,1.00,3.00
2018.04.04 17:11:41.329,0.87292,0.873,3.75,1.87
2018.04.04 17:11:43.124,0.87292,0.873,1.00,1.50
2018.04.04 17:11:45.150,0.87291,0.87299,1.00,2.62
2018.04.04 17:11:47.107,0.87291,0.87297,1.00,1.00
2018.04.04 17:11:48.177,0.8729,0.87297,1.12,1.00
2018.04.04 17:11:49.288,0.8729,0.87299,2.25,1.50
2018.04.04 17:11:49.805,0.87292,0.87299,1.00,1.00
2018.04.04 17:11:50.356,0.87292,0.873,1.00,1.00
2018.04.04 17:11:51.910,0.87292,0.87298,1.00,1.50
2018.04.04 17:11:52.035,0.87289,0.87297,2.62,1.87
2018.04.04 17:11:52.888,0.87289,0.87296,1.12,1.50
2018.04.04 17:11:53.518,0.87288,0.87296,1.87,1.50
2018.04.04 17:11:54.445,0.8729,0.87298,1.00,3.00
2018.04.04 17:11:54.964,0.8729,0.87298,1.00,3.37
2018.04.04 17:11:55.494,0.8729,0.87296,1.00,1.50
2018.04.04 17:11:55.853,0.87288,0.87296,1.50,1.50
2018.04.04 17:11:56.382,0.87288,0.87297,1.50,1.00
2018.04.04 17:11:58.751,0.87289,0.87298,1.50,3.00
2018.04.04 17:11:59.273,0.8729,0.87298,1.00,1.00
2018.04.04 17:11:59.548,0.87289,0.87296,2.25,1.00
2018.04.04 17:12:02.536,0.87289,0.87298,1.50,2.62
2018.04.04 17:12:03.530,0.8729,0.87298,1.00,2.62
2018.04.04 17:12:11.546,0.8729,0.87299,1.00,3.00
2018.04.04 17:12:12.096,0.8729,0.87298,1.00,1.00
2018.04.04 17:12:20.388,0.87291,0.87298,1.00,1.12
2018.04.04 17:12:21.391,0.8729,0.87298,2.25,1.00
2018.04.04 17:12:21.694,0.8729,0.873,2.25,2.25
2018.04.04 17:12:22.217,0.87291,0.873,1.00,1.50
2018.04.04 17:12:23.199,0.87291,0.873,1.12,2.25
2018.04.04 17:12:24.199,0.87291,0.873,1.50,2.25
2018.04.04 17:12:24.789,0.87291,0.87298,1.50,1.00
2018.04.04 17:12:24.944,0.87289,0.87298,2.25,2.62
2018.04.04 17:12:25.479,0.87289,0.87297,1.12,1.12
2018.04.04 17:12:26.568,0.87289,0.87298,1.87,2.25
2018.04.04 17:12:28.504,0.87289,0.87298,4.12,2.25
2018.04.04 17:12:29.037,0.87289,0.87298,1.87,3.00
2018.04.04 17:12:29.592,0.87289,0.87298,3.45,3.00
2018.04.04 17:12:32.113,0.87289,0.87298,2.70,2.62
2018.04.04 17:12:40.811,0.87288,0.87297,1.50,3.37
2018.04.04 17:12:40.915,0.87288,0.87295,1.00,1.50
2018.04.04 17:12:41.472,0.87287,0.87295,2.25,1.50
2018.04.04 17:12:46.560,0.87287,0.87296,1.00,1.00
2018.04.04 17:12:47.107,0.87288,0.87297,1.00,3.75
2018.04.04 17:12:49.168,0.8729,0.87299,2.25,1.10
2018.04.04 17:12:49.679,0.87291,0.87299,1.50,1.00
2018.04.04 17:12:56.406,0.8729,0.87297,1.00,1.00
2018.04.04 17:12:59.392,0.87288,0.87298,1.12,5.62
2018.04.04 17:12:59.649,0.87288,0.87295,1.00,1.00
2018.04.04 17:13:02.573,0.87288,0.87297,1.00,1.20
2018.04.04 17:13:03.691,0.87288,0.87297,3.07,1.50
2018.04.04 17:13:04.233,0.87288,0.87297,3.37,1.50
2018.04.04 17:13:05.711,0.87288,0.87298,1.12,1.87
2018.04.04 17:13:12.187,0.87288,0.87298,1.12,4.50
2018.04.04 17:13:20.505,0.87288,0.87297,1.50,1.00
2018.04.04 17:13:21.297,0.87288,0.87298,1.20,4.57
2018.04.04 17:13:21.730,0.8729,0.87298,1.12,2.25
2018.04.04 17:13:22.240,0.87289,0.87298,1.95,2.25
2018.04.04 17:13:29.043,0.87289,0.87298,2.32,3.75
2018.04.04 17:13:37.802,0.87289,0.87298,1.57,3.00
2018.04.04 17:13:39.843,0.8729,0.87298,1.00,2.25
2018.04.04 17:13:43.188,0.87289,0.87296,1.50,1.00
2018.04.04 17:13:43.241,0.8729,0.87298,1.00,1.12
2018.04.04 17:13:43.757,0.87289,0.87298,1.50,1.87
2018.04.04 17:13:44.474,0.87288,0.87297,3.37,1.00
2018.04.04 17:13:47.082,0.87288,0.87295,2.25,1.00
2018.04.04 17:13:47.288,0.87288,0.87297,1.12,1.00
2018.04.04 17:13:47.826,0.87288,0.87296,1.87,1.50
2018.04.04 17:13:48.728,0.87289,0.87296,1.00,1.00
2018.04.04 17:13:49.276,0.87288,0.87296,1.12,1.00
2018.04.04 17:13:55.501,0.87288,0.87297,3.00,1.00
2018.04.04 17:14:00.221,0.8729,0.87298,3.75,1.00
2018.04.04 17:14:00.325,0.87291,0.873,1.50,1.87
2018.04.04 17:14:00.929,0.87291,0.873,3.82,1.00
2018.04.04 17:14:02.302,0.87293,0.873,1.00,1.00
2018.04.04 17:14:04.049,0.87291,0.873,2.70,1.00
2018.04.04 17:14:06.153,0.87291,0.873,4.20,1.50
2018.04.04 17:14:07.632,0.87292,0.87301,2.62,2.25
2018.04.04 17:14:08.170,0.87293,0.87301,1.00,2.25
2018.04.04 17:14:08.675,0.87293,0.87301,1.00,3.00
2018.04.04 17:14:09.508,0.87292,0.87301,3.45,3.00
2018.04.04 17:14:10.224,0.87292,0.87301,2.32,2.62
2018.04.04 17:14:10.756,0.87293,0.87301,1.00,2.25
2018.04.04 17:14:16.127,0.87293,0.873,1.00,1.00
2018.04.04 17:14:16.813,0.87292,0.873,1.00,1.00
2018.04.04 17:14:21.560,0.87291,0.87299,1.00,1.00
2018.04.04 17:14:22.070,0.87292,0.873,1.00,1.00
2018.04.04 17:14:22.579,0.87292,0.87301,2.62,1.12
2018.04.04 17:14:23.531,0.87293,0.87302,1.00,1.50
2018.04.04 17:14:26.193,0.87295,0.87303,1.00,1.87
2018.04.04 17:14:26.712,0.87295,0.87304,1.50,3.37
2018.04.04 17:14:27.217,0.87296,0.87304,1.00,3.00
2018.04.04 17:14:32.218,0.87296,0.87303,1.00,2.25
2018.04.04 17:14:32.760,0.87295,0.87303,1.10,1.50
2018.04.04 17:14:33.516,0.87295,0.87303,1.10,2.25
2018.04.04 17:14:35.253,0.87295,0.87304,1.10,3.37
2018.04.04 17:14:35.915,0.87296,0.87304,1.00,3.37
2018.04.04 17:14:37.235,0.87296,0.87304,1.00,3.37
2018.04.04 17:14:38.528,0.87296,0.87304,1.50,3.00
2018.04.04 17:14:39.485,0.87296,0.87305,1.57,3.00
2018.04.04 17:14:39.693,0.87296,0.87303,1.10,1.00
2018.04.04 17:14:40.234,0.87296,0.87305,2.62,1.87
2018.04.04 17:14:40.543,0.87297,0.87305,3.00,1.00
2018.04.04 17:14:41.091,0.87297,0.87305,1.00,1.00
2018.04.04 17:14:42.318,0.87296,0.87306,5.70,1.87
2018.04.04 17:14:43.463,0.87296,0.87305,2.25,2.25
2018.04.04 17:14:44.987,0.87296,0.87304,1.50,1.00
2018.04.04 17:14:45.197,0.87297,0.87306,1.50,1.00
2018.04.04 17:14:45.699,0.87298,0.87306,1.00,1.00
2018.04.04 17:14:48.253,0.87299,0.87306,1.00,1.00
2018.04.04 17:14:49.890,0.87299,0.87307,1.00,2.25
2018.04.04 17:14:50.429,0.87299,0.87307,1.00,1.50
2018.04.04 17:14:56.938,0.87299,0.87307,1.50,1.00
2018.04.04 17:15:00.561,0.87299,0.87306,1.00,1.50
2018.04.04 17:15:08.759,0.87297,0.87304,1.50,1.00
2018.04.04 17:15:09.294,0.87295,0.87304,3.07,1.50
2018.04.04 17:15:11.028,0.87293,0.87299,3.00,2.62
2018.04.04 17:15:11.138,0.87291,0.87298,1.00,1.50
2018.04.04 17:15:11.653,0.8729,0.87299,2.70,1.50
2018.04.04 17:15:12.169,0.8729,0.87298,1.50,1.00
2018.04.04 17:15:17.981,0.87291,0.87298,1.00,1.00
2018.04.04 17:15:18.590,0.8729,0.87298,2.25,1.00
2018.04.04 17:15:19.706,0.87291,0.87298,1.00,1.00
2018.04.04 17:15:20.395,0.8729,0.87298,4.50,1.00
2018.04.04 17:15:20.917,0.87291,0.87298,1.00,1.00
2018.04.04 17:15:21.448,0.8729,0.87298,4.87,1.00
2018.04.04 17:15:21.955,0.87291,0.87298,1.00,1.00
2018.04.04 17:15:22.896,0.8729,0.87298,1.50,1.00
2018.04.04 17:15:23.409,0.87289,0.87297,1.12,1.00
2018.04.04 17:15:23.976,0.87288,0.87297,1.57,1.00
2018.04.04 17:15:25.174,0.87288,0.87294,1.00,1.00
2018.04.04 17:15:25.577,0.87287,0.87296,6.00,1.00
2018.04.04 17:15:26.091,0.87288,0.87297,1.00,1.50
2018.04.04 17:15:27.284,0.87287,0.87295,1.00,1.00
2018.04.04 17:15:28.101,0.87286,0.87295,1.87,1.00
2018.04.04 17:15:34.098,0.87287,0.87295,1.00,1.12
2018.04.04 17:15:41.381,0.87287,0.87296,1.12,2.62
2018.04.04 17:15:41.973,0.87287,0.87296,1.20,1.50
2018.04.04 17:15:42.944,0.87286,0.87295,4.20,1.12
2018.04.04 17:15:43.280,0.87291,0.87297,1.00,1.00
2018.04.04 17:15:43.488,0.87289,0.87298,3.00,1.50
2018.04.04 17:15:45.318,0.8729,0.87299,1.50,1.87
2018.04.04 17:15:51.305,0.87291,0.87299,1.00,1.00
2018.04.04 17:15:52.059,0.87291,0.87298,1.00,1.00
2018.04.04 17:15:52.574,0.8729,0.87299,1.87,1.87
2018.04.04 17:15:53.519,0.87291,0.87299,1.00,1.50
2018.04.04 17:15:54.212,0.87292,0.87299,1.00,1.50
2018.04.04 17:15:54.753,0.8729,0.87299,1.00,1.50
2018.04.04 17:15:55.745,0.87289,0.87299,4.80,1.50
2018.04.04 17:15:57.217,0.87289,0.87298,1.95,1.00
2018.04.04 17:15:58.961,0.8729,0.87298,1.00,1.12
2018.04.04 17:15:59.547,0.87289,0.87298,2.70,1.12
2018.04.04 17:16:00.702,0.8729,0.87298,1.00,1.12
2018.04.04 17:16:01.062,0.87292,0.87299,1.00,1.50
2018.04.04 17:16:02.005,0.87291,0.873,2.85,1.00
2018.04.04 17:16:18.397,0.87291,0.87299,1.00,1.50
2018.04.04 17:16:18.912,0.8729,0.87297,1.87,1.00
2018.04.04 17:16:29.233,0.8729,0.87299,3.37,1.50
2018.04.04 17:16:30.203,0.8729,0.87299,5.25,1.12
2018.04.04 17:16:31.213,0.87292,0.87299,1.00,1.50
2018.04.04 17:16:34.203,0.87291,0.87301,4.20,3.82
2018.04.04 17:16:36.753,0.87293,0.873,1.00,1.00
2018.04.04 17:16:37.263,0.87293,0.87301,1.00,1.87
2018.04.04 17:16:39.930,0.87293,0.87299,1.00,1.00
2018.04.04 17:16:39.982,0.87291,0.87299,2.62,1.00
2018.04.04 17:16:45.745,0.8729,0.87298,1.50,2.25
2018.04.04 17:16:45.908,0.87288,0.87297,2.25,3.00
2018.04.04 17:16:46.013,0.87288,0.87297,2.25,1.50
2018.04.04 17:16:47.967,0.87288,0.87297,1.50,1.50
2018.04.04 17:16:49.541,0.87288,0.87297,1.50,1.00
2018.04.04 17:16:50.316,0.87288,0.87298,3.07,3.07
2018.04.04 17:16:50.835,0.87288,0.87298,3.07,3.75
2018.04.04 17:16:51.179,0.87288,0.87298,2.25,3.37
2018.04.04 17:16:51.568,0.87286,0.87293,1.00,1.00
2018.04.04 17:16:52.099,0.87285,0.87293,1.00,1.00
2018.04.04 17:16:52.619,0.87286,0.87294,3.75,1.00
2018.04.04 17:16:53.123,0.87286,0.87295,3.37,1.12
2018.04.04 17:16:53.585,0.87287,0.87297,4.12,2.62
2018.04.04 17:16:54.169,0.87288,0.87297,1.00,1.50
2018.04.04 17:16:54.674,0.87288,0.87296,1.50,1.50
2018.04.04 17:16:55.223,0.87288,0.87297,1.50,1.00
2018.04.04 17:16:56.177,0.87289,0.87298,1.00,1.00
2018.04.04 17:16:56.280,0.87291,0.87299,1.50,1.12
2018.04.04 17:16:56.809,0.87291,0.873,1.50,3.00
2018.04.04 17:16:58.455,0.87291,0.873,3.37,1.87
2018.04.04 17:16:58.510,0.87292,0.87301,1.00,3.00
2018.04.04 17:16:59.525,0.87292,0.873,1.00,1.00
2018.04.04 17:17:00.100,0.87292,0.87301,1.00,2.25
2018.04.04 17:17:01.351,0.87291,0.87297,1.50,1.00
2018.04.04 17:17:01.405,0.87288,0.87297,3.75,1.00
2018.04.04 17:17:02.721,0.87289,0.87298,1.50,1.87
2018.04.04 17:17:02.830,0.8729,0.873,2.25,2.25
2018.04.04 17:17:04.913,0.8729,0.873,3.37,4.87
2018.04.04 17:17:05.471,0.8729,0.87298,2.25,1.00
2018.04.04 17:17:06.913,0.8729,0.873,3.00,1.87
2018.04.04 17:17:08.835,0.8729,0.873,2.62,3.75
2018.04.04 17:17:10.388,0.8729,0.87298,1.50,1.12
2018.04.04 17:17:11.410,0.87291,0.87298,1.00,1.00
2018.04.04 17:17:11.934,0.8729,0.873,3.00,1.87
2018.04.04 17:17:13.685,0.87291,0.873,1.50,3.75
2018.04.04 17:17:15.183,0.87291,0.873,2.62,3.37
2018.04.04 17:17:16.008,0.87291,0.87299,1.37,1.12
2018.04.04 17:17:19.033,0.87291,0.873,1.37,3.75
2018.04.04 17:17:19.086,0.87291,0.87298,1.00,1.00
2018.04.04 17:17:19.423,0.87289,0.87298,2.32,2.62
2018.04.04 17:17:23.166,0.87289,0.87297,1.50,1.00
2018.04.04 17:17:23.673,0.87288,0.87297,4.12,1.50
2018.04.04 17:17:23.885,0.8729,0.87298,1.00,1.00
2018.04.04 17:17:27.469,0.87289,0.87298,1.50,3.00
2018.04.04 17:17:27.987,0.87289,0.87298,1.50,2.25
2018.04.04 17:17:31.258,0.87289,0.87298,1.50,1.12
2018.04.04 17:17:31.975,0.87289,0.87299,2.25,2.25
2018.04.04 17:17:33.520,0.87289,0.87298,1.50,1.00
2018.04.04 17:17:34.069,0.87288,0.87297,2.25,1.50
2018.04.04 17:17:38.615,0.87288,0.87296,1.50,1.00
2018.04.04 17:17:39.139,0.87288,0.87297,1.50,1.50
2018.04.04 17:17:39.717,0.87288,0.87296,1.50,1.12
2018.04.04 17:17:44.908,0.87288,0.87297,1.50,1.50
2018.04.04 17:17:47.990,0.87291,0.87299,1.00,6.94
2018.04.04 17:17:48.108,0.87292,0.87301,1.00,1.00
2018.04.04 17:17:48.760,0.87293,0.87301,1.00,1.00
2018.04.04 17:17:49.472,0.87292,0.87301,2.25,1.00
2018.04.04 17:17:52.253,0.87293,0.87302,1.00,1.69
2018.04.04 17:17:55.100,0.87293,0.87301,1.00,1.00
2018.04.04 17:17:55.711,0.87294,0.87302,1.50,2.25
2018.04.04 17:17:59.107,0.87293,0.87302,3.00,1.87
2018.04.04 17:17:59.160,0.87295,0.87302,1.00,1.50
2018.04.04 17:17:59.684,0.87294,0.87302,3.00,1.00
2018.04.04 17:18:01.372,0.87294,0.87302,3.37,1.00
2018.04.04 17:18:02.578,0.87294,0.87302,1.00,1.50
2018.04.04 17:18:02.728,0.87292,0.87301,1.50,3.75
2018.04.04 17:18:03.238,0.87291,0.873,1.50,2.25
2018.04.04 17:18:03.781,0.8729,0.87299,1.87,1.00
2018.04.04 17:18:17.035,0.8729,0.87297,1.00,1.00
2018.04.04 17:18:17.194,0.87287,0.87295,1.00,1.00
2018.04.04 17:18:17.349,0.87287,0.87294,1.00,2.25
2018.04.04 17:18:17.614,0.87285,0.87294,2.70,3.00
2018.04.04 17:18:18.377,0.87285,0.87294,1.95,1.12
2018.04.04 17:18:24.567,0.87285,0.87293,1.95,1.50
2018.04.04 17:18:27.262,0.87285,0.87294,1.95,3.00
2018.04.04 17:18:28.963,0.87285,0.87293,1.95,1.00
2018.04.04 17:18:30.134,0.87285,0.87294,1.87,1.87
2018.04.04 17:18:32.761,0.87284,0.87292,1.12,2.25
2018.04.04 17:18:33.304,0.87284,0.87293,1.50,1.12
2018.04.04 17:18:34.758,0.87284,0.87292,1.50,1.00
2018.04.04 17:18:36.133,0.87285,0.87292,1.12,1.00
2018.04.04 17:18:36.185,0.87286,0.87295,1.00,4.76
2018.04.04 17:18:38.236,0.87286,0.87295,2.62,1.12
2018.04.04 17:18:42.286,0.87286,0.87296,3.75,3.75
2018.04.04 17:18:43.897,0.87286,0.87293,2.62,2.25
2018.04.04 17:18:44.105,0.87283,0.87291,1.10,2.25
2018.04.04 17:18:45.135,0.87282,0.87291,1.00,2.25
2018.04.04 17:18:45.601,0.87284,0.87293,1.12,2.25
2018.04.04 17:18:46.230,0.87285,0.87294,1.00,5.25
2018.04.04 17:18:46.759,0.87284,0.87292,1.00,1.00
2018.04.04 17:18:47.436,0.87283,0.8729,1.00,1.00
2018.04.04 17:18:56.557,0.87283,0.8729,1.00,3.00
2018.04.04 17:18:57.069,0.87283,0.8729,1.00,2.25
2018.04.04 17:18:58.384,0.87282,0.8729,1.00,2.62
2018.04.04 17:18:59.013,0.87282,0.87288,1.00,1.50
2018.04.04 17:19:00.140,0.87281,0.87289,1.50,1.50
2018.04.04 17:19:00.981,0.87281,0.87285,1.00,1.50
2018.04.04 17:19:01.088,0.87279,0.87284,1.00,1.50
2018.04.04 17:19:01.451,0.87275,0.87283,1.50,1.50
2018.04.04 17:19:02.005,0.87276,0.87284,1.00,1.87
2018.04.04 17:19:02.707,0.87278,0.87285,2.25,2.25
2018.04.04 17:19:03.241,0.87278,0.87284,1.50,1.50
2018.04.04 17:19:04.469,0.87278,0.87285,1.50,2.25
2018.04.04 17:19:05.914,0.87278,0.87284,1.50,1.50
2018.04.04 17:19:06.430,0.87278,0.87285,1.50,1.00
2018.04.04 17:19:08.468,0.87278,0.87286,1.95,1.00
2018.04.04 17:19:08.782,0.8728,0.87286,1.00,1.00
2018.04.04 17:19:09.331,0.8728,0.87288,1.87,1.50
2018.04.04 17:19:09.384,0.8728,0.87286,2.62,1.50
2018.04.04 17:19:09.949,0.87279,0.87286,1.50,1.00
2018.04.04 17:19:10.498,0.87279,0.87287,1.50,2.25
2018.04.04 17:19:10.801,0.8728,0.87289,1.50,3.00
2018.04.04 17:19:11.434,0.87282,0.87289,1.00,2.25
2018.04.04 17:19:13.612,0.8728,0.87284,1.12,1.50
2018.04.04 17:19:13.719,0.87279,0.87286,1.00,1.50
2018.04.04 17:19:13.825,0.87279,0.87284,1.00,1.50
2018.04.04 17:19:14.358,0.87279,0.87285,1.50,1.50
2018.04.04 17:19:19.628,0.87278,0.87285,1.00,1.50
2018.04.04 17:19:20.176,0.87278,0.87284,1.00,1.50
2018.04.04 17:19:20.279,0.87276,0.87283,1.00,1.50
2018.04.04 17:19:20.785,0.87276,0.87282,1.00,1.50
2018.04.04 17:19:23.122,0.87276,0.87284,1.00,2.62
2018.04.04 17:19:23.719,0.87275,0.87284,1.50,2.62
2018.04.04 17:19:24.343,0.87275,0.87283,1.50,1.50
2018.04.04 17:19:25.234,0.87276,0.87284,1.00,1.50
2018.04.04 17:19:25.747,0.87275,0.87283,2.62,1.50
2018.04.04 17:19:30.715,0.87275,0.87284,1.00,3.00
2018.04.04 17:19:33.277,0.87276,0.87284,1.00,2.25
2018.04.04 17:19:33.817,0.87275,0.87285,4.50,1.87
2018.04.04 17:19:34.496,0.87276,0.87284,1.00,1.00
2018.04.04 17:19:35.472,0.87276,0.87285,1.50,1.50
2018.04.04 17:19:36.207,0.87277,0.87286,1.00,3.07
2018.04.04 17:19:39.149,0.87278,0.87287,1.00,3.00
2018.04.04 17:19:39.909,0.87277,0.87287,2.62,3.00
2018.04.04 17:19:40.910,0.87277,0.87287,1.87,3.37
2018.04.04 17:19:41.799,0.87278,0.87287,1.00,3.37
2018.04.04 17:19:45.200,0.87278,0.87288,2.25,2.25
2018.04.04 17:19:45.708,0.87279,0.87288,1.87,1.00
2018.04.04 17:19:45.967,0.87281,0.87288,1.00,1.00
2018.04.04 17:19:47.367,0.87281,0.87289,1.00,3.37
2018.04.04 17:19:48.306,0.87281,0.8729,1.87,4.50
2018.04.04 17:19:48.817,0.87282,0.8729,1.00,4.50
2018.04.04 17:19:49.191,0.8728,0.87286,1.00,1.00
2018.04.04 17:19:49.390,0.87278,0.87286,1.00,2.25
2018.04.04 17:19:50.306,0.87278,0.87286,1.00,3.00
2018.04.04 17:19:50.846,0.87277,0.87286,1.50,2.25
2018.04.04 17:19:51.861,0.87277,0.87286,3.75,2.25
2018.04.04 17:19:53.229,0.87278,0.87283,1.00,1.50
2018.04.04 17:19:53.333,0.87276,0.87283,1.00,2.25
2018.04.04 17:19:54.414,0.87275,0.87283,1.50,2.25
2018.04.04 17:19:55.961,0.87274,0.87283,1.00,4.50
2018.04.04 17:19:56.587,0.87273,0.87281,1.12,1.12
2018.04.04 17:19:57.234,0.87274,0.87281,1.00,1.12
2018.04.04 17:19:57.688,0.87272,0.87281,2.25,1.12
2018.04.04 17:19:57.740,0.87272,0.87279,1.50,1.12
2018.04.04 17:19:58.283,0.87271,0.8728,1.87,4.20
2018.04.04 17:19:58.795,0.87271,0.87278,1.87,1.00
2018.04.04 17:19:59.942,0.87271,0.87279,1.12,1.00
2018.04.04 17:20:00.610,0.87271,0.8728,1.50,3.75
2018.04.04 17:20:01.150,0.87272,0.87281,1.00,1.12
2018.04.04 17:20:01.820,0.87273,0.87282,1.50,5.32
2018.04.04 17:20:02.987,0.87273,0.87282,1.50,2.32
2018.04.04 17:20:03.601,0.87273,0.8728,1.00,1.50
2018.04.04 17:20:04.109,0.87272,0.8728,1.00,2.25
2018.04.04 17:20:04.632,0.87271,0.8728,1.57,2.62
2018.04.04 17:20:05.666,0.87272,0.8728,1.00,2.62
2018.04.04 17:20:06.704,0.87271,0.8728,1.95,2.62
2018.04.04 17:20:07.235,0.87272,0.8728,1.00,2.62
2018.04.04 17:20:08.800,0.87271,0.8728,1.95,2.62
2018.04.04 17:20:10.648,0.87271,0.87279,1.95,1.50
2018.04.04 17:20:18.618,0.87271,0.87278,1.00,1.12
2018.04.04 17:20:19.155,0.8727,0.87278,1.50,1.12
2018.04.04 17:20:23.622,0.8727,0.87279,1.50,3.00
2018.04.04 17:20:24.735,0.8727,0.87278,1.50,1.00
2018.04.04 17:20:26.350,0.87268,0.87272,1.95,1.00
2018.04.04 17:20:26.508,0.87265,0.87271,1.00,2.62
2018.04.04 17:20:26.759,0.87263,0.8727,1.00,3.00
2018.04.04 17:20:27.180,0.87261,0.87268,1.00,2.25
2018.04.04 17:20:27.856,0.8726,0.87268,1.00,2.25
2018.04.04 17:20:29.699,0.87262,0.87269,1.00,2.62
2018.04.04 17:20:29.963,0.8726,0.87268,1.57,1.50
2018.04.04 17:20:30.539,0.8726,0.87269,1.95,3.00
2018.04.04 17:20:30.697,0.87264,0.8727,1.87,1.50
2018.04.04 17:20:31.009,0.87267,0.87273,1.00,1.00
2018.04.04 17:20:31.062,0.87267,0.87275,1.87,1.00
2018.04.04 17:20:31.583,0.87269,0.87276,1.00,2.25
2018.04.04 17:20:32.100,0.87268,0.87276,1.12,2.25
2018.04.04 17:20:32.614,0.87268,0.87275,2.25,1.50
2018.04.04 17:20:37.727,0.87268,0.87277,1.95,2.25
2018.04.04 17:20:38.536,0.87269,0.87277,1.00,2.62
2018.04.04 17:20:40.267,0.87269,0.87276,1.00,1.50
2018.04.04 17:20:44.167,0.87267,0.87275,1.50,2.62
2018.04.04 17:20:44.586,0.87266,0.87273,1.00,1.00
2018.04.04 17:20:45.264,0.87266,0.87272,1.00,2.25
2018.04.04 17:20:45.527,0.87266,0.87274,1.50,3.37
2018.04.04 17:20:46.558,0.87268,0.87274,1.00,2.62
2018.04.04 17:20:47.123,0.87268,0.87275,1.50,1.00
2018.04.04 17:20:47.747,0.87269,0.87276,1.00,4.12
2018.04.04 17:20:51.224,0.87269,0.87277,1.00,1.50
2018.04.04 17:20:51.741,0.8727,0.87277,1.00,2.62
2018.04.04 17:20:54.867,0.87269,0.87277,1.00,2.32
2018.04.04 17:20:55.392,0.87268,0.87276,1.50,1.50
2018.04.04 17:20:58.280,0.8727,0.87277,1.00,2.25
2018.04.04 17:20:58.826,0.87272,0.87278,1.00,1.12
2018.04.04 17:20:59.341,0.87272,0.87277,1.00,1.50
2018.04.04 17:21:00.165,0.87271,0.87277,1.00,1.50
2018.04.04 17:21:00.270,0.87269,0.87278,2.62,1.87
2018.04.04 17:21:00.600,0.87269,0.87276,2.25,2.25
2018.04.04 17:21:01.117,0.87268,0.87276,1.12,1.50
2018.04.04 17:21:02.118,0.87269,0.87278,1.00,4.12
2018.04.04 17:21:02.272,0.87271,0.87278,1.00,1.87
2018.04.04 17:21:02.819,0.87269,0.87276,1.00,2.25
2018.04.04 17:21:03.129,0.87268,0.87274,1.00,1.50
2018.04.04 17:21:03.642,0.87267,0.87273,1.12,1.50
2018.04.04 17:21:04.706,0.87267,0.87274,1.12,1.00
2018.04.04 17:21:08.343,0.87269,0.87275,1.00,1.50
2018.04.04 17:21:08.395,0.8727,0.87277,1.00,1.10
2018.04.04 17:21:08.912,0.8727,0.87278,1.87,1.50
2018.04.04 17:21:09.453,0.87271,0.87278,1.00,1.50
2018.04.04 17:21:09.991,0.8727,0.87279,2.62,1.95
2018.04.04 17:21:10.280,0.87272,0.8728,1.00,5.32
2018.04.04 17:21:10.831,0.87271,0.87279,1.87,1.87
2018.04.04 17:21:11.371,0.8727,0.87278,1.12,3.00
2018.04.04 17:21:11.611,0.87267,0.87276,3.37,1.50
2018.04.04 17:21:12.272,0.87268,0.87276,1.00,2.25
2018.04.04 17:21:13.971,0.87269,0.87277,1.00,2.62
2018.04.04 17:21:14.694,0.87269,0.87276,1.00,1.50
2018.04.04 17:21:15.644,0.87269,0.87277,1.00,2.25
2018.04.04 17:21:15.697,0.8727,0.87279,1.00,4.20
2018.04.04 17:21:16.010,0.87272,0.87279,1.50,1.00
2018.04.04 17:21:16.543,0.87271,0.87279,1.12,1.12
2018.04.04 17:21:17.057,0.87272,0.87278,1.00,2.25
2018.04.04 17:21:19.058,0.87271,0.87278,1.00,2.62
2018.04.04 17:21:19.628,0.87272,0.8728,1.00,3.00
2018.04.04 17:21:20.172,0.87272,0.8728,1.50,1.87
2018.04.04 17:21:21.008,0.87272,0.87281,1.50,3.75
2018.04.04 17:21:21.549,0.87272,0.8728,1.00,1.50
2018.04.04 17:21:22.088,0.87272,0.87279,1.50,1.50
2018.04.04 17:21:22.608,0.87272,0.8728,1.50,1.50
2018.04.04 17:21:23.276,0.87272,0.87278,1.00,1.50
2018.04.04 17:21:25.832,0.87272,0.8728,1.00,1.50
2018.04.04 17:21:26.357,0.87273,0.8728,1.00,1.50
2018.04.04 17:21:26.899,0.87273,0.87281,1.00,3.00
2018.04.04 17:21:27.361,0.87273,0.87278,1.00,1.50
2018.04.04 17:21:27.882,0.87272,0.87278,1.00,1.50
2018.04.04 17:21:28.262,0.87272,0.8728,1.00,1.50
2018.04.04 17:21:28.776,0.87272,0.87279,1.00,1.50
2018.04.04 17:21:28.995,0.87274,0.87279,1.00,1.50
2018.04.04 17:21:29.521,0.87274,0.87281,1.00,3.37
2018.04.04 17:21:30.023,0.87274,0.8728,1.00,1.50
2018.04.04 17:21:30.618,0.87274,0.87281,1.00,1.87
2018.04.04 17:21:31.135,0.87274,0.87282,1.00,1.00
2018.04.04 17:21:31.675,0.87275,0.87283,1.00,2.32
2018.04.04 17:21:32.481,0.87275,0.87282,1.00,1.50
2018.04.04 17:21:32.532,0.87272,0.8728,2.25,2.62
2018.04.04 17:21:32.867,0.87275,0.8728,1.00,1.87
2018.04.04 17:21:33.073,0.8727,0.87276,1.87,1.00
2018.04.04 17:21:33.179,0.87267,0.87275,1.12,1.00
2018.04.04 17:21:33.728,0.87269,0.87275,1.00,1.87
2018.04.04 17:21:33.781,0.87266,0.87275,1.95,1.00
2018.04.04 17:21:34.278,0.87266,0.87273,1.00,1.50
2018.04.04 17:21:34.589,0.87268,0.87275,1.00,1.50
2018.04.04 17:21:36.284,0.87268,0.87274,1.00,1.50
2018.04.04 17:21:36.336,0.87266,0.87274,2.62,1.50
2018.04.04 17:21:36.862,0.87268,0.87275,1.00,2.25
2018.04.04 17:21:37.756,0.87268,0.87276,1.00,3.37
2018.04.04 17:21:38.651,0.87268,0.87277,1.00,3.37
2018.04.04 17:21:39.166,0.87269,0.87276,1.00,1.50
2018.04.04 17:21:39.690,0.87269,0.87277,1.00,1.50
2018.04.04 17:21:40.546,0.87269,0.87276,1.00,1.00
2018.04.04 17:21:41.059,0.87268,0.87277,1.00,3.82
2018.04.04 17:21:42.037,0.87268,0.87277,1.50,4.57
2018.04.04 17:21:42.409,0.87269,0.87277,1.00,1.87
2018.04.04 17:21:43.108,0.87268,0.87277,1.00,2.62
2018.04.04 17:21:43.734,0.87269,0.87277,1.00,1.12
2018.04.04 17:21:47.019,0.87269,0.87276,1.00,1.00
2018.04.04 17:21:47.534,0.87269,0.87278,1.00,5.32
2018.04.04 17:21:48.613,0.87269,0.87276,1.00,1.00
2018.04.04 17:21:49.201,0.87269,0.87277,1.00,2.62
2018.04.04 17:21:49.783,0.87269,0.87276,1.00,1.00
2018.04.04 17:21:50.315,0.8727,0.87278,1.00,3.00
2018.04.04 17:21:50.857,0.8727,0.87278,1.00,3.00
2018.04.04 17:21:51.373,0.8727,0.87278,1.00,3.37
2018.04.04 17:21:53.179,0.87269,0.87277,1.00,1.00
2018.04.04 17:21:54.111,0.8727,0.87278,1.00,3.37
2018.04.04 17:21:54.642,0.8727,0.87278,1.00,3.00
2018.04.04 17:21:55.181,0.8727,0.87277,1.00,1.50
2018.04.04 17:21:55.287,0.8727,0.87279,1.10,1.50
2018.04.04 17:21:55.584,0.87273,0.8728,1.00,1.50
2018.04.04 17:21:55.643,0.87274,0.87281,1.00,1.12
2018.04.04 17:21:55.973,0.87272,0.87281,3.00,3.37
2018.04.04 17:21:56.449,0.87274,0.87281,1.00,5.62
2018.04.04 17:21:56.959,0.87274,0.8728,1.00,1.00
2018.04.04 17:21:57.498,0.87273,0.87281,1.00,1.00
2018.04.04 17:21:58.211,0.87274,0.87281,1.00,2.62
2018.04.04 17:22:00.601,0.87273,0.87281,1.00,2.25
2018.04.04 17:22:01.121,0.87272,0.8728,1.50,1.87
2018.04.04 17:22:01.746,0.87272,0.87281,1.50,4.20
2018.04.04 17:22:02.296,0.87273,0.8728,1.00,1.50
2018.04.04 17:22:06.292,0.87273,0.87279,1.00,1.50
2018.04.04 17:22:07.030,0.87273,0.8728,1.00,3.56
2018.04.04 17:22:07.084,0.87271,0.8728,1.00,2.81
2018.04.04 17:22:07.726,0.87273,0.87281,1.00,2.62
2018.04.04 17:22:08.414,0.87274,0.8728,1.00,1.00
2018.04.04 17:22:08.849,0.87272,0.8728,1.00,1.87
2018.04.04 17:22:10.581,0.87271,0.8728,1.12,3.00
2018.04.04 17:22:11.159,0.87271,0.8728,1.00,4.12
2018.04.04 17:22:11.274,0.87273,0.87279,1.00,1.12
2018.04.04 17:22:11.846,0.87272,0.87279,1.00,1.12
2018.04.04 17:22:12.122,0.8727,0.87279,1.00,3.07
2018.04.04 17:22:13.266,0.8727,0.87279,1.00,4.57
2018.04.04 17:22:23.581,0.87271,0.87279,1.00,3.82
2018.04.04 17:22:24.299,0.87271,0.87279,1.00,4.57
2018.04.04 17:22:24.836,0.87271,0.87278,1.00,1.00
2018.04.04 17:22:25.366,0.87271,0.87279,1.00,4.57
2018.04.04 17:22:25.900,0.87271,0.87278,1.00,1.00
2018.04.04 17:22:26.824,0.87271,0.87277,1.00,1.00
2018.04.04 17:22:27.348,0.87271,0.87278,1.00,1.50
2018.04.04 17:22:28.368,0.87271,0.87279,1.00,3.07
2018.04.04 17:22:29.003,0.87271,0.87278,1.00,1.00
2018.04.04 17:22:29.542,0.87271,0.87277,1.00,1.12
2018.04.04 17:22:30.307,0.87271,0.87278,1.00,1.00
2018.04.04 17:22:31.307,0.87271,0.87279,1.00,2.32
2018.04.04 17:22:32.981,0.87272,0.87279,1.00,1.00
2018.04.04 17:22:33.492,0.87271,0.8728,1.00,4.50
2018.04.04 17:22:34.473,0.87271,0.8728,1.00,5.25
2018.04.04 17:22:36.890,0.8727,0.87278,1.00,2.62
2018.04.04 17:22:37.096,0.87272,0.87279,1.00,3.37
2018.04.04 17:22:37.904,0.87272,0.87281,1.00,7.01
2018.04.04 17:22:38.449,0.87272,0.87281,1.00,5.32
2018.04.04 17:22:38.970,0.87272,0.8728,1.00,1.12
2018.04.04 17:22:40.377,0.87272,0.87281,1.00,3.07
2018.04.04 17:22:40.976,0.87272,0.8728,1.00,1.12
2018.04.04 17:22:44.390,0.87271,0.8728,1.00,1.50
2018.04.04 17:22:54.201,0.87272,0.8728,1.00,1.50
2018.04.04 17:22:54.456,0.87274,0.87283,1.00,4.50
2018.04.04 17:22:54.978,0.87274,0.87282,1.00,2.25
2018.04.04 17:22:57.904,0.87276,0.87283,1.00,1.87
2018.04.04 17:22:58.420,0.87274,0.87282,1.12,1.87
2018.04.04 17:22:58.681,0.87276,0.87283,1.00,1.10
2018.04.04 17:22:59.376,0.87277,0.87283,1.00,1.00
2018.04.04 17:23:00.126,0.87276,0.87283,1.00,1.00
2018.04.04 17:23:02.525,0.87276,0.87284,1.00,1.50
2018.04.04 17:23:04.072,0.87277,0.87285,1.00,3.00
2018.04.04 17:23:04.642,0.87277,0.87285,1.50,1.87
2018.04.04 17:23:05.052,0.87274,0.87282,1.12,1.50
2018.04.04 17:23:06.507,0.87274,0.87283,1.00,5.25
2018.04.04 17:23:07.140,0.87272,0.87281,4.95,1.50
2018.04.04 17:23:07.649,0.87272,0.8728,1.50,1.00
2018.04.04 17:23:08.187,0.87274,0.87282,1.00,1.00
2018.04.04 17:23:08.517,0.87272,0.8728,3.00,1.00
2018.04.04 17:23:09.060,0.87271,0.87279,2.62,1.00
2018.04.04 17:23:09.574,0.87272,0.8728,1.12,2.25
2018.04.04 17:23:09.884,0.87274,0.8728,1.00,1.00
2018.04.04 17:23:10.411,0.87274,0.87281,1.87,1.00
2018.04.04 17:23:10.914,0.87273,0.87282,2.25,2.62
2018.04.04 17:23:14.551,0.87274,0.87282,1.00,2.25
2018.04.04 17:23:15.077,0.87272,0.87281,6.75,1.31
2018.04.04 17:23:16.121,0.87273,0.8728,1.00,1.50
2018.04.04 17:23:16.656,0.87274,0.87281,1.00,3.75
2018.04.04 17:23:19.237,0.87273,0.87281,1.12,2.62
2018.04.04 17:23:19.745,0.87272,0.8728,1.12,1.00
2018.04.04 17:23:20.453,0.87273,0.87281,1.00,1.12
2018.04.04 17:23:20.989,0.87274,0.87282,1.12,1.00
2018.04.04 17:23:22.361,0.87274,0.87282,1.37,1.00
2018.04.04 17:23:26.101,0.87272,0.87281,3.75,2.62
2018.04.04 17:23:26.634,0.87272,0.8728,5.25,2.25
2018.04.04 17:23:27.346,0.87273,0.87281,1.12,1.00
2018.04.04 17:23:28.173,0.87275,0.87281,1.12,1.00
2018.04.04 17:23:28.721,0.87274,0.87282,1.37,1.00
2018.04.04 17:23:29.240,0.87274,0.87282,1.00,1.00
2018.04.04 17:23:29.551,0.87273,0.8728,1.12,1.00
2018.04.04 17:23:30.072,0.87274,0.87281,1.00,1.00
2018.04.04 17:23:31.690,0.87274,0.87282,1.00,1.00
2018.04.04 17:23:32.633,0.87274,0.87282,1.00,1.87
2018.04.04 17:23:32.946,0.87267,0.87273,1.00,1.50
2018.04.04 17:23:33.331,0.87267,0.87275,1.50,1.00
2018.04.04 17:23:33.849,0.87267,0.87274,1.00,2.25
2018.04.04 17:23:34.032,0.87268,0.87276,1.37,3.00
2018.04.04 17:23:34.188,0.87264,0.87272,1.20,1.00
2018.04.04 17:23:34.240,0.87265,0.87274,1.12,1.00
2018.04.04 17:23:34.498,0.87267,0.87274,1.00,1.00
2018.04.04 17:23:35.748,0.87266,0.87273,1.12,1.00
2018.04.04 17:23:39.446,0.87266,0.87275,2.32,3.00
2018.04.04 17:23:40.012,0.87267,0.87276,1.12,3.07
2018.04.04 17:23:40.524,0.87266,0.87275,2.62,1.12
2018.04.04 17:23:41.500,0.87266,0.87274,1.00,1.00
2018.04.04 17:23:42.050,0.87267,0.87274,1.12,1.00
2018.04.04 17:23:42.203,0.87265,0.87274,2.25,3.00
2018.04.04 17:23:42.751,0.87264,0.87273,1.20,2.62
2018.04.04 17:23:43.783,0.87263,0.87272,3.00,1.50
2018.04.04 17:23:44.331,0.87263,0.87271,4.95,1.50
2018.04.04 17:23:45.099,0.87263,0.87272,5.32,2.25
2018.04.04 17:23:45.621,0.87264,0.87271,1.00,1.50
2018.04.04 17:23:46.165,0.87264,0.87272,1.00,1.00
2018.04.04 17:23:46.321,0.8726,0.87269,2.25,1.57
2018.04.04 17:23:47.439,0.87262,0.87269,1.00,1.00
2018.04.04 17:23:47.979,0.87261,0.87268,1.00,2.25
2018.04.04 17:23:48.839,0.87262,0.87269,1.00,1.12
2018.04.04 17:23:49.353,0.87262,0.8727,1.57,1.00
2018.04.04 17:23:49.894,0.87264,0.8727,1.00,1.50
2018.04.04 17:23:50.440,0.87264,0.87271,1.00,1.87
2018.04.04 17:23:50.748,0.87262,0.8727,3.00,3.00
2018.04.04 17:23:50.799,0.87262,0.8727,1.50,2.62
2018.04.04 17:23:52.462,0.87262,0.87271,3.00,1.50
2018.04.04 17:23:55.466,0.87262,0.87267,3.45,2.25
2018.04.04 17:23:55.963,0.8726,0.87267,2.70,2.25
2018.04.04 17:23:56.017,0.87261,0.87269,1.12,1.12
2018.04.04 17:23:56.624,0.8726,0.87269,1.95,3.00
2018.04.04 17:23:57.567,0.8726,0.87268,1.87,2.25
2018.04.04 17:23:57.621,0.87261,0.87265,1.00,1.00
2018.04.04 17:23:57.676,0.87258,0.87265,2.62,1.00
2018.04.04 17:23:58.038,0.87258,0.87267,2.25,2.25
2018.04.04 17:23:58.599,0.87258,0.87267,2.25,4.50
2018.04.04 17:23:59.289,0.87259,0.87266,1.00,1.00
2018.04.04 17:23:59.842,0.87258,0.87266,3.07,1.00
2018.04.04 17:24:00.328,0.87258,0.87264,1.20,1.00
2018.04.04 17:24:00.383,0.87259,0.87266,1.00,2.25
2018.04.04 17:24:00.917,0.87259,0.87266,1.37,1.50
2018.04.04 17:24:01.523,0.87259,0.87267,1.37,1.12
2018.04.04 17:24:02.749,0.87259,0.87266,1.12,1.12
2018.04.04 17:24:03.910,0.87259,0.87267,1.87,1.12
2018.04.04 17:24:04.978,0.87259,0.87266,1.87,1.50
2018.04.04 17:24:05.572,0.87259,0.87267,1.12,1.12
2018.04.04 17:24:06.528,0.87258,0.87264,2.25,1.00
2018.04.04 17:24:06.681,0.8726,0.87268,1.00,1.12
2018.04.04 17:24:07.226,0.8726,0.87267,1.00,1.00
2018.04.04 17:24:07.745,0.8726,0.87268,1.00,1.12
2018.04.04 17:24:08.258,0.8726,0.87267,1.00,1.50
2018.04.04 17:24:08.932,0.8726,0.87268,1.00,1.50
2018.04.04 17:24:09.460,0.87259,0.87268,2.25,1.87
2018.04.04 17:24:09.630,0.8726,0.87269,1.57,1.00
2018.04.04 17:24:10.193,0.87262,0.8727,1.87,1.00
2018.04.04 17:24:10.703,0.87263,0.87271,1.12,1.12
2018.04.04 17:24:11.392,0.87263,0.87272,1.87,1.12
2018.04.04 17:24:12.117,0.87262,0.8727,3.00,1.00
2018.04.04 17:24:12.221,0.87261,0.87269,2.62,3.00
2018.04.04 17:24:12.426,0.87262,0.87271,1.00,2.25
2018.04.04 17:24:12.958,0.87263,0.87271,1.00,1.00
2018.04.04 17:24:14.572,0.87262,0.8727,1.12,1.00
2018.04.04 17:24:15.117,0.87263,0.8727,1.00,1.50
2018.04.04 17:24:15.328,0.87265,0.8727,1.12,1.00
2018.04.04 17:24:15.433,0.87265,0.87272,1.12,1.00
2018.04.04 17:24:16.040,0.87265,0.87273,1.12,1.12
2018.04.04 17:24:16.565,0.87265,0.87274,2.62,4.12
2018.04.04 17:24:17.089,0.87265,0.87273,1.12,1.00
2018.04.04 17:24:17.597,0.87265,0.87272,1.00,1.00
2018.04.04 17:24:18.109,0.87265,0.87273,1.00,1.12
2018.04.04 17:24:18.952,0.87264,0.87272,1.00,1.00
2018.04.04 17:24:19.009,0.87262,0.8727,1.07,1.50
2018.04.04 17:24:19.063,0.87261,0.8727,3.45,1.87
2018.04.04 17:24:19.589,0.87262,0.87271,1.00,1.87
2018.04.04 17:24:20.099,0.87263,0.8727,1.00,1.50
2018.04.04 17:24:20.151,0.87261,0.8727,2.70,1.50
2018.04.04 17:24:20.693,0.87262,0.87269,1.00,1.00
2018.04.04 17:24:21.241,0.87262,0.8727,1.50,1.00
2018.04.04 17:24:22.121,0.87262,0.87269,1.50,1.00
2018.04.04 17:24:22.342,0.87261,0.87269,1.50,1.12
2018.04.04 17:24:22.964,0.87261,0.8727,1.12,1.50
2018.04.04 17:24:23.270,0.87263,0.8727,1.00,1.50
2018.04.04 17:24:23.774,0.87262,0.87269,1.00,1.00
2018.04.04 17:24:24.306,0.87262,0.8727,1.00,1.87
2018.04.04 17:24:24.650,0.87262,0.87268,1.00,1.00
2018.04.04 17:24:24.703,0.87262,0.8727,1.00,1.87
2018.04.04 17:24:25.297,0.87262,0.87269,1.00,1.00
2018.04.04 17:24:25.802,0.87262,0.8727,3.00,1.00
2018.04.04 17:24:26.555,0.87264,0.8727,1.00,1.00
2018.04.04 17:24:27.051,0.87262,0.8727,1.00,1.12
2018.04.04 17:24:27.103,0.87262,0.87268,1.00,1.00
2018.04.04 17:24:27.155,0.87262,0.8727,1.00,1.00
2018.04.04 17:24:28.407,0.87263,0.87271,1.00,1.00
2018.04.04 17:24:28.926,0.87264,0.87272,1.00,1.00
2018.04.04 17:24:32.195,0.87264,0.8727,1.00,1.00
2018.04.04 17:24:32.247,0.87263,0.87272,3.07,4.12
2018.04.04 17:24:32.756,0.87262,0.87271,1.87,3.00
2018.04.04 17:24:32.993,0.87262,0.87269,1.87,1.00
2018.04.04 17:24:33.530,0.87263,0.87271,1.00,1.50
2018.04.04 17:24:34.044,0.87264,0.87271,1.00,1.50
2018.04.04 17:24:42.949,0.87265,0.87271,1.00,1.00
2018.04.04 17:24:43.348,0.87266,0.87274,1.12,1.87
2018.04.04 17:24:43.866,0.87266,0.87275,1.87,2.25
2018.04.04 17:24:44.699,0.87266,0.87273,1.12,1.00
2018.04.04 17:24:47.317,0.87264,0.87272,1.95,1.00
2018.04.04 17:24:47.442,0.87262,0.8727,1.12,2.25
2018.04.04 17:24:47.961,0.87263,0.87271,1.00,3.00
2018.04.04 17:24:48.498,0.87263,0.8727,1.12,1.00
2018.04.04 17:24:48.552,0.87266,0.87271,1.00,1.00
2018.04.04 17:24:48.975,0.87266,0.87273,1.00,3.37
2018.04.04 17:24:49.302,0.87266,0.87271,1.00,1.00
2018.04.04 17:24:50.510,0.87263,0.87271,2.25,3.00
2018.04.04 17:24:51.030,0.87263,0.8727,1.50,1.00
2018.04.04 17:24:51.570,0.87264,0.87271,1.00,1.50
2018.04.04 17:24:56.372,0.87262,0.87271,3.37,2.25
2018.04.04 17:24:57.435,0.87262,0.8727,1.00,1.00
2018.04.04 17:24:57.973,0.87262,0.87271,1.00,1.50
2018.04.04 17:24:58.280,0.87264,0.87271,1.00,1.50
2018.04.04 17:25:05.227,0.87263,0.87269,1.10,1.00
2018.04.04 17:25:05.625,0.87261,0.87267,1.00,1.00
2018.04.04 17:25:07.290,0.87261,0.87269,1.00,1.00
2018.04.04 17:25:07.907,0.87262,0.87269,1.12,1.00
2018.04.04 17:25:09.476,0.87263,0.87269,1.00,1.00
2018.04.04 17:25:09.632,0.87264,0.87271,1.00,1.50
2018.04.04 17:25:10.141,0.87264,0.87272,1.00,1.50
2018.04.04 17:25:10.674,0.87265,0.87272,1.00,1.00
2018.04.04 17:25:12.398,0.87265,0.87273,1.00,3.00
2018.04.04 17:25:12.881,0.87267,0.87273,1.00,1.00
2018.04.04 17:25:13.550,0.87267,0.87274,1.00,2.62
2018.04.04 17:25:14.338,0.87267,0.87273,1.00,1.00
2018.04.04 17:25:14.889,0.87267,0.87274,1.00,2.25
2018.04.04 17:25:16.250,0.87266,0.87274,1.57,1.00
2018.04.04 17:25:18.129,0.87265,0.87272,2.25,1.00
2018.04.04 17:25:18.337,0.87264,0.87272,1.57,1.50
2018.04.04 17:25:19.332,0.87264,0.87271,1.00,1.00
2018.04.04 17:25:20.447,0.87262,0.8727,2.70,1.00
2018.04.04 17:25:20.951,0.87261,0.87269,1.12,1.50
2018.04.04 17:25:22.111,0.87261,0.87268,1.00,1.00
2018.04.04 17:25:23.654,0.87261,0.87269,1.12,1.87
2018.04.04 17:25:24.570,0.87261,0.87268,1.12,1.00
2018.04.04 17:25:25.270,0.87261,0.87269,1.00,3.75
2018.04.04 17:25:28.570,0.87261,0.8727,2.62,3.37
2018.04.04 17:25:29.394,0.87261,0.87268,1.87,1.00
2018.04.04 17:25:30.428,0.8726,0.87268,1.57,1.00
2018.04.04 17:25:30.938,0.87261,0.87268,1.12,1.00
2018.04.04 17:25:32.384,0.87261,0.87268,1.57,1.00
2018.04.04 17:25:36.643,0.87263,0.87269,1.57,1.00
2018.04.04 17:25:36.999,0.87266,0.87272,1.00,1.50
2018.04.04 17:25:42.121,0.87265,0.87272,1.50,1.50
2018.04.04 17:25:42.686,0.87264,0.87272,2.32,1.50
2018.04.04 17:25:43.185,0.87264,0.8727,1.10,1.00
2018.04.04 17:25:43.386,0.87266,0.87274,1.12,1.00
2018.04.04 17:25:46.135,0.87267,0.87274,1.00,1.50
2018.04.04 17:25:46.737,0.87268,0.87276,1.50,1.00
2018.04.04 17:25:51.112,0.87269,0.87276,1.12,1.00
2018.04.04 17:25:51.751,0.87268,0.87276,4.12,1.00
2018.04.04 17:25:53.284,0.87269,0.87275,1.00,1.00
2018.04.04 17:25:53.785,0.87268,0.87275,1.00,1.00
2018.04.04 17:25:54.431,0.87267,0.87275,1.12,1.50
2018.04.04 17:25:55.431,0.87267,0.87275,3.45,1.00
2018.04.04 17:25:55.966,0.87267,0.87275,1.10,1.50
2018.04.04 17:25:56.501,0.87268,0.87275,1.00,1.50
2018.04.04 17:25:57.257,0.87267,0.87275,1.57,1.50
2018.04.04 17:25:59.492,0.87268,0.87275,1.12,2.25
2018.04.04 17:25:59.977,0.87267,0.87272,1.00,1.00
2018.04.04 17:26:00.031,0.87264,0.87272,1.10,1.00
2018.04.04 17:26:00.578,0.87265,0.87272,1.12,1.00
2018.04.04 17:26:02.021,0.87265,0.87271,1.00,1.00
2018.04.04 17:26:02.425,0.87263,0.87271,1.12,1.00
2018.04.04 17:26:02.476,0.87263,0.87269,3.00,1.00
2018.04.04 17:26:03.009,0.87263,0.8727,1.00,1.50
2018.04.04 17:26:04.431,0.87262,0.8727,5.32,1.50
2018.04.04 17:26:06.136,0.87263,0.8727,1.00,1.00
2018.04.04 17:26:07.235,0.87263,0.87271,1.12,1.87
2018.04.04 17:26:07.937,0.87264,0.87271,1.00,1.50
2018.04.04 17:26:08.992,0.87263,0.87271,2.32,1.50
2018.04.04 17:26:13.926,0.87263,0.87271,1.57,1.00
2018.04.04 17:26:15.993,0.87263,0.87271,2.25,1.00
2018.04.04 17:26:18.278,0.87264,0.87272,1.50,1.00
2018.04.04 17:26:18.789,0.87264,0.87271,1.12,1.00
2018.04.04 17:26:21.664,0.87263,0.87271,1.12,1.50
2018.04.04 17:26:22.939,0.87262,0.8727,3.07,1.00
2018.04.04 17:26:23.470,0.87261,0.87269,3.37,1.50
2018.04.04 17:26:23.993,0.87261,0.87269,1.50,1.50
2018.04.04 17:26:26.357,0.8726,0.87268,3.37,1.00
2018.04.04 17:26:26.873,0.8726,0.87268,1.50,1.50
2018.04.04 17:26:32.528,0.87259,0.87267,4.12,1.00
2018.04.04 17:26:33.058,0.87258,0.87267,4.20,3.00
2018.04.04 17:26:33.368,0.8726,0.87267,3.37,1.00
2018.04.04 17:26:33.574,0.8726,0.87269,1.12,2.62
2018.04.04 17:26:35.156,0.87261,0.87268,1.00,1.00
2018.04.04 17:26:35.742,0.87261,0.87269,1.00,1.50
2018.04.04 17:26:37.242,0.87259,0.87267,1.50,2.25
2018.04.04 17:26:38.088,0.8726,0.87267,1.00,1.00
2018.04.04 17:26:38.599,0.87259,0.87268,1.50,1.50
2018.04.04 17:26:39.572,0.87259,0.87267,1.50,1.00
2018.04.04 17:26:40.464,0.87258,0.87267,3.07,2.25
2018.04.04 17:26:40.979,0.87259,0.87267,1.00,2.25
2018.04.04 17:26:41.299,0.87259,0.87265,1.50,1.00
2018.04.04 17:26:41.841,0.87259,0.87264,1.50,1.00
2018.04.04 17:26:44.926,0.87259,0.87265,2.25,1.50
2018.04.04 17:26:51.948,0.87258,0.87265,2.62,1.00
2018.04.04 17:26:52.475,0.87258,0.87265,2.62,1.00
2018.04.04 17:26:53.245,0.87258,0.87267,3.00,1.87
2018.04.04 17:26:53.987,0.87258,0.87265,3.00,1.00
2018.04.04 17:26:54.504,0.87259,0.87266,1.00,1.00
2018.04.04 17:26:56.086,0.87258,0.87264,3.37,1.00
2018.04.04 17:26:57.219,0.87258,0.87264,3.45,1.00
2018.04.04 17:27:01.985,0.87258,0.87262,1.00,1.00
2018.04.04 17:27:02.037,0.87258,0.87264,1.00,1.00
2018.04.04 17:27:02.558,0.87258,0.87264,2.62,1.00
2018.04.04 17:27:02.611,0.87259,0.87266,1.12,1.50
2018.04.04 17:27:07.929,0.87258,0.87267,3.82,3.37
2018.04.04 17:27:08.467,0.87258,0.87266,2.32,1.50
2018.04.04 17:27:10.199,0.87258,0.87267,3.00,1.87
2018.04.04 17:27:10.722,0.87259,0.87267,2.25,1.50
2018.04.04 17:27:18.590,0.8726,0.87266,1.00,1.00
2018.04.04 17:27:23.987,0.8726,0.87268,1.00,1.50
2018.04.04 17:27:24.584,0.87261,0.87269,1.50,1.50
2018.04.04 17:27:28.580,0.87261,0.87268,1.87,1.00
2018.04.04 17:27:29.247,0.87261,0.87269,1.87,3.00
2018.04.04 17:27:29.457,0.87263,0.8727,1.00,1.00
2018.04.04 17:27:30.006,0.87263,0.87271,1.00,1.50
2018.04.04 17:27:32.868,0.87264,0.87272,1.50,3.00
2018.04.04 17:27:34.779,0.87264,0.87271,1.00,1.00
2018.04.04 17:27:37.554,0.87264,0.87272,1.00,1.50
2018.04.04 17:27:39.623,0.87265,0.87272,1.00,1.50
2018.04.04 17:27:44.001,0.87265,0.8727,1.00,1.00
2018.04.04 17:27:44.524,0.87265,0.87271,1.00,1.00
2018.04.04 17:27:47.975,0.87265,0.8727,1.00,1.00
2018.04.04 17:27:48.529,0.87265,0.87271,1.00,1.00
2018.04.04 17:27:48.839,0.87263,0.8727,1.87,1.00
2018.04.04 17:27:49.352,0.87262,0.87268,1.87,1.00
2018.04.04 17:27:55.611,0.87261,0.87268,1.00,1.00
2018.04.04 17:27:56.185,0.87262,0.87268,1.00,1.00
2018.04.04 17:27:58.542,0.87262,0.87267,1.00,1.00
2018.04.04 17:27:58.811,0.87259,0.87267,3.00,2.25
2018.04.04 17:27:59.323,0.87259,0.87266,2.62,1.50
2018.04.04 17:28:00.845,0.87259,0.87268,1.50,4.12
2018.04.04 17:28:01.397,0.87261,0.87269,1.50,2.25
2018.04.04 17:28:02.716,0.87261,0.87268,1.50,1.00
2018.04.04 17:28:03.426,0.87259,0.87267,3.00,1.00
2018.04.04 17:28:04.623,0.8726,0.87268,1.12,2.62
2018.04.04 17:28:05.153,0.8726,0.87267,1.12,1.00
2018.04.04 17:28:05.256,0.8726,0.87269,1.12,3.00
2018.04.04 17:28:05.823,0.87262,0.87269,1.00,1.00
2018.04.04 17:28:06.338,0.87264,0.87269,1.50,1.00
2018.04.04 17:28:06.716,0.87265,0.87272,1.00,1.50
2018.04.04 17:28:10.595,0.87264,0.87272,1.12,1.50
2018.04.04 17:28:11.714,0.87264,0.87271,1.12,1.00
2018.04.04 17:28:16.747,0.87264,0.87272,1.12,1.50
2018.04.04 17:28:17.325,0.87264,0.87271,1.12,1.00
2018.04.04 17:28:17.842,0.87264,0.87272,1.12,1.50
2018.04.04 17:28:18.345,0.87265,0.87272,1.00,1.50
2018.04.04 17:28:20.557,0.87263,0.87272,2.62,1.50
2018.04.04 17:28:20.761,0.87263,0.8727,4.87,1.00
2018.04.04 17:28:36.560,0.87265,0.8727,1.00,1.00
2018.04.04 17:28:36.719,0.87264,0.87272,1.50,1.87
2018.04.04 17:28:48.371,0.87264,0.87271,1.00,1.00
2018.04.04 17:28:53.997,0.87265,0.87271,1.00,1.00
2018.04.04 17:28:54.790,0.87264,0.87271,1.00,1.00
2018.04.04 17:28:58.929,0.87263,0.87271,3.00,1.00
2018.04.04 17:29:02.606,0.87263,0.87271,3.00,1.00
2018.04.04 17:29:03.068,0.87263,0.87269,1.12,1.00
2018.04.04 17:29:05.575,0.8726,0.87267,1.87,1.00
2018.04.04 17:29:06.094,0.87261,0.87267,1.00,1.00
2018.04.04 17:29:14.193,0.87261,0.87268,1.00,1.00
2018.04.04 17:29:16.111,0.8726,0.87268,2.62,1.50
2018.04.04 17:29:16.750,0.8726,0.87268,3.37,1.50
2018.04.04 17:29:25.979,0.8726,0.87268,2.25,1.50
2018.04.04 17:29:30.799,0.87261,0.87268,1.00,1.00
2018.04.04 17:29:32.324,0.8726,0.87268,3.00,1.00
2018.04.04 17:29:34.966,0.87262,0.8727,4.87,1.00
2018.04.04 17:29:35.591,0.87262,0.87271,3.97,1.50
2018.04.04 17:29:36.124,0.87262,0.87271,3.22,1.50
2018.04.04 17:29:36.890,0.87263,0.87271,1.37,1.50
2018.04.04 17:29:38.135,0.87263,0.87271,2.25,1.50
2018.04.04 17:29:40.190,0.87263,0.87272,3.00,1.50
2018.04.04 17:29:40.989,0.87264,0.87272,1.00,1.50
2018.04.04 17:29:42.562,0.87265,0.87272,1.50,1.50
2018.04.04 17:29:43.157,0.87266,0.87273,1.00,1.00
2018.04.04 17:29:46.502,0.87266,0.87274,1.00,1.50
2018.04.04 17:29:49.364,0.87264,0.87271,3.37,1.00
2018.04.04 17:29:49.469,0.87262,0.8727,1.00,1.00
2018.04.04 17:29:50.018,0.87261,0.8727,3.00,1.00
2018.04.04 17:29:50.553,0.87261,0.87269,3.00,1.00
2018.04.04 17:29:53.400,0.87259,0.87268,2.92,1.00
2018.04.04 17:29:53.904,0.87259,0.87267,1.87,1.50
2018.04.04 17:30:02.814,0.87259,0.87267,3.00,1.00
2018.04.04 17:30:03.839,0.87259,0.87267,1.00,1.50
2018.04.04 17:30:07.359,0.87258,0.87267,2.62,1.50
2018.04.04 17:30:21.483,0.87258,0.87267,5.62,1.50
2018.04.04 17:30:23.087,0.8726,0.87268,1.87,1.12
2018.04.04 17:30:23.848,0.8726,0.87269,1.50,1.87
2018.04.04 17:30:24.389,0.8726,0.87268,1.00,1.00
2018.04.04 17:30:25.447,0.87259,0.87267,1.87,1.00
2018.04.04 17:30:25.499,0.87258,0.87263,1.12,1.00
2018.04.04 17:30:25.550,0.87258,0.87265,1.12,2.25
2018.04.04 17:30:26.104,0.87259,0.87267,1.00,2.10
2018.04.04 17:30:26.608,0.87259,0.87266,1.00,3.00
2018.04.04 17:30:30.359,0.87258,0.87265,1.12,1.00
2018.04.04 17:30:34.359,0.87258,0.87266,1.50,1.87
2018.04.04 17:30:37.174,0.87258,0.87265,1.00,1.00
2018.04.04 17:30:39.725,0.87258,0.87266,1.50,2.62
2018.04.04 17:30:40.442,0.87258,0.87264,1.00,1.00
2018.04.04 17:30:44.246,0.87258,0.87265,1.12,1.00
2018.04.04 17:30:45.159,0.87259,0.87265,1.00,1.12
2018.04.04 17:30:46.266,0.87258,0.87266,1.00,4.50
2018.04.04 17:30:49.879,0.87257,0.87265,2.85,1.00
2018.04.04 17:30:50.235,0.87258,0.87267,3.00,1.12
2018.04.04 17:30:51.651,0.87258,0.87265,3.60,1.00
2018.04.04 17:30:52.106,0.87259,0.87267,1.50,1.00
2018.04.04 17:30:54.016,0.87261,0.87268,1.00,1.00
2018.04.04 17:30:55.431,0.8726,0.87268,1.00,1.00
2018.04.04 17:30:55.938,0.8726,0.87268,1.50,1.00
2018.04.04 17:30:56.447,0.8726,0.87268,1.87,1.00
2018.04.04 17:30:58.702,0.8726,0.87269,1.87,1.00
2018.04.04 17:30:58.754,0.87262,0.8727,1.00,2.32
2018.04.04 17:31:00.183,0.87261,0.87269,1.00,1.00
2018.04.04 17:31:00.701,0.8726,0.87269,6.22,1.00
2018.04.04 17:31:01.497,0.8726,0.87268,6.07,1.00
2018.04.04 17:31:01.998,0.8726,0.87269,4.50,1.87
2018.04.04 17:31:02.519,0.87263,0.8727,1.00,1.50
2018.04.04 17:31:04.686,0.87264,0.87272,1.12,1.00
2018.04.04 17:31:06.910,0.87262,0.87271,4.12,2.62
2018.04.04 17:31:07.013,0.87261,0.87268,1.00,1.00
2018.04.04 17:31:08.020,0.87261,0.8727,3.00,1.12
2018.04.04 17:31:09.581,0.87261,0.87269,1.12,1.50
2018.04.04 17:31:09.634,0.87261,0.87267,1.12,1.00
2018.04.04 17:31:10.864,0.8726,0.87269,4.50,1.00
2018.04.04 17:31:10.918,0.87261,0.87269,3.75,1.00
2018.04.04 17:31:11.439,0.87262,0.8727,1.50,1.00
2018.04.04 17:31:11.987,0.87261,0.87269,1.87,2.25
2018.04.04 17:31:12.512,0.87261,0.87268,1.00,1.00
2018.04.04 17:31:14.339,0.8726,0.87268,3.75,1.00
2018.04.04 17:31:18.531,0.8726,0.87268,1.00,1.50
2018.04.04 17:31:21.432,0.8726,0.87268,1.00,2.25
2018.04.04 17:31:30.487,0.8726,0.87267,1.00,1.00
2018.04.04 17:31:31.033,0.8726,0.87268,2.62,1.00
2018.04.04 17:31:32.043,0.87259,0.87268,3.37,2.25
2018.04.04 17:31:40.585,0.8726,0.87269,1.00,3.07
2018.04.04 17:31:42.120,0.87262,0.87268,1.00,1.00
2018.04.04 17:31:46.997,0.87261,0.8727,1.87,3.37
2018.04.04 17:31:47.930,0.87261,0.87269,2.32,1.00
2018.04.04 17:31:48.604,0.8726,0.87269,1.50,1.50
2018.04.04 17:31:49.122,0.8726,0.87269,1.50,2.25
2018.04.04 17:31:49.628,0.87261,0.87269,1.00,1.50
2018.04.04 17:31:50.552,0.87261,0.8727,1.12,1.50
2018.04.04 17:31:51.175,0.87262,0.8727,1.57,1.00
2018.04.04 17:31:51.678,0.87263,0.87271,1.00,1.00
2018.04.04 17:31:52.779,0.87263,0.87271,1.00,1.50
2018.04.04 17:31:53.747,0.87263,0.87271,1.00,1.00
2018.04.04 17:31:57.802,0.87262,0.8727,1.50,1.00
2018.04.04 17:31:59.717,0.87262,0.87271,1.00,1.87
2018.04.04 17:32:00.439,0.87262,0.8727,1.00,1.00
2018.04.04 17:32:00.992,0.87262,0.87271,1.00,1.87
2018.04.04 17:32:01.890,0.87262,0.8727,1.50,1.00
2018.04.04 17:32:03.549,0.87262,0.87271,1.00,1.87
2018.04.04 17:32:07.494,0.87263,0.87271,1.00,1.00
2018.04.04 17:32:08.005,0.87262,0.87271,1.12,4.12
2018.04.04 17:32:08.816,0.87261,0.87269,1.87,1.00
2018.04.04 17:32:09.354,0.87261,0.87268,1.12,1.00
2018.04.04 17:32:10.306,0.87261,0.87269,2.25,1.00
2018.04.04 17:32:10.823,0.87262,0.87271,1.12,3.75
2018.04.04 17:32:11.148,0.87264,0.87273,2.25,1.50
2018.04.04 17:32:11.896,0.87264,0.87272,1.87,1.00
2018.04.04 17:32:12.445,0.87264,0.87273,2.25,1.00
2018.04.04 17:32:13.806,0.87262,0.8727,3.00,1.00
2018.04.04 17:32:13.859,0.87262,0.8727,1.00,1.00
2018.04.04 17:32:14.410,0.87261,0.8727,1.95,1.00
2018.04.04 17:32:14.962,0.87261,0.8727,1.95,1.00
2018.04.04 17:32:17.658,0.87261,0.8727,3.37,1.00
2018.04.04 17:32:20.291,0.87262,0.8727,1.00,1.87
2018.04.04 17:32:20.810,0.87261,0.8727,3.00,1.12
2018.04.04 17:32:31.999,0.87262,0.87269,1.00,2.62
2018.04.04 17:32:32.052,0.8726,0.87269,1.87,1.50
2018.04.04 17:32:32.105,0.87261,0.8727,1.00,1.95
2018.04.04 17:32:32.686,0.87261,0.87269,1.00,1.50
2018.04.04 17:32:33.635,0.8726,0.87269,1.12,3.37
2018.04.04 17:32:34.182,0.87261,0.8727,1.10,1.87
2018.04.04 17:32:34.850,0.87261,0.8727,1.95,1.12
2018.04.04 17:32:35.362,0.87261,0.8727,1.12,1.00
2018.04.04 17:32:38.330,0.87263,0.87272,1.87,4.12
2018.04.04 17:32:38.640,0.87266,0.87275,1.12,2.62
2018.04.04 17:32:39.632,0.87266,0.87274,1.12,1.00
2018.04.04 17:32:42.188,0.87266,0.87273,1.12,1.00
2018.04.04 17:32:42.698,0.87266,0.87274,1.50,1.00
2018.04.04 17:32:52.179,0.87267,0.87276,1.50,4.50
2018.04.04 17:32:54.720,0.87267,0.87275,1.00,1.00
2018.04.04 17:32:59.692,0.87266,0.87275,4.12,3.75
2018.04.04 17:33:00.243,0.87266,0.87275,3.75,3.00
2018.04.04 17:33:01.355,0.87267,0.87276,1.50,1.00
2018.04.04 17:33:02.004,0.87268,0.87276,1.00,1.00
2018.04.04 17:33:02.550,0.87268,0.87277,1.00,4.72
2018.04.04 17:33:07.641,0.87268,0.87277,4.12,1.50
2018.04.04 17:33:17.466,0.87268,0.87277,3.00,1.00
2018.04.04 17:33:18.443,0.87268,0.87276,1.87,1.00
2018.04.04 17:33:19.000,0.87268,0.87277,1.50,1.87
2018.04.04 17:33:20.423,0.87268,0.87276,2.25,1.00
2018.04.04 17:33:21.034,0.87268,0.87277,2.62,3.37
2018.04.04 17:33:21.834,0.87268,0.87277,1.00,3.00
2018.04.04 17:33:22.158,0.87269,0.87278,1.00,2.25
2018.04.04 17:33:22.690,0.87268,0.87277,1.87,1.00
2018.04.04 17:33:24.161,0.87268,0.87277,2.25,1.50
2018.04.04 17:33:28.176,0.87268,0.87277,2.25,1.00
2018.04.04 17:33:31.436,0.87269,0.87277,1.00,1.00
2018.04.04 17:33:32.008,0.87268,0.87277,5.29,1.00
2018.04.04 17:33:34.303,0.87268,0.87276,1.50,1.00
2018.04.04 17:33:34.823,0.87268,0.87277,1.00,1.12
2018.04.04 17:33:35.825,0.8727,0.87276,1.00,1.00
2018.04.04 17:33:47.735,0.87268,0.87276,2.62,1.50
2018.04.04 17:33:48.239,0.87268,0.87276,1.12,1.50
2018.04.04 17:33:48.810,0.87268,0.87277,1.12,1.00
2018.04.04 17:33:59.403,0.87268,0.87276,1.50,1.50
2018.04.04 17:34:00.423,0.87268,0.87277,1.50,2.62
2018.04.04 17:34:00.943,0.87268,0.87276,1.12,1.00
2018.04.04 17:34:01.490,0.87268,0.87277,1.12,4.87
2018.04.04 17:34:01.999,0.87267,0.87276,3.75,1.00
2018.04.04 17:34:11.419,0.87269,0.87275,1.00,1.00
2018.04.04 17:34:12.836,0.87268,0.87277,1.87,1.87
2018.04.04 17:34:14.658,0.87269,0.87277,1.00,1.00
2018.04.04 17:34:15.284,0.87269,0.87278,1.00,2.25
2018.04.04 17:34:17.292,0.87268,0.87277,2.25,1.00
2018.04.04 17:34:22.765,0.87268,0.87276,1.87,1.00
2018.04.04 17:34:24.351,0.87268,0.87277,1.00,1.50
2018.04.04 17:34:27.779,0.87268,0.87277,1.87,1.50
2018.04.04 17:34:28.769,0.87268,0.87277,1.87,1.00
2018.04.04 17:34:36.669,0.87268,0.87277,1.87,1.12
2018.04.04 17:34:42.641,0.87268,0.87277,1.87,1.50
2018.04.04 17:35:02.519,0.87269,0.87278,1.00,2.62
2018.04.04 17:35:09.964,0.87271,0.87277,1.00,2.62
2018.04.04 17:35:10.020,0.87268,0.87276,5.25,1.50
2018.04.04 17:35:10.588,0.87268,0.87277,3.75,1.12
2018.04.04 17:35:11.126,0.87269,0.87278,2.62,1.50
2018.04.04 17:35:14.517,0.87268,0.87277,2.32,1.87
2018.04.04 17:35:17.153,0.87268,0.87277,1.00,2.62
2018.04.04 17:35:17.659,0.87268,0.87277,1.35,4.35
2018.04.04 17:35:18.581,0.87268,0.87277,1.35,6.22
2018.04.04 17:35:19.086,0.87266,0.87275,5.55,2.25
2018.04.04 17:35:22.337,0.87268,0.87276,1.00,3.75
2018.04.04 17:35:26.622,0.87267,0.87276,1.12,3.37
2018.04.04 17:35:28.024,0.87269,0.87275,1.00,1.00
2018.04.04 17:35:32.661,0.87268,0.87276,1.12,1.50
2018.04.04 17:35:34.870,0.87268,0.87277,1.12,3.75
2018.04.04 17:35:38.562,0.87267,0.87274,2.62,1.00
2018.04.04 17:35:39.298,0.87267,0.87274,1.12,1.00
2018.04.04 17:35:40.567,0.87267,0.87275,1.50,1.12
2018.04.04 17:35:45.142,0.87268,0.87275,1.00,1.00
2018.04.04 17:35:45.708,0.87267,0.87275,3.00,1.00
2018.04.04 17:35:57.314,0.87268,0.87274,1.00,1.00
2018.04.04 17:36:00.259,0.87267,0.87275,1.00,1.00
2018.04.04 17:36:04.160,0.87266,0.87273,3.00,1.87
2018.04.04 17:36:04.420,0.87265,0.87273,3.00,3.00
2018.04.04 17:36:04.820,0.87265,0.87271,1.50,1.00
2018.04.04 17:36:04.872,0.87264,0.87273,2.25,2.32
2018.04.04 17:36:05.642,0.87265,0.87273,1.12,1.00
2018.04.04 17:36:05.949,0.87267,0.87273,1.00,1.00
2018.04.04 17:36:06.604,0.87266,0.87273,1.00,1.00
2018.04.04 17:36:08.202,0.87267,0.87273,1.00,1.00
2018.04.04 17:36:08.644,0.87265,0.87273,1.87,1.12
2018.04.04 17:36:08.697,0.87263,0.87272,2.62,3.00
2018.04.04 17:36:08.749,0.87263,0.8727,1.50,1.00
2018.04.04 17:36:08.957,0.87263,0.87272,1.12,2.62
2018.04.04 17:36:09.250,0.87265,0.87271,1.00,1.00
2018.04.04 17:36:09.303,0.87263,0.87271,1.00,1.00
2018.04.04 17:36:10.939,0.87264,0.87271,1.00,1.00
2018.04.04 17:36:11.462,0.87263,0.8727,1.00,1.00
2018.04.04 17:36:12.003,0.87262,0.8727,1.50,1.50
2018.04.04 17:36:13.373,0.87262,0.87269,1.50,1.00
2018.04.04 17:36:13.927,0.87262,0.8727,1.50,1.50
2018.04.04 17:36:14.465,0.87262,0.87271,2.25,1.00
2018.04.04 17:36:16.931,0.87262,0.8727,1.00,1.00
2018.04.04 17:36:17.866,0.8726,0.87269,3.00,1.00
2018.04.04 17:36:18.517,0.87262,0.87271,1.12,2.70
2018.04.04 17:36:19.033,0.87262,0.8727,1.00,1.00
2018.04.04 17:36:20.529,0.87262,0.8727,1.50,1.00
2018.04.04 17:36:21.192,0.87262,0.87271,1.87,1.12
2018.04.04 17:36:22.466,0.87264,0.87272,1.00,3.00
2018.04.04 17:36:22.994,0.87264,0.87272,1.12,2.62
2018.04.04 17:36:23.964,0.87264,0.87271,1.12,1.00
2018.04.04 17:36:24.515,0.87264,0.87273,2.25,1.50
2018.04.04 17:36:28.280,0.87264,0.87273,4.57,1.50
2018.04.04 17:36:28.901,0.87264,0.87273,2.62,1.50
2018.04.04 17:36:29.606,0.87265,0.87273,1.00,1.50
2018.04.04 17:36:30.111,0.87264,0.87273,2.32,1.87
2018.04.04 17:36:30.628,0.87263,0.87272,2.32,1.00
2018.04.04 17:36:31.986,0.87263,0.87272,1.12,1.50
2018.04.04 17:36:34.549,0.87264,0.87272,1.00,1.50
2018.04.04 17:36:35.056,0.87263,0.87272,2.32,2.25
2018.04.04 17:36:37.863,0.87263,0.87272,1.12,1.50
2018.04.04 17:36:40.642,0.87263,0.87271,1.12,1.00
2018.04.04 17:36:41.143,0.87263,0.87272,2.62,2.25
2018.04.04 17:36:41.669,0.87264,0.87272,1.00,1.50
2018.04.04 17:36:45.165,0.87263,0.87272,1.12,3.00
2018.04.04 17:36:46.009,0.87263,0.87272,1.50,5.10
2018.04.04 17:36:47.275,0.87263,0.8727,1.00,1.00
2018.04.04 17:36:47.831,0.87263,0.87271,1.00,1.87
2018.04.04 17:36:48.480,0.87262,0.87271,3.37,1.00
2018.04.04 17:36:49.867,0.87263,0.87272,1.00,4.50
2018.04.04 17:36:53.025,0.87264,0.87272,1.00,1.87
2018.04.04 17:37:03.046,0.87264,0.87273,1.50,1.50
2018.04.04 17:37:03.566,0.87265,0.87273,1.00,1.50
2018.04.04 17:37:03.832,0.87262,0.87271,5.25,1.00
2018.04.04 17:37:04.373,0.87262,0.87271,1.00,1.50
2018.04.04 17:37:07.420,0.87263,0.87271,1.00,1.00
2018.04.04 17:37:13.715,0.87262,0.87271,1.00,3.00
2018.04.04 17:37:14.223,0.87262,0.8727,1.12,2.25
2018.04.04 17:37:16.451,0.87262,0.87269,1.00,1.00
2018.04.04 17:37:17.034,0.87262,0.8727,1.00,2.25
2018.04.04 17:37:22.536,0.87261,0.87269,1.00,2.62
2018.04.04 17:37:23.063,0.8726,0.87269,1.12,1.12
2018.04.04 17:37:24.417,0.8726,0.87269,1.50,2.25
2018.04.04 17:37:26.404,0.8726,0.87269,1.12,1.00
2018.04.04 17:37:31.911,0.87261,0.8727,1.00,1.87
2018.04.04 17:37:32.412,0.87261,0.8727,3.82,1.00
2018.04.04 17:37:32.932,0.87261,0.8727,3.45,1.00
2018.04.04 17:37:33.475,0.87261,0.87268,1.10,1.00
2018.04.04 17:37:33.528,0.87261,0.8727,1.00,2.62
2018.04.04 17:37:33.684,0.87261,0.87268,1.00,1.00
2018.04.04 17:37:48.709,0.87262,0.87269,2.25,1.00
2018.04.04 17:37:56.308,0.8726,0.87269,3.00,2.25
2018.04.04 17:37:56.818,0.87261,0.8727,1.10,1.87
2018.04.04 17:38:03.896,0.8726,0.87269,3.45,1.00
2018.04.04 17:38:05.447,0.8726,0.87269,3.45,1.00
2018.04.04 17:38:05.602,0.87259,0.87267,1.12,1.50
2018.04.04 17:38:10.587,0.87258,0.87267,2.25,1.00
2018.04.04 17:38:11.979,0.87259,0.87267,1.00,1.00
2018.04.04 17:38:14.374,0.87261,0.87269,1.50,2.62
2018.04.04 17:38:14.889,0.87262,0.87269,1.00,1.00
2018.04.04 17:38:16.234,0.87262,0.87271,1.00,1.00
2018.04.04 17:38:16.748,0.87261,0.8727,1.87,1.00
2018.04.04 17:38:17.269,0.87261,0.8727,2.25,1.00
2018.04.04 17:38:17.963,0.87262,0.87271,1.50,1.00
2018.04.04 17:38:18.015,0.87263,0.87272,2.25,4.87
2018.04.04 17:38:18.957,0.87265,0.87274,1.00,2.62
2018.04.04 17:38:19.476,0.87265,0.87273,2.25,1.00
2018.04.04 17:38:23.032,0.87265,0.87274,1.50,1.50
2018.04.04 17:38:23.761,0.87266,0.87274,1.00,1.00
2018.04.04 17:38:23.865,0.87267,0.87276,1.00,1.57
2018.04.04 17:38:24.375,0.87268,0.87277,1.00,2.25
2018.04.04 17:38:25.405,0.87268,0.87275,1.12,1.00
2018.04.04 17:38:27.197,0.87268,0.87277,1.12,1.87
2018.04.04 17:38:27.746,0.87269,0.87277,1.00,1.50
2018.04.04 17:38:28.278,0.87268,0.87277,3.00,1.50
2018.04.04 17:38:28.897,0.87269,0.87277,1.00,1.87
2018.04.04 17:38:29.424,0.87268,0.87277,1.50,1.50
2018.04.04 17:38:29.950,0.87269,0.87277,1.00,1.50
2018.04.04 17:38:30.635,0.8727,0.87277,1.00,1.50
2018.04.04 17:38:33.118,0.8727,0.87279,3.75,1.87
2018.04.04 17:38:34.030,0.87271,0.8728,1.00,1.50
2018.04.04 17:38:34.292,0.8727,0.87278,1.12,1.00
2018.04.04 17:38:34.817,0.8727,0.87279,1.50,3.75
2018.04.04 17:38:35.139,0.87272,0.87281,1.00,1.95
2018.04.04 17:38:38.296,0.87271,0.87281,1.95,1.00
2018.04.04 17:38:39.677,0.87272,0.87281,1.00,1.50
2018.04.04 17:38:43.005,0.87272,0.87281,1.12,3.82
2018.04.04 17:38:43.971,0.87272,0.87281,1.00,1.00
2018.04.04 17:39:00.074,0.87272,0.87282,1.87,1.87
2018.04.04 17:39:03.996,0.87272,0.87281,2.25,1.00
2018.04.04 17:39:04.545,0.87272,0.87282,1.50,1.87
2018.04.04 17:39:05.307,0.87272,0.87281,2.25,1.00
2018.04.04 17:39:05.943,0.87272,0.87282,1.87,2.25
2018.04.04 17:39:06.999,0.87272,0.87282,1.50,1.50
2018.04.04 17:39:07.726,0.87272,0.87281,1.12,1.00
2018.04.04 17:39:08.247,0.87272,0.87282,1.50,2.44
2018.04.04 17:39:15.103,0.87273,0.87282,1.87,1.00
2018.04.04 17:39:15.989,0.87274,0.87283,1.00,2.25
2018.04.04 17:39:17.801,0.87274,0.87284,1.12,5.10
2018.04.04 17:39:18.472,0.87274,0.87283,1.50,2.10
2018.04.04 17:39:19.541,0.87274,0.87283,1.00,3.22
2018.04.04 17:39:20.091,0.87274,0.87283,1.00,3.67
2018.04.04 17:39:20.719,0.87273,0.87283,1.57,3.67
2018.04.04 17:39:22.127,0.87273,0.87282,1.00,2.29
2018.04.04 17:39:22.484,0.87272,0.8728,1.00,1.00
2018.04.04 17:39:22.819,0.87274,0.87282,1.50,1.00
2018.04.04 17:39:23.355,0.87274,0.87283,1.12,1.50
2018.04.04 17:39:25.056,0.87273,0.87282,3.22,1.00
2018.04.04 17:39:25.625,0.87273,0.87282,2.10,2.25
2018.04.04 17:39:29.040,0.87272,0.87282,5.62,2.25
2018.04.04 17:39:29.498,0.87274,0.87281,1.00,1.00
2018.04.04 17:39:31.995,0.87273,0.87282,1.12,1.00
2018.04.04 17:39:35.232,0.87273,0.87281,1.00,1.00
2018.04.04 17:39:35.747,0.87272,0.87281,3.00,1.00
2018.04.04 17:39:36.775,0.87274,0.87281,2.62,1.00
2018.04.04 17:39:36.909,0.87278,0.87287,2.10,2.62
2018.04.04 17:39:37.420,0.87278,0.87286,1.87,1.00
2018.04.04 17:39:37.954,0.87278,0.87287,1.12,1.50
2018.04.04 17:39:45.228,0.8728,0.87288,3.00,1.00
2018.04.04 17:39:45.760,0.8728,0.87289,1.12,1.00
2018.04.04 17:39:51.297,0.8728,0.87288,1.00,1.00
2018.04.04 17:39:52.297,0.8728,0.87287,1.00,1.00
2018.04.04 17:39:52.835,0.87279,0.87287,1.00,1.00
2018.04.04 17:39:55.325,0.87279,0.87287,1.00,3.37
2018.04.04 17:39:55.379,0.87277,0.87286,2.62,2.25
2018.04.04 17:39:55.752,0.87277,0.87284,1.00,1.00
2018.04.04 17:40:03.624,0.87278,0.87284,1.00,1.00
2018.04.04 17:40:03.780,0.87281,0.87288,1.00,1.00
2018.04.04 17:40:04.194,0.8728,0.8729,1.00,3.37
2018.04.04 17:40:06.763,0.8728,0.87288,1.12,1.50
2018.04.04 17:40:07.303,0.87279,0.87289,1.50,1.00
2018.04.04 17:40:07.822,0.8728,0.87287,1.00,1.00
2018.04.04 17:40:08.331,0.87279,0.87288,1.00,1.00
2018.04.04 17:40:09.242,0.87279,0.87288,1.12,1.87
2018.04.04 17:40:10.219,0.87278,0.87288,1.87,1.50
2018.04.04 17:40:11.221,0.87278,0.87287,1.50,1.00
2018.04.04 17:40:11.625,0.87276,0.87286,2.92,1.00
2018.04.04 17:40:12.135,0.87276,0.87285,2.62,1.50
2018.04.04 17:40:13.371,0.87276,0.87285,1.00,3.75
2018.04.04 17:40:13.909,0.87276,0.87285,2.62,1.12
2018.04.04 17:40:14.809,0.87276,0.87285,1.12,2.62
2018.04.04 17:40:15.337,0.87274,0.87283,3.00,1.00
2018.04.04 17:40:15.848,0.87274,0.87283,2.25,1.00
2018.04.04 17:40:16.007,0.87273,0.8728,1.12,1.00
2018.04.04 17:40:16.064,0.87273,0.87282,1.00,3.00
2018.04.04 17:40:16.324,0.87275,0.87282,1.00,1.50
2018.04.04 17:40:17.012,0.87274,0.87282,1.00,1.00
2018.04.04 17:40:17.610,0.87274,0.87283,1.00,2.25
2018.04.04 17:40:19.499,0.87274,0.87282,2.62,1.00
2018.04.04 17:40:19.708,0.87275,0.87284,1.50,1.87
2018.04.04 17:40:20.224,0.87276,0.87283,1.00,1.00
2018.04.04 17:40:21.261,0.87274,0.87283,3.75,1.50
2018.04.04 17:40:22.812,0.87275,0.87283,1.50,1.00
2018.04.04 17:40:24.392,0.87274,0.87283,2.62,1.00
2018.04.04 17:40:27.121,0.87276,0.87283,1.00,1.00
2018.04.04 17:40:27.628,0.87276,0.87284,2.62,1.00
2018.04.04 17:40:30.263,0.87276,0.87286,2.25,3.45
2018.04.04 17:40:30.833,0.87274,0.87282,2.62,1.00
2018.04.04 17:40:31.502,0.87273,0.87282,1.12,1.12
2018.04.04 17:40:34.205,0.87274,0.87282,2.62,1.50
2018.04.04 17:40:34.755,0.87274,0.87283,1.87,1.50
2018.04.04 17:40:35.274,0.87272,0.87282,4.12,1.00
2018.04.04 17:40:35.904,0.87271,0.87281,4.95,1.87
2018.04.04 17:40:36.555,0.87272,0.8728,1.00,1.00
2018.04.04 17:40:37.061,0.87272,0.87281,2.62,1.50
2018.04.04 17:40:38.391,0.87272,0.87282,1.12,2.25
2018.04.04 17:40:38.900,0.87272,0.87281,1.87,1.00
2018.04.04 17:40:39.762,0.87272,0.87282,3.00,2.25
2018.04.04 17:40:40.134,0.87271,0.8728,4.12,1.00
2018.04.04 17:40:41.308,0.87271,0.87278,1.50,1.00
2018.04.04 17:40:41.820,0.87269,0.87278,1.12,1.00
2018.04.04 17:40:42.464,0.8727,0.87278,1.00,3.75
2018.04.04 17:40:43.011,0.87269,0.87278,1.12,1.50
2018.04.04 17:40:43.527,0.87268,0.87277,3.00,1.12
2018.04.04 17:40:44.185,0.87269,0.87277,1.00,1.12
2018.04.04 17:40:46.467,0.87268,0.87278,3.37,2.25
2018.04.04 17:40:47.026,0.87269,0.87278,1.00,1.12
2018.04.04 17:40:47.615,0.87269,0.87278,1.50,1.50
2018.04.04 17:40:48.382,0.87269,0.87278,2.25,1.12
2018.04.04 17:40:50.197,0.8727,0.87278,1.50,2.25
2018.04.04 17:40:50.458,0.8727,0.8728,1.87,5.25
2018.04.04 17:40:51.052,0.87271,0.8728,1.50,3.75
2018.04.04 17:40:51.566,0.87272,0.8728,3.37,1.12
2018.04.04 17:40:52.175,0.87273,0.8728,1.00,1.50
2018.04.04 17:40:52.937,0.87272,0.87279,1.00,1.00
2018.04.04 17:40:54.580,0.87271,0.8728,1.87,1.00
2018.04.04 17:40:55.096,0.87272,0.8728,1.00,1.00
2018.04.04 17:40:55.720,0.87271,0.8728,2.25,1.00
2018.04.04 17:40:58.661,0.87272,0.8728,1.00,2.25
2018.04.04 17:40:59.232,0.87271,0.8728,3.75,1.50
2018.04.04 17:41:05.460,0.8727,0.87277,1.57,2.25
2018.04.04 17:41:05.564,0.87268,0.87277,2.62,3.75
2018.04.04 17:41:06.168,0.87267,0.87276,5.25,1.00
2018.04.04 17:41:07.526,0.87267,0.87276,4.12,1.00
2018.04.04 17:41:08.583,0.87268,0.87276,1.00,1.00
2018.04.04 17:41:09.826,0.87269,0.87276,1.87,1.00
2018.04.04 17:41:10.034,0.8727,0.87278,1.50,1.12
2018.04.04 17:41:10.595,0.87271,0.87279,1.12,1.12
2018.04.04 17:41:12.291,0.87272,0.87281,1.50,1.50
2018.04.04 17:41:12.454,0.87273,0.87283,2.25,3.45
2018.04.04 17:41:13.949,0.87273,0.87283,5.25,1.87
2018.04.04 17:41:14.497,0.87275,0.87283,1.00,1.87
2018.04.04 17:41:16.862,0.87274,0.87283,1.50,2.25
2018.04.04 17:41:17.407,0.87274,0.87282,1.00,1.00
2018.04.04 17:41:18.013,0.87273,0.87282,1.00,2.25
2018.04.04 17:41:18.554,0.87274,0.87283,1.50,1.87
2018.04.04 17:41:19.068,0.87275,0.87283,1.00,1.87
2018.04.04 17:41:19.587,0.87274,0.87283,1.12,2.70
2018.04.04 17:41:20.137,0.87274,0.87283,1.50,2.62
2018.04.04 17:41:21.198,0.87274,0.87282,1.50,1.00
2018.04.04 17:41:21.715,0.87274,0.87283,1.00,2.62
2018.04.04 17:41:25.821,0.87275,0.87283,1.00,1.12
2018.04.04 17:41:29.510,0.87274,0.87283,2.62,3.00
2018.04.04 17:41:30.037,0.87273,0.87283,4.50,2.62
2018.04.04 17:41:30.268,0.87275,0.87283,1.00,2.62
2018.04.04 17:41:30.526,0.87273,0.87283,4.50,2.62
2018.04.04 17:41:33.049,0.87274,0.87283,1.50,3.00
2018.04.04 17:41:33.561,0.87273,0.87283,6.00,2.62
2018.04.04 17:41:34.098,0.87276,0.87283,1.00,1.50
2018.04.04 17:41:34.846,0.87275,0.87283,1.00,1.50
2018.04.04 17:41:37.706,0.87276,0.87283,1.00,1.87
2018.04.04 17:41:38.908,0.87275,0.87283,1.12,1.87
2018.04.04 17:41:40.145,0.87276,0.87283,1.00,1.87
2018.04.04 17:41:40.712,0.87275,0.87283,1.87,1.87
2018.04.04 17:41:43.999,0.87274,0.87283,3.07,1.50
2018.04.04 17:41:44.748,0.87275,0.87283,1.00,1.50
2018.04.04 17:41:45.362,0.87276,0.87283,1.00,1.50
2018.04.04 17:41:46.004,0.87274,0.87283,2.70,1.50
2018.04.04 17:41:48.536,0.87275,0.87283,1.00,1.50
2018.04.04 17:41:50.032,0.87276,0.87283,1.50,1.50
2018.04.04 17:41:50.671,0.87275,0.87283,1.00,1.50
2018.04.04 17:41:51.955,0.87274,0.87283,2.70,1.50
2018.04.04 17:41:52.162,0.87276,0.87283,1.00,1.50
2018.04.04 17:41:57.780,0.87275,0.87283,1.50,1.50
2018.04.04 17:41:58.375,0.87276,0.87283,1.50,1.50
2018.04.04 17:41:59.433,0.87276,0.87284,3.00,1.12
2018.04.04 17:41:59.745,0.87278,0.87286,1.00,1.00
2018.04.04 17:42:00.292,0.87279,0.87286,1.00,1.00
2018.04.04 17:42:00.807,0.87278,0.87286,2.25,1.00
2018.04.04 17:42:01.374,0.87279,0.87286,1.50,1.00
2018.04.04 17:42:01.896,0.87278,0.87286,2.62,1.00
2018.04.04 17:42:02.205,0.87281,0.87288,1.00,1.00
2018.04.04 17:42:03.035,0.8728,0.87288,1.00,1.00
2018.04.04 17:42:03.551,0.87281,0.87288,1.00,1.00
2018.04.04 17:42:14.372,0.87282,0.87288,1.50,1.00
2018.04.04 17:42:14.635,0.8728,0.87289,1.00,1.87
2018.04.04 17:42:15.561,0.8728,0.87288,1.00,1.00
2018.04.04 17:42:18.963,0.87279,0.87288,1.95,1.50
2018.04.04 17:42:19.278,0.87277,0.87286,1.57,1.00
2018.04.04 17:42:19.608,0.87277,0.87284,1.00,1.00
2018.04.04 17:42:23.197,0.87275,0.87284,5.25,1.00
2018.04.04 17:42:23.799,0.87274,0.87283,2.70,1.87
2018.04.04 17:42:24.823,0.87274,0.87283,2.70,1.87
2018.04.04 17:42:25.227,0.87276,0.87283,1.50,1.00
2018.04.04 17:42:27.255,0.87276,0.87285,1.50,1.50
2018.04.04 17:42:28.069,0.87277,0.87285,1.50,1.12
2018.04.04 17:42:28.599,0.87276,0.87285,2.62,1.00
2018.04.04 17:42:30.415,0.87278,0.87286,1.12,2.32
2018.04.04 17:42:30.927,0.87277,0.87286,1.50,3.75
2018.04.04 17:42:32.249,0.87278,0.87286,1.00,4.50
2018.04.04 17:42:32.847,0.87277,0.87286,2.25,3.75
2018.04.04 17:42:35.131,0.87279,0.87286,1.00,1.00
2018.04.04 17:42:35.734,0.87278,0.87285,1.00,1.00
2018.04.04 17:42:36.970,0.87277,0.87284,2.62,1.00
2018.04.04 17:42:37.223,0.87277,0.87286,2.62,1.50
2018.04.04 17:42:40.779,0.87277,0.87286,1.00,2.25
2018.04.04 17:42:43.069,0.87277,0.87286,1.12,3.00
2018.04.04 17:42:45.059,0.87278,0.87286,1.50,3.00
2018.04.04 17:42:45.575,0.87277,0.87286,1.87,3.37
2018.04.04 17:42:46.121,0.87278,0.87286,1.00,3.75
2018.04.04 17:42:46.945,0.87277,0.87286,1.87,3.37
2018.04.04 17:42:47.702,0.87278,0.87286,1.50,1.87
2018.04.04 17:42:48.205,0.87277,0.87286,2.25,1.87
2018.04.04 17:42:48.742,0.87278,0.87286,1.00,1.87
2018.04.04 17:42:49.379,0.87279,0.87286,1.00,1.87
2018.04.04 17:42:50.266,0.87278,0.87286,1.00,1.87
2018.04.04 17:42:51.033,0.87279,0.87286,1.00,1.87
2018.04.04 17:42:51.085,0.87277,0.87286,2.62,1.87
2018.04.04 17:42:51.646,0.87278,0.87286,1.50,1.87
2018.04.04 17:42:52.390,0.87277,0.87286,1.87,1.87
2018.04.04 17:42:52.605,0.87279,0.87288,1.50,2.25
2018.04.04 17:42:53.112,0.87279,0.87288,1.50,1.50
2018.04.04 17:42:53.489,0.87281,0.87287,1.00,1.00
2018.04.04 17:42:54.021,0.87281,0.87288,1.00,1.50
2018.04.04 17:43:01.147,0.87281,0.87287,1.00,1.00
2018.04.04 17:43:03.274,0.87279,0.87287,1.00,1.00
2018.04.04 17:43:05.979,0.87278,0.87285,1.00,1.00
2018.04.04 17:43:06.032,0.87275,0.87284,3.30,1.00
2018.04.04 17:43:06.533,0.87274,0.87283,1.57,1.00
2018.04.04 17:43:09.567,0.87275,0.87283,1.50,1.50
2018.04.04 17:43:10.051,0.87276,0.87283,1.45,1.50
2018.04.04 17:43:10.600,0.87275,0.87283,1.20,3.00
2018.04.04 17:43:11.680,0.87275,0.87283,1.20,2.25
2018.04.04 17:43:12.215,0.87275,0.87282,1.20,1.00
2018.04.04 17:43:13.301,0.87274,0.87282,2.70,1.00
2018.04.04 17:43:13.646,0.87279,0.87286,1.45,1.50
2018.04.04 17:43:14.990,0.87279,0.87287,1.45,1.50
2018.04.04 17:43:15.516,0.87279,0.87286,1.95,1.00
2018.04.04 17:43:17.631,0.87278,0.87286,1.20,1.00
2018.04.04 17:43:18.148,0.87277,0.87285,1.20,1.50
2018.04.04 17:43:22.340,0.87276,0.87284,1.57,2.25
2018.04.04 17:43:22.881,0.87276,0.87284,1.57,1.12
2018.04.04 17:43:40.886,0.87277,0.87284,1.00,1.12
2018.04.04 17:43:41.476,0.87276,0.87284,3.45,1.12
2018.04.04 17:43:42.003,0.87277,0.87284,1.00,1.12
2018.04.04 17:43:42.630,0.87276,0.87284,4.20,1.12
2018.04.04 17:43:56.074,0.87276,0.87284,2.70,1.00
2018.04.04 17:43:57.798,0.87276,0.87284,1.95,1.00
2018.04.04 17:43:59.190,0.87277,0.87284,1.20,1.50
2018.04.04 17:43:59.693,0.87276,0.87284,1.20,2.62
2018.04.04 17:44:04.239,0.87275,0.87283,1.95,1.50
2018.04.04 17:44:04.782,0.87276,0.87284,1.20,1.50
2018.04.04 17:44:05.305,0.87276,0.87283,1.45,1.50
2018.04.04 17:44:05.813,0.87275,0.87283,2.70,1.50
2018.04.04 17:44:06.376,0.87275,0.87283,1.20,1.50
2018.04.04 17:44:09.452,0.87276,0.87283,1.20,1.00
2018.04.04 17:44:10.010,0.87276,0.87282,1.20,1.00
2018.04.04 17:44:13.101,0.87275,0.87282,1.20,1.00
2018.04.04 17:44:30.558,0.87275,0.87281,1.20,2.25
2018.04.04 17:44:32.356,0.87274,0.87281,1.20,2.25
2018.04.04 17:44:34.561,0.87275,0.87281,1.00,1.00
2018.04.04 17:44:35.177,0.87275,0.87281,1.20,1.00
2018.04.04 17:44:35.692,0.87274,0.87281,2.32,1.00
2018.04.04 17:44:41.354,0.87274,0.87282,1.20,1.87
2018.04.04 17:44:41.911,0.87274,0.87281,1.20,1.00
2018.04.04 17:44:42.442,0.87274,0.87282,2.70,1.87
2018.04.04 17:44:43.555,0.87275,0.87282,1.57,1.00
2018.04.04 17:44:43.742,0.87277,0.87283,1.20,1.00
2018.04.04 17:44:43.794,0.87278,0.87285,1.20,1.00
2018.04.04 17:44:44.260,0.87278,0.87283,1.20,1.00
2018.04.04 17:44:44.364,0.87279,0.87286,1.00,1.87
2018.04.04 17:44:44.900,0.87279,0.87286,2.70,1.00
2018.04.04 17:44:48.461,0.87279,0.87286,1.95,1.00
2018.04.04 17:44:50.637,0.87278,0.87286,1.95,1.00
2018.04.04 17:44:51.152,0.87277,0.87285,1.95,2.62
2018.04.04 17:44:51.515,0.87277,0.87283,1.20,1.00
2018.04.04 17:44:52.568,0.87277,0.87284,2.70,1.00
2018.04.04 17:44:56.797,0.87277,0.87286,1.95,3.75
2018.04.04 17:44:57.368,0.87277,0.87285,1.20,3.37
2018.04.04 17:44:57.951,0.87276,0.87284,1.20,1.00
2018.04.04 17:44:59.445,0.87276,0.87284,1.20,1.50
2018.04.04 17:45:02.717,0.87276,0.87284,1.95,1.00
2018.04.04 17:45:03.237,0.87276,0.87284,1.20,1.00
2018.04.04 17:45:03.758,0.87276,0.87283,1.20,1.00
2018.04.04 17:45:04.450,0.87276,0.87284,1.20,2.25
2018.04.04 17:45:09.279,0.87276,0.87284,1.95,3.37
2018.04.04 17:45:10.081,0.87276,0.87284,1.45,2.25
2018.04.04 17:45:10.469,0.87275,0.87282,2.32,1.00
2018.04.04 17:45:21.260,0.87275,0.87283,1.20,3.75
2018.04.04 17:45:21.609,0.87276,0.87284,1.95,2.25
2018.04.04 17:45:21.870,0.87277,0.87284,1.95,1.87
2018.04.04 17:45:22.443,0.87276,0.87284,2.32,1.00
2018.04.04 17:45:28.272,0.87278,0.87284,1.20,1.00
2018.04.04 17:45:29.456,0.87276,0.87284,3.82,1.00
2018.04.04 17:45:29.668,0.87278,0.87286,1.00,1.00
2018.04.04 17:45:30.203,0.87279,0.87286,1.20,1.00
2018.04.04 17:45:30.753,0.8728,0.87287,1.20,2.25
2018.04.04 17:45:31.366,0.8728,0.87286,1.20,1.00
2018.04.04 17:45:31.966,0.8728,0.87287,1.20,1.87
2018.04.04 17:45:32.018,0.87279,0.87285,1.20,1.00
2018.04.04 17:45:32.226,0.87277,0.87284,1.20,1.00
2018.04.04 17:45:34.075,0.87278,0.87283,1.20,1.00
2018.04.04 17:45:34.284,0.87276,0.87284,1.57,1.12
2018.04.04 17:45:35.951,0.87276,0.87284,1.95,1.87
2018.04.04 17:45:38.819,0.87275,0.87282,1.20,1.50
2018.04.04 17:45:39.182,0.87277,0.87283,1.20,1.00
2018.04.04 17:45:39.704,0.87277,0.87285,1.20,2.62
2018.04.04 17:45:39.810,0.87276,0.87285,2.32,2.62
2018.04.04 17:45:40.990,0.87276,0.87283,2.70,1.00
2018.04.04 17:45:41.293,0.87277,0.87283,1.45,1.00
2018.04.04 17:45:45.397,0.87277,0.87285,1.45,1.87
2018.04.04 17:45:49.000,0.87277,0.87285,1.20,1.50
2018.04.04 17:45:50.546,0.87277,0.87284,1.20,1.00
2018.04.04 17:45:51.084,0.87276,0.87283,1.20,1.00
2018.04.04 17:45:52.186,0.87275,0.87283,1.20,2.25
2018.04.04 17:46:00.334,0.87275,0.87282,1.20,1.00
2018.04.04 17:46:00.869,0.87275,0.87283,1.95,1.12
2018.04.04 17:46:01.380,0.87275,0.87284,1.95,1.50
2018.04.04 17:46:07.099,0.87275,0.87283,1.95,1.00
2018.04.04 17:46:10.168,0.87275,0.87281,2.32,1.00
2018.04.04 17:46:10.746,0.87274,0.87282,1.95,1.00
2018.04.04 17:46:11.266,0.87274,0.87282,1.20,1.00
2018.04.04 17:46:13.456,0.87275,0.87282,1.20,1.00
2018.04.04 17:46:13.851,0.87274,0.87282,1.20,1.00
2018.04.04 17:46:14.263,0.87275,0.87282,1.20,1.00
2018.04.04 17:46:14.790,0.87274,0.87282,2.70,1.00
2018.04.04 17:46:15.429,0.87274,0.87282,1.20,1.00
2018.04.04 17:46:16.028,0.87274,0.87282,1.95,1.00
2018.04.04 17:46:16.566,0.87275,0.87282,1.20,1.00
2018.04.04 17:46:16.620,0.87274,0.87282,1.20,1.00
