2012.06.28 04:00:00.854,0.80266,0.80279,2.25,1.50
2012.06.28 04:00:05.107,0.80266,0.80279,2.25,1.50
2012.06.28 04:00:10.149,0.80266,0.80279,1.50,1.50
2012.06.28 04:00:10.680,0.80265,0.80278,1.50,1.13
2012.06.28 04:00:11.709,0.80265,0.80278,1.50,1.13
2012.06.28 04:00:12.269,0.80264,0.80277,1.50,1.50
2012.06.28 04:00:13.350,0.80264,0.80278,1.50,4.88
2012.06.28 04:00:14.072,0.80265,0.80278,1.50,2.63
2012.06.28 04:00:14.716,0.80264,0.80278,1.50,2.63
2012.06.28 04:00:15.322,0.80264,0.80278,1.50,2.63
2012.06.28 04:00:16.910,0.80263,0.80278,1.50,2.63
2012.06.28 04:00:17.418,0.80264,0.80278,1.50,2.63
2012.06.28 04:00:17.961,0.80264,0.80278,1.50,1.50
2012.06.28 04:00:24.169,0.80264,0.8028,1.50,4.50
2012.06.28 04:00:26.699,0.80264,0.8028,1.50,3.75
2012.06.28 04:00:27.217,0.80264,0.8028,1.50,3.75
2012.06.28 04:00:29.848,0.80264,0.8028,1.50,2.63
2012.06.28 04:00:31.379,0.80265,0.8028,1.13,2.25
2012.06.28 04:00:31.719,0.80265,0.8028,2.63,2.25
2012.06.28 04:00:32.050,0.80265,0.8028,1.13,2.25
2012.06.28 04:00:33.010,0.80267,0.80281,1.50,3.38
2012.06.28 04:00:33.539,0.80265,0.80281,3.00,3.38
2012.06.28 04:00:33.869,0.80267,0.80281,1.50,3.38
2012.06.28 04:00:34.420,0.80267,0.80281,1.50,3.38
2012.06.28 04:00:34.559,0.80265,0.80281,2.63,3.38
2012.06.28 04:00:35.109,0.80267,0.80281,1.50,3.38
2012.06.28 04:00:35.178,0.80265,0.80281,2.63,3.38
2012.06.28 04:00:38.390,0.80266,0.80281,1.50,1.88
2012.06.28 04:00:40.338,0.80265,0.80281,3.00,2.63
2012.06.28 04:00:40.921,0.80267,0.80281,1.50,2.63
2012.06.28 04:00:41.575,0.80266,0.80281,1.50,1.13
2012.06.28 04:00:43.245,0.80266,0.80281,3.38,1.13
2012.06.28 04:00:43.322,0.80266,0.80281,3.00,1.88
2012.06.28 04:00:43.883,0.80268,0.80282,1.50,3.38
2012.06.28 04:00:44.440,0.80266,0.80282,3.00,3.38
2012.06.28 04:00:44.718,0.80265,0.80281,3.00,3.38
2012.06.28 04:00:45.841,0.80265,0.8028,1.50,1.88
2012.06.28 04:00:46.810,0.80265,0.8028,1.50,1.88
2012.06.28 04:00:49.758,0.80265,0.8028,1.50,1.88
2012.06.28 04:00:50.018,0.80263,0.80279,2.25,2.25
2012.06.28 04:00:50.578,0.80264,0.8028,1.50,3.38
2012.06.28 04:00:52.782,0.80264,0.8028,3.75,1.88
2012.06.28 04:00:54.679,0.80266,0.80282,3.38,2.63
2012.06.28 04:00:54.753,0.80266,0.80282,4.88,3.38
2012.06.28 04:00:54.967,0.80266,0.80282,2.25,5.25
2012.06.28 04:00:55.040,0.80266,0.8028,2.25,1.50
2012.06.28 04:00:55.571,0.80266,0.8028,2.25,1.88
2012.06.28 04:00:57.081,0.80263,0.80279,2.63,1.88
2012.06.28 04:00:57.628,0.80264,0.8028,1.50,3.75
2012.06.28 04:01:01.080,0.80263,0.80279,3.75,1.88
2012.06.28 04:01:01.360,0.80263,0.80279,3.00,3.38
2012.06.28 04:01:02.761,0.80263,0.80279,3.00,3.06
2012.06.28 04:01:04.071,0.80263,0.80279,4.13,1.88
2012.06.28 04:01:04.600,0.80265,0.80279,2.63,1.88
2012.06.28 04:01:05.620,0.80264,0.80278,3.00,1.50
2012.06.28 04:01:09.851,0.80264,0.80278,1.50,2.25
2012.06.28 04:01:10.126,0.80262,0.80276,4.13,2.25
2012.06.28 04:01:10.272,0.80262,0.80277,3.38,1.50
2012.06.28 04:01:10.830,0.80262,0.80277,3.38,1.50
2012.06.28 04:01:12.219,0.80262,0.80278,3.38,2.25
2012.06.28 04:01:15.860,0.80262,0.80278,3.38,2.63
2012.06.28 04:01:16.423,0.80262,0.80277,1.88,2.25
2012.06.28 04:01:17.863,0.8026,0.80274,3.00,1.18
2012.06.28 04:01:18.292,0.8026,0.80274,1.50,1.18
2012.06.28 04:01:21.817,0.8026,0.80274,1.50,1.18
2012.06.28 04:01:21.894,0.8026,0.80275,1.50,3.43
2012.06.28 04:01:22.303,0.80258,0.80272,3.38,1.50
2012.06.28 04:01:22.883,0.80258,0.80272,1.50,3.00
2012.06.28 04:01:23.245,0.8026,0.80274,1.50,2.63
2012.06.28 04:01:23.463,0.80258,0.80273,2.25,1.50
2012.06.28 04:01:24.031,0.80257,0.80273,2.25,2.63
2012.06.28 04:01:24.243,0.8026,0.80274,1.50,3.00
2012.06.28 04:01:24.811,0.8026,0.80274,1.50,2.25
2012.06.28 04:01:25.160,0.80258,0.80272,2.63,1.50
2012.06.28 04:01:27.502,0.80258,0.80272,2.63,1.50
2012.06.28 04:01:28.680,0.8026,0.80274,1.50,1.50
2012.06.28 04:01:29.241,0.80258,0.80274,4.88,2.25
2012.06.28 04:01:31.694,0.80259,0.80274,2.25,1.50
2012.06.28 04:01:32.208,0.80258,0.80274,4.13,1.50
2012.06.28 04:01:32.824,0.80258,0.80271,1.88,1.50
2012.06.28 04:01:33.042,0.80258,0.80273,2.63,2.25
2012.06.28 04:01:33.321,0.8026,0.80274,1.50,1.50
2012.06.28 04:01:34.001,0.80258,0.80274,4.88,1.50
2012.06.28 04:01:34.550,0.8026,0.80274,1.50,1.50
2012.06.28 04:01:35.080,0.80259,0.80273,3.00,1.50
2012.06.28 04:01:35.220,0.80259,0.80275,3.75,3.38
2012.06.28 04:01:35.750,0.80258,0.80274,5.63,1.50
2012.06.28 04:01:36.339,0.80258,0.80274,5.63,1.50
2012.06.28 04:01:39.168,0.80258,0.80274,7.13,1.50
2012.06.28 04:01:39.454,0.80258,0.80271,4.13,1.50
2012.06.28 04:01:40.775,0.80258,0.80271,1.88,1.50
2012.06.28 04:01:41.329,0.80258,0.80272,4.13,1.50
2012.06.28 04:01:42.889,0.80261,0.80272,1.13,1.50
2012.06.28 04:01:43.099,0.80261,0.80275,1.88,1.50
2012.06.28 04:01:43.242,0.8026,0.80275,1.50,1.50
2012.06.28 04:01:43.790,0.8026,0.80274,3.00,1.50
2012.06.28 04:01:44.293,0.80259,0.80273,3.00,1.50
2012.06.28 04:01:44.651,0.80261,0.80273,2.25,1.50
2012.06.28 04:01:45.201,0.8026,0.80273,3.38,1.50
2012.06.28 04:01:46.041,0.80262,0.80277,2.25,3.38
2012.06.28 04:01:46.391,0.80262,0.80275,1.50,1.50
2012.06.28 04:01:46.928,0.80261,0.80275,1.50,1.50
2012.06.28 04:01:48.181,0.80262,0.80276,2.63,1.50
2012.06.28 04:01:48.997,0.80262,0.80276,1.13,3.00
2012.06.28 04:01:49.353,0.80261,0.80272,1.50,1.50
2012.06.28 04:01:49.845,0.80261,0.80268,1.50,1.50
2012.06.28 04:01:49.995,0.80255,0.80267,1.50,1.50
2012.06.28 04:01:50.073,0.80253,0.80267,2.25,1.50
2012.06.28 04:01:50.632,0.80251,0.80266,3.75,1.13
2012.06.28 04:01:50.701,0.80251,0.80266,3.75,1.13
2012.06.28 04:01:51.049,0.80251,0.80265,3.00,3.06
2012.06.28 04:01:51.475,0.8025,0.80263,2.25,2.63
2012.06.28 04:01:51.695,0.80247,0.80261,1.50,1.50
2012.06.28 04:01:51.982,0.80247,0.80261,1.50,1.88
2012.06.28 04:01:52.485,0.80248,0.80262,1.50,2.40
2012.06.28 04:01:53.041,0.80248,0.80262,1.50,2.40
2012.06.28 04:01:53.590,0.80248,0.80262,3.00,3.15
2012.06.28 04:01:55.482,0.80248,0.80262,3.38,2.25
2012.06.28 04:01:56.043,0.80248,0.80263,2.25,1.13
2012.06.28 04:01:56.601,0.80247,0.80261,3.00,1.50
2012.06.28 04:01:57.382,0.80246,0.8026,4.13,1.50
2012.06.28 04:01:57.891,0.80246,0.8026,1.50,1.88
2012.06.28 04:01:58.240,0.80246,0.8026,1.50,1.50
2012.06.28 04:01:58.593,0.80248,0.80262,1.50,2.63
2012.06.28 04:01:59.142,0.80248,0.80262,3.00,2.25
2012.06.28 04:02:01.643,0.80249,0.80263,1.50,2.25
2012.06.28 04:02:02.362,0.80249,0.80263,2.25,2.25
2012.06.28 04:02:02.956,0.80251,0.80263,1.50,2.25
2012.06.28 04:02:08.058,0.80249,0.80263,1.50,2.25
2012.06.28 04:02:08.591,0.80249,0.80263,2.25,2.25
2012.06.28 04:02:13.989,0.8025,0.80262,2.25,1.13
2012.06.28 04:02:14.513,0.8025,0.80262,3.00,1.13
2012.06.28 04:02:14.886,0.8025,0.80262,2.25,1.13
2012.06.28 04:02:15.441,0.80251,0.80265,1.50,2.10
2012.06.28 04:02:15.511,0.80253,0.80265,1.50,1.35
2012.06.28 04:02:15.792,0.80253,0.80268,1.50,2.25
2012.06.28 04:02:15.871,0.80253,0.80268,1.50,1.50
2012.06.28 04:02:17.194,0.80252,0.80268,3.00,1.50
2012.06.28 04:02:17.340,0.80252,0.80268,2.25,1.50
2012.06.28 04:02:17.901,0.80253,0.80269,2.25,1.50
2012.06.28 04:02:18.457,0.80253,0.80269,2.25,3.00
2012.06.28 04:02:19.111,0.80253,0.80269,2.25,1.50
2012.06.28 04:02:20.473,0.80254,0.8027,2.25,3.00
2012.06.28 04:02:21.033,0.80254,0.8027,2.25,4.50
2012.06.28 04:02:23.370,0.80254,0.80268,2.25,1.50
2012.06.28 04:02:24.049,0.80255,0.80269,2.25,1.50
2012.06.28 04:02:25.358,0.80255,0.80269,1.50,3.00
2012.06.28 04:02:25.433,0.80253,0.80269,2.25,3.75
2012.06.28 04:02:25.921,0.80251,0.80267,3.75,2.25
2012.06.28 04:02:26.471,0.80252,0.80266,1.50,1.50
2012.06.28 04:02:28.093,0.80253,0.80267,1.50,3.38
2012.06.28 04:02:31.633,0.80253,0.80267,1.50,2.25
2012.06.28 04:02:40.119,0.80255,0.80269,1.50,4.13
2012.06.28 04:02:40.881,0.80253,0.80269,3.00,2.63
2012.06.28 04:02:41.269,0.80253,0.80269,1.50,3.38
2012.06.28 04:02:50.347,0.80253,0.80269,2.25,2.63
2012.06.28 04:02:50.868,0.80253,0.80269,1.50,2.63
2012.06.28 04:03:04.708,0.80253,0.80268,1.50,1.50
2012.06.28 04:03:15.660,0.80253,0.80269,1.50,2.63
2012.06.28 04:03:22.503,0.80254,0.80269,2.25,1.13
2012.06.28 04:03:23.063,0.80253,0.80269,1.50,2.63
2012.06.28 04:03:23.579,0.80253,0.80269,2.25,2.63
2012.06.28 04:03:26.305,0.80255,0.80269,1.50,2.25
2012.06.28 04:03:30.392,0.80255,0.80269,3.00,1.50
2012.06.28 04:03:30.883,0.80257,0.80271,1.50,4.50
2012.06.28 04:03:37.835,0.80255,0.8027,1.50,1.50
2012.06.28 04:03:37.914,0.80254,0.80268,3.00,1.50
2012.06.28 04:03:38.472,0.80254,0.80268,2.25,1.50
2012.06.28 04:03:40.522,0.80254,0.8027,2.25,1.50
2012.06.28 04:03:40.675,0.80256,0.8027,1.50,1.50
2012.06.28 04:03:41.053,0.80259,0.80274,1.50,1.50
2012.06.28 04:03:41.554,0.80258,0.80274,2.25,1.50
2012.06.28 04:03:42.111,0.80258,0.80274,2.25,1.50
2012.06.28 04:03:42.612,0.80258,0.80274,2.25,1.50
2012.06.28 04:03:42.942,0.80258,0.80272,2.25,1.50
2012.06.28 04:03:44.099,0.80257,0.80271,3.00,1.50
2012.06.28 04:03:44.231,0.80257,0.80273,3.00,1.50
2012.06.28 04:03:44.781,0.80257,0.80272,1.50,1.50
2012.06.28 04:03:44.920,0.80257,0.80272,1.50,1.50
2012.06.28 04:03:47.278,0.80257,0.80272,1.50,1.50
2012.06.28 04:03:48.811,0.80256,0.80272,3.00,3.75
2012.06.28 04:03:49.021,0.80256,0.80268,1.50,1.50
2012.06.28 04:03:49.094,0.80254,0.80268,2.25,1.50
2012.06.28 04:03:49.384,0.80254,0.8027,2.25,3.75
2012.06.28 04:03:53.629,0.80254,0.8027,5.25,1.88
2012.06.28 04:03:53.702,0.80254,0.80268,4.13,1.50
2012.06.28 04:03:54.243,0.80255,0.80269,2.25,2.63
2012.06.28 04:03:54.749,0.80254,0.80268,2.25,1.50
2012.06.28 04:03:57.359,0.80254,0.80268,2.25,1.50
2012.06.28 04:04:04.118,0.80254,0.80265,2.25,1.88
2012.06.28 04:04:04.612,0.80252,0.80267,2.25,1.13
2012.06.28 04:04:05.115,0.80252,0.80268,2.25,2.25
2012.06.28 04:04:05.190,0.80252,0.80268,2.25,2.25
2012.06.28 04:04:19.681,0.80252,0.80268,2.25,2.25
2012.06.28 04:04:29.730,0.80252,0.80268,2.25,2.25
2012.06.28 04:04:37.191,0.80254,0.80268,2.25,2.25
2012.06.28 04:04:37.681,0.80256,0.80272,3.00,3.00
2012.06.28 04:04:38.372,0.80256,0.80272,3.00,3.00
2012.06.28 04:04:38.910,0.80256,0.80272,3.00,2.25
2012.06.28 04:04:50.756,0.80256,0.80272,3.00,1.50
2012.06.28 04:04:51.302,0.80257,0.80272,2.25,1.50
2012.06.28 04:04:51.503,0.80259,0.80275,2.25,1.50
2012.06.28 04:04:51.583,0.80259,0.80273,2.25,1.50
2012.06.28 04:04:52.684,0.80259,0.80273,3.00,1.50
2012.06.28 04:04:52.760,0.80259,0.80273,3.00,1.50
2012.06.28 04:04:53.148,0.80259,0.80271,1.50,1.50
2012.06.28 04:04:53.819,0.80258,0.80271,1.50,1.50
2012.06.28 04:04:54.902,0.80258,0.80272,3.00,1.50
2012.06.28 04:04:55.460,0.80258,0.80273,1.50,1.50
2012.06.28 04:04:55.968,0.80258,0.80273,1.50,1.50
2012.06.28 04:04:56.535,0.80257,0.80272,1.50,1.50
2012.06.28 04:04:58.008,0.80257,0.80273,3.00,1.50
2012.06.28 04:05:00.920,0.80257,0.80271,3.00,1.50
2012.06.28 04:05:05.403,0.80259,0.80273,1.50,1.50
2012.06.28 04:05:05.982,0.80258,0.80272,1.50,1.50
2012.06.28 04:05:06.556,0.80258,0.80273,1.50,1.50
2012.06.28 04:05:08.252,0.80258,0.80272,3.00,1.50
2012.06.28 04:05:10.009,0.80258,0.80273,1.50,3.00
2012.06.28 04:05:10.139,0.80258,0.80271,1.50,1.50
2012.06.28 04:05:13.044,0.80258,0.80273,1.50,3.00
2012.06.28 04:05:15.253,0.80258,0.80272,1.50,1.50
2012.06.28 04:05:15.811,0.80258,0.80272,3.00,1.50
2012.06.28 04:05:16.363,0.80258,0.80272,3.00,1.50
2012.06.28 04:05:41.181,0.80259,0.80272,1.88,1.50
2012.06.28 04:05:41.324,0.8026,0.80275,1.13,1.50
2012.06.28 04:05:41.474,0.80263,0.80275,2.25,1.50
2012.06.28 04:05:41.554,0.80263,0.80278,2.25,3.00
2012.06.28 04:05:41.704,0.80263,0.80278,1.50,3.00
2012.06.28 04:05:41.853,0.80263,0.80278,1.50,1.50
2012.06.28 04:05:42.533,0.80263,0.80278,2.25,1.50
2012.06.28 04:05:43.101,0.80265,0.80277,1.50,1.50
2012.06.28 04:05:44.440,0.80264,0.80277,1.50,1.50
2012.06.28 04:05:46.161,0.80263,0.80277,2.63,1.50
2012.06.28 04:05:46.720,0.80263,0.80277,1.50,1.88
2012.06.28 04:05:47.273,0.80263,0.80276,2.25,1.50
2012.06.28 04:05:48.206,0.80263,0.80278,2.25,2.25
2012.06.28 04:05:48.284,0.80263,0.80278,2.25,1.50
2012.06.28 04:05:48.640,0.80266,0.80278,1.50,1.50
2012.06.28 04:05:49.181,0.80265,0.80278,1.50,1.50
2012.06.28 04:05:50.929,0.80264,0.80278,1.50,1.50
2012.06.28 04:06:05.065,0.80264,0.80278,1.50,1.50
2012.06.28 04:06:20.011,0.80264,0.80278,1.50,1.50
2012.06.28 04:06:21.299,0.80263,0.80278,4.13,1.50
2012.06.28 04:06:26.689,0.80263,0.80278,3.38,1.50
2012.06.28 04:06:38.711,0.80264,0.80278,2.63,1.50
2012.06.28 04:06:39.254,0.80264,0.80278,1.88,1.50
2012.06.28 04:06:48.495,0.80264,0.8028,2.63,1.58
2012.06.28 04:06:50.697,0.80264,0.8028,2.63,1.58
2012.06.28 04:07:05.788,0.80262,0.80281,1.50,3.08
2012.06.28 04:07:11.739,0.80264,0.80281,1.50,2.33
2012.06.28 04:07:12.010,0.80264,0.80279,1.50,2.25
2012.06.28 04:07:12.692,0.80262,0.80276,4.13,1.50
2012.06.28 04:07:13.183,0.80262,0.80278,4.13,2.25
2012.06.28 04:07:13.975,0.80262,0.80277,2.63,1.50
2012.06.28 04:07:14.781,0.80262,0.80277,2.63,1.50
2012.06.28 04:07:22.139,0.80264,0.80278,1.50,1.50
2012.06.28 04:07:23.549,0.80264,0.80276,1.50,1.50
2012.06.28 04:07:24.068,0.80264,0.80277,1.50,1.50
2012.06.28 04:07:26.409,0.80265,0.80276,1.50,1.50
2012.06.28 04:07:26.973,0.80262,0.80275,1.50,1.50
2012.06.28 04:07:27.054,0.80261,0.80275,2.25,1.50
2012.06.28 04:07:27.274,0.80261,0.80275,2.25,1.50
2012.06.28 04:07:27.847,0.80261,0.80275,2.25,2.25
2012.06.28 04:07:28.813,0.80262,0.80276,2.25,1.50
2012.06.28 04:07:28.883,0.80262,0.80276,2.25,1.50
2012.06.28 04:07:29.446,0.80263,0.80276,1.50,1.50
2012.06.28 04:07:31.420,0.8026,0.80276,2.25,1.50
2012.06.28 04:07:46.520,0.8026,0.80276,2.25,2.25
2012.06.28 04:07:47.061,0.80259,0.80275,3.00,2.25
2012.06.28 04:07:47.516,0.80259,0.80273,3.00,1.50
2012.06.28 04:07:51.140,0.80259,0.80273,3.00,1.50
2012.06.28 04:07:51.742,0.80259,0.80273,3.00,1.50
2012.06.28 04:07:52.304,0.8026,0.80274,3.75,1.50
2012.06.28 04:07:52.455,0.80262,0.80276,3.00,1.95
2012.06.28 04:07:52.731,0.80261,0.80275,3.00,1.50
2012.06.28 04:07:52.942,0.80261,0.80275,3.00,1.50
2012.06.28 04:07:53.365,0.80264,0.80275,1.50,1.50
2012.06.28 04:07:53.914,0.80264,0.80277,1.50,1.50
2012.06.28 04:07:54.479,0.80263,0.80276,2.63,1.50
2012.06.28 04:07:56.160,0.80264,0.80275,1.50,1.50
2012.06.28 04:07:56.720,0.80262,0.80275,1.50,1.50
2012.06.28 04:07:58.081,0.80262,0.80276,1.50,1.13
2012.06.28 04:07:59.093,0.80263,0.80276,1.50,2.63
2012.06.28 04:07:59.643,0.80263,0.80277,4.13,1.50
2012.06.28 04:08:00.145,0.80263,0.80276,2.63,1.50
2012.06.28 04:08:00.789,0.80263,0.80276,1.88,1.50
2012.06.28 04:08:01.503,0.80263,0.80278,1.88,3.00
2012.06.28 04:08:02.049,0.80265,0.80278,1.50,1.50
2012.06.28 04:08:03.260,0.80264,0.80278,1.50,1.50
2012.06.28 04:08:03.730,0.80268,0.80278,1.13,1.50
2012.06.28 04:08:04.292,0.80265,0.80279,4.13,1.50
2012.06.28 04:08:04.501,0.80267,0.80279,1.50,1.50
2012.06.28 04:08:08.584,0.80267,0.80278,1.50,1.50
2012.06.28 04:08:09.152,0.80264,0.80277,2.25,1.13
2012.06.28 04:08:09.708,0.80263,0.80277,1.50,2.63
2012.06.28 04:08:10.674,0.80265,0.80277,2.63,1.50
2012.06.28 04:08:11.031,0.80265,0.80278,1.50,2.63
2012.06.28 04:08:11.241,0.80265,0.80278,1.50,1.13
2012.06.28 04:08:15.202,0.80266,0.80279,2.63,1.50
2012.06.28 04:08:15.881,0.80266,0.80278,3.38,1.50
2012.06.28 04:08:20.091,0.80266,0.80278,2.63,1.50
2012.06.28 04:08:25.319,0.80266,0.80278,2.63,1.50
2012.06.28 04:08:34.687,0.80266,0.80278,1.50,2.63
2012.06.28 04:08:45.509,0.80266,0.80278,1.50,2.63
2012.06.28 04:08:55.340,0.80266,0.80278,2.63,1.50
2012.06.28 04:08:57.910,0.80266,0.80278,2.63,1.50
2012.06.28 04:09:10.102,0.80265,0.80277,1.50,1.50
2012.06.28 04:09:10.252,0.80263,0.80276,3.00,1.50
2012.06.28 04:09:10.821,0.80263,0.80275,1.50,1.50
2012.06.28 04:09:33.162,0.80263,0.80275,1.50,2.63
2012.06.28 04:09:33.381,0.80262,0.80275,1.50,2.63
2012.06.28 04:09:33.920,0.80262,0.80275,1.50,2.63
2012.06.28 04:09:36.718,0.80263,0.80275,1.50,2.63
2012.06.28 04:09:37.230,0.80263,0.80275,1.50,2.63
2012.06.28 04:09:37.301,0.80262,0.80275,1.50,2.63
2012.06.28 04:09:37.950,0.80261,0.80274,2.63,1.50
2012.06.28 04:09:38.831,0.80261,0.80274,1.88,1.50
2012.06.28 04:09:41.037,0.80261,0.80274,1.88,1.50
2012.06.28 04:09:47.267,0.80261,0.80274,1.13,1.50
2012.06.28 04:09:54.148,0.8026,0.80274,2.63,2.63
2012.06.28 04:09:54.779,0.8026,0.80274,2.63,1.13
2012.06.28 04:09:55.562,0.8026,0.80273,2.63,1.50
2012.06.28 04:09:56.089,0.80261,0.80274,1.50,1.13
2012.06.28 04:09:56.638,0.80262,0.80274,1.50,1.13
2012.06.28 04:09:57.218,0.80262,0.80274,1.50,1.13
2012.06.28 04:10:00.638,0.80262,0.80274,1.50,1.13
2012.06.28 04:10:04.698,0.80262,0.80274,1.50,1.13
2012.06.28 04:10:07.791,0.80261,0.80273,1.50,1.50
2012.06.28 04:10:07.862,0.8026,0.80273,1.88,1.50
2012.06.28 04:10:07.932,0.80262,0.80273,1.13,1.50
2012.06.28 04:10:20.919,0.80262,0.80274,1.13,1.50
2012.06.28 04:10:25.752,0.80262,0.80275,1.13,1.50
2012.06.28 04:10:26.288,0.80262,0.80274,1.13,1.50
2012.06.28 04:10:28.791,0.80262,0.80273,1.13,1.50
2012.06.28 04:10:28.863,0.8026,0.80273,1.13,2.25
2012.06.28 04:10:29.082,0.80258,0.80272,1.88,2.63
2012.06.28 04:10:34.249,0.80257,0.80272,1.88,1.50
2012.06.28 04:10:46.101,0.80256,0.80268,3.00,1.13
2012.06.28 04:10:46.323,0.80254,0.80268,3.38,2.63
2012.06.28 04:10:48.760,0.80254,0.80268,2.63,1.13
2012.06.28 04:10:50.620,0.80256,0.80269,1.88,1.50
2012.06.28 04:11:27.676,0.80256,0.80269,1.88,1.50
2012.06.28 04:11:27.751,0.80257,0.80271,2.25,1.50
2012.06.28 04:11:28.282,0.80257,0.80271,2.25,2.25
2012.06.28 04:11:32.388,0.80257,0.80271,1.50,2.25
2012.06.28 04:11:32.899,0.80257,0.80271,1.50,2.25
2012.06.28 04:11:39.477,0.80257,0.80271,2.25,2.25
2012.06.28 04:11:41.589,0.80257,0.80273,3.38,3.00
2012.06.28 04:11:42.141,0.80257,0.80272,1.88,2.25
2012.06.28 04:11:44.012,0.80258,0.80272,2.25,2.25
2012.06.28 04:11:44.083,0.80257,0.80273,4.88,2.25
2012.06.28 04:11:44.581,0.80257,0.80271,4.13,1.50
2012.06.28 04:11:45.140,0.80257,0.80271,4.13,1.50
2012.06.28 04:11:47.390,0.80257,0.80271,4.13,1.50
2012.06.28 04:11:48.070,0.80257,0.8027,1.88,1.50
2012.06.28 04:11:49.302,0.80257,0.8027,1.88,1.50
2012.06.28 04:11:50.269,0.80257,0.8027,1.13,1.50
2012.06.28 04:11:54.320,0.80257,0.80271,3.38,1.50
2012.06.28 04:12:00.879,0.80258,0.80271,1.13,1.50
2012.06.28 04:12:11.882,0.80258,0.80273,1.13,2.25
2012.06.28 04:12:12.358,0.80259,0.80275,4.88,1.50
2012.06.28 04:12:12.920,0.80259,0.80275,4.13,1.50
2012.06.28 04:12:13.475,0.80259,0.80274,2.63,1.50
2012.06.28 04:12:14.039,0.8026,0.80274,1.50,1.50
2012.06.28 04:12:14.599,0.80259,0.80273,4.13,1.50
2012.06.28 04:12:21.572,0.80259,0.80273,3.38,1.50
2012.06.28 04:12:23.583,0.80259,0.80272,2.63,1.50
2012.06.28 04:12:24.059,0.80258,0.80272,3.38,1.50
2012.06.28 04:12:31.697,0.80258,0.80272,3.38,1.50
2012.06.28 04:12:33.733,0.80258,0.80271,1.13,1.50
2012.06.28 04:12:35.001,0.80257,0.80271,2.25,1.50
2012.06.28 04:12:37.172,0.80258,0.80271,1.13,1.50
2012.06.28 04:12:43.907,0.80258,0.80271,2.63,1.50
2012.06.28 04:12:50.130,0.80258,0.80272,3.38,1.50
2012.06.28 04:12:50.695,0.80259,0.80272,2.63,1.50
2012.06.28 04:12:50.843,0.8026,0.80274,2.25,3.00
2012.06.28 04:12:51.410,0.8026,0.80274,2.25,1.50
2012.06.28 04:12:51.944,0.80259,0.80273,4.13,1.50
2012.06.28 04:12:52.020,0.80259,0.80275,4.13,1.50
2012.06.28 04:12:52.451,0.80259,0.80273,4.13,1.50
2012.06.28 04:12:53.005,0.8026,0.80274,1.50,1.50
2012.06.28 04:12:53.362,0.80261,0.80274,1.50,1.50
2012.06.28 04:13:00.660,0.8026,0.80273,1.50,1.50
2012.06.28 04:13:00.942,0.80259,0.80275,4.13,2.25
2012.06.28 04:13:01.082,0.80259,0.80273,4.13,1.50
2012.06.28 04:13:01.222,0.80259,0.80273,4.13,1.50
2012.06.28 04:13:01.662,0.8026,0.80273,1.50,1.50
2012.06.28 04:13:02.343,0.8026,0.80275,1.50,3.00
2012.06.28 04:13:03.104,0.80261,0.80275,1.50,1.50
2012.06.28 04:13:03.669,0.80263,0.80276,1.88,3.00
2012.06.28 04:13:05.383,0.80265,0.80276,1.13,1.50
2012.06.28 04:13:05.974,0.80265,0.80277,1.13,1.50
2012.06.28 04:13:07.246,0.80263,0.80277,4.13,1.50
2012.06.28 04:13:07.748,0.80263,0.80277,4.13,1.50
2012.06.28 04:13:08.279,0.80263,0.80276,2.63,1.50
2012.06.28 04:13:11.879,0.80264,0.80278,1.13,3.00
2012.06.28 04:13:12.023,0.80264,0.8028,4.13,3.75
2012.06.28 04:13:12.526,0.80268,0.8028,1.88,1.50
2012.06.28 04:13:12.604,0.80265,0.8028,1.50,1.50
2012.06.28 04:13:13.109,0.80265,0.80279,3.00,1.50
2012.06.28 04:13:13.669,0.80266,0.80279,1.50,1.50
2012.06.28 04:13:14.012,0.80267,0.80282,1.50,2.25
2012.06.28 04:13:14.079,0.80267,0.8028,1.50,1.50
2012.06.28 04:13:15.071,0.80268,0.8028,1.50,1.50
2012.06.28 04:13:15.214,0.80268,0.80283,3.00,3.75
2012.06.28 04:13:15.292,0.80269,0.80283,1.50,3.75
2012.06.28 04:13:16.502,0.80269,0.80283,1.50,2.25
2012.06.28 04:13:16.994,0.8027,0.80284,1.50,2.25
2012.06.28 04:13:17.506,0.80268,0.80282,2.25,2.25
2012.06.28 04:13:17.726,0.80268,0.8028,2.25,1.50
2012.06.28 04:13:18.362,0.80268,0.80281,1.50,1.50
2012.06.28 04:13:18.502,0.80268,0.80283,1.50,2.25
2012.06.28 04:13:18.711,0.80268,0.80281,1.50,1.50
2012.06.28 04:13:19.700,0.80268,0.80282,3.00,2.63
2012.06.28 04:13:20.042,0.8027,0.80282,1.50,2.25
2012.06.28 04:13:20.392,0.80274,0.80285,1.50,3.00
2012.06.28 04:13:20.743,0.80272,0.80284,1.13,1.88
2012.06.28 04:13:20.965,0.8027,0.80283,1.50,2.25
2012.06.28 04:13:21.042,0.8027,0.80284,3.00,1.50
2012.06.28 04:13:21.262,0.80272,0.80286,2.25,3.75
2012.06.28 04:13:21.695,0.80272,0.80286,2.25,1.50
2012.06.28 04:13:22.233,0.80271,0.80287,4.13,1.50
2012.06.28 04:13:25.268,0.80273,0.80287,2.25,1.50
2012.06.28 04:13:26.714,0.80273,0.80287,1.50,1.50
2012.06.28 04:13:26.932,0.80271,0.80287,4.13,1.50
2012.06.28 04:13:27.372,0.80271,0.80285,3.38,1.50
2012.06.28 04:13:27.920,0.80272,0.80286,2.25,1.50
2012.06.28 04:13:28.462,0.80271,0.80285,3.38,1.50
2012.06.28 04:13:28.600,0.80271,0.80287,4.13,1.50
2012.06.28 04:13:29.140,0.80271,0.80287,3.38,1.50
2012.06.28 04:13:30.742,0.80272,0.80287,1.50,1.50
2012.06.28 04:13:33.320,0.80271,0.80286,1.13,1.50
2012.06.28 04:13:33.672,0.80271,0.80286,1.88,2.25
2012.06.28 04:13:34.152,0.80269,0.80283,4.13,1.50
2012.06.28 04:13:34.412,0.80269,0.80285,3.38,3.75
2012.06.28 04:13:39.379,0.80269,0.80285,4.13,1.50
2012.06.28 04:13:43.128,0.80269,0.80285,4.13,1.50
2012.06.28 04:13:45.447,0.80269,0.80285,4.13,1.50
2012.06.28 04:13:47.073,0.80271,0.80287,1.50,4.13
2012.06.28 04:13:47.144,0.80273,0.80287,1.13,3.00
2012.06.28 04:13:47.678,0.80273,0.80287,1.13,2.25
2012.06.28 04:13:52.720,0.80271,0.80285,2.25,1.13
2012.06.28 04:13:53.064,0.8027,0.80282,1.50,1.35
2012.06.28 04:13:53.211,0.80267,0.8028,1.50,1.50
2012.06.28 04:13:53.772,0.80266,0.8028,1.50,2.63
2012.06.28 04:14:14.040,0.80265,0.80281,3.38,3.38
2012.06.28 04:14:14.951,0.80265,0.80281,2.63,3.38
2012.06.28 04:14:15.510,0.80265,0.80279,1.50,1.13
2012.06.28 04:14:15.792,0.80263,0.80279,3.38,3.38
2012.06.28 04:14:16.351,0.80263,0.80279,3.38,4.13
2012.06.28 04:14:18.961,0.80263,0.80279,2.63,4.13
2012.06.28 04:14:19.501,0.80263,0.80279,2.63,3.38
2012.06.28 04:14:20.673,0.80265,0.80279,1.50,2.63
2012.06.28 04:14:30.429,0.80263,0.80279,3.38,2.63
2012.06.28 04:14:30.931,0.80263,0.80279,3.38,3.38
2012.06.28 04:14:30.999,0.80263,0.80279,3.38,3.38
2012.06.28 04:14:31.212,0.80263,0.80279,3.38,3.38
2012.06.28 04:14:31.781,0.80263,0.80279,3.38,3.38
2012.06.28 04:14:31.851,0.80263,0.80279,3.38,3.38
2012.06.28 04:14:39.438,0.80263,0.80279,3.38,3.38
2012.06.28 04:14:45.798,0.80263,0.80279,3.38,2.63
2012.06.28 04:14:46.301,0.80263,0.80278,2.25,1.13
2012.06.28 04:14:46.892,0.80263,0.80278,2.25,1.88
2012.06.28 04:14:47.401,0.80262,0.80276,3.38,1.50
2012.06.28 04:14:48.122,0.80263,0.80277,2.25,2.25
2012.06.28 04:14:48.771,0.80262,0.80276,3.38,1.50
2012.06.28 04:14:49.661,0.80263,0.80277,2.25,2.25
2012.06.28 04:14:50.169,0.80262,0.80277,1.88,2.25
2012.06.28 04:14:50.839,0.80262,0.80277,1.88,2.25
2012.06.28 04:14:51.322,0.8026,0.80276,3.00,2.25
2012.06.28 04:14:51.871,0.8026,0.80276,3.00,2.25
2012.06.28 04:14:54.252,0.80262,0.80276,1.50,2.25
2012.06.28 04:14:54.881,0.80261,0.80275,1.50,1.50
2012.06.28 04:14:55.460,0.80262,0.80276,1.50,1.50
2012.06.28 04:14:56.433,0.80263,0.80277,1.50,3.38
2012.06.28 04:14:57.279,0.80262,0.80276,2.25,1.50
2012.06.28 04:14:57.982,0.80263,0.80277,1.50,3.00
2012.06.28 04:15:05.102,0.80262,0.80276,1.50,1.50
2012.06.28 04:15:05.650,0.80261,0.80275,1.50,2.25
2012.06.28 04:15:06.071,0.80261,0.80275,1.50,2.25
2012.06.28 04:15:06.610,0.80261,0.80275,2.63,3.00
2012.06.28 04:15:07.028,0.80261,0.80275,2.63,3.00
2012.06.28 04:15:07.109,0.80262,0.80275,1.50,1.50
2012.06.28 04:15:07.673,0.80261,0.80274,2.63,1.50
2012.06.28 04:15:11.639,0.80261,0.80274,2.63,1.50
2012.06.28 04:15:12.202,0.80263,0.80277,1.50,4.13
2012.06.28 04:15:12.412,0.80263,0.80277,1.50,4.13
2012.06.28 04:15:13.532,0.80261,0.80277,2.63,4.13
2012.06.28 04:15:14.075,0.80261,0.80277,2.63,4.13
2012.06.28 04:15:14.152,0.80263,0.80277,1.50,4.13
2012.06.28 04:15:14.633,0.80262,0.80275,1.50,1.50
2012.06.28 04:15:14.992,0.8026,0.80275,1.50,2.63
2012.06.28 04:15:15.541,0.8026,0.80275,1.50,2.63
2012.06.28 04:15:20.410,0.8026,0.80275,2.63,1.50
2012.06.28 04:15:22.944,0.80261,0.80275,1.13,1.50
2012.06.28 04:15:23.489,0.80261,0.80275,1.13,1.50
2012.06.28 04:15:24.741,0.80261,0.80275,1.13,1.50
2012.06.28 04:15:25.261,0.80261,0.80275,1.13,1.50
2012.06.28 04:15:25.813,0.80261,0.80275,1.13,1.50
2012.06.28 04:15:28.246,0.80261,0.80275,1.13,1.50
2012.06.28 04:15:30.020,0.80261,0.80275,1.13,1.50
2012.06.28 04:15:30.230,0.80261,0.80275,1.13,1.50
2012.06.28 04:15:30.771,0.8026,0.80275,2.63,1.50
2012.06.28 04:15:30.991,0.8026,0.80275,2.63,1.50
2012.06.28 04:15:31.543,0.8026,0.80275,2.63,1.50
2012.06.28 04:15:33.225,0.8026,0.80275,3.38,2.25
2012.06.28 04:15:33.990,0.8026,0.80275,3.38,2.25
2012.06.28 04:15:34.551,0.8026,0.80275,3.38,2.25
2012.06.28 04:15:36.109,0.8026,0.80275,3.38,2.25
2012.06.28 04:15:38.070,0.8026,0.80275,3.38,2.25
2012.06.28 04:15:38.144,0.8026,0.80275,3.38,2.25
2012.06.28 04:15:39.598,0.8026,0.80275,3.38,2.25
2012.06.28 04:15:39.941,0.8026,0.80273,1.13,2.25
2012.06.28 04:15:49.237,0.80259,0.80273,2.63,2.25
2012.06.28 04:15:50.711,0.80259,0.80275,2.63,3.75
2012.06.28 04:15:51.240,0.80259,0.80275,3.38,3.75
2012.06.28 04:15:53.240,0.80259,0.80275,3.38,3.00
2012.06.28 04:15:53.759,0.80259,0.80275,3.38,3.00
2012.06.28 04:15:56.103,0.80262,0.80276,2.25,2.63
2012.06.28 04:15:56.321,0.80262,0.80276,2.25,2.63
2012.06.28 04:16:04.375,0.80261,0.80277,2.63,4.50
2012.06.28 04:16:04.920,0.80261,0.80275,2.25,2.25
2012.06.28 04:16:05.271,0.80261,0.80274,2.25,1.50
2012.06.28 04:16:05.832,0.8026,0.80274,3.00,4.13
2012.06.28 04:16:13.482,0.80261,0.80274,1.88,3.00
2012.06.28 04:16:14.141,0.80261,0.80274,1.88,2.25
2012.06.28 04:16:14.848,0.80261,0.80274,1.88,1.50
2012.06.28 04:16:15.392,0.80261,0.80274,1.88,2.25
2012.06.28 04:16:15.919,0.80261,0.80274,1.88,2.25
2012.06.28 04:16:19.002,0.80261,0.80274,1.88,2.25
2012.06.28 04:16:19.559,0.80261,0.80274,1.88,1.50
2012.06.28 04:16:20.982,0.80261,0.80274,1.88,2.25
2012.06.28 04:16:21.539,0.80261,0.80275,1.88,1.88
2012.06.28 04:16:32.271,0.8026,0.80275,2.25,1.88
2012.06.28 04:16:32.780,0.8026,0.80275,2.25,1.88
2012.06.28 04:16:35.112,0.80263,0.80276,1.13,2.25
2012.06.28 04:16:35.256,0.80263,0.80278,1.13,3.00
2012.06.28 04:16:35.544,0.80265,0.80277,1.13,3.00
2012.06.28 04:16:36.942,0.80263,0.80277,4.13,4.13
2012.06.28 04:16:37.503,0.80263,0.80277,1.88,4.13
2012.06.28 04:16:38.086,0.80263,0.80274,2.25,1.13
2012.06.28 04:16:39.556,0.80261,0.80274,2.25,1.88
2012.06.28 04:16:40.030,0.8026,0.80274,3.38,1.88
2012.06.28 04:16:40.100,0.8026,0.80274,3.38,1.88
2012.06.28 04:16:40.523,0.80261,0.80276,1.88,2.25
2012.06.28 04:16:41.079,0.80263,0.80277,2.25,4.13
2012.06.28 04:16:42.339,0.80261,0.80277,3.38,5.63
2012.06.28 04:16:43.293,0.80262,0.80276,1.50,2.25
2012.06.28 04:16:43.840,0.80262,0.80276,1.50,2.25
2012.06.28 04:16:44.254,0.8026,0.80273,2.25,1.88
2012.06.28 04:16:44.824,0.8026,0.80276,3.38,3.75
2012.06.28 04:16:45.392,0.80261,0.80276,2.25,1.88
2012.06.28 04:16:45.701,0.80261,0.80276,2.25,1.88
2012.06.28 04:16:46.364,0.80261,0.80276,2.25,1.88
2012.06.28 04:16:46.791,0.80261,0.80276,2.25,1.88
2012.06.28 04:16:47.458,0.80263,0.80277,1.88,2.63
2012.06.28 04:16:47.953,0.80265,0.80277,1.13,1.50
2012.06.28 04:16:48.520,0.80265,0.80278,1.13,3.00
2012.06.28 04:16:49.963,0.80262,0.80278,3.38,4.13
2012.06.28 04:16:50.322,0.80262,0.80275,2.25,1.13
2012.06.28 04:16:50.813,0.80261,0.80272,1.50,1.13
2012.06.28 04:16:51.418,0.8026,0.80272,2.25,1.88
2012.06.28 04:16:54.022,0.80261,0.80277,3.38,4.13
2012.06.28 04:16:54.163,0.80265,0.80277,1.13,1.50
2012.06.28 04:16:55.011,0.80265,0.80277,1.13,1.50
2012.06.28 04:16:55.081,0.80263,0.80277,1.88,2.63
2012.06.28 04:16:55.640,0.80263,0.80277,1.88,2.63
2012.06.28 04:16:56.813,0.80261,0.80275,3.38,1.88
2012.06.28 04:16:58.231,0.80261,0.80275,3.38,2.63
2012.06.28 04:16:58.581,0.80261,0.80275,3.38,3.38
2012.06.28 04:16:58.791,0.80261,0.80275,3.38,3.38
2012.06.28 04:16:59.853,0.80261,0.80275,3.38,3.38
2012.06.28 04:17:00.344,0.80261,0.80275,3.38,1.88
2012.06.28 04:17:01.510,0.80261,0.80275,3.38,1.88
2012.06.28 04:17:03.082,0.80261,0.80275,1.13,1.88
2012.06.28 04:17:03.500,0.80261,0.80275,2.63,1.88
2012.06.28 04:17:04.040,0.80261,0.80275,3.38,1.13
2012.06.28 04:17:04.533,0.80265,0.80277,1.13,1.50
2012.06.28 04:17:07.467,0.80264,0.80276,1.50,2.63
2012.06.28 04:17:08.471,0.80264,0.80276,1.50,2.63
2012.06.28 04:17:08.980,0.80264,0.80276,1.50,2.63
2012.06.28 04:17:13.710,0.80265,0.80278,1.13,3.00
2012.06.28 04:17:14.749,0.80264,0.80278,2.25,3.00
2012.06.28 04:17:27.080,0.80264,0.80278,2.25,3.00
2012.06.28 04:17:29.552,0.80264,0.80278,3.38,1.50
2012.06.28 04:17:29.622,0.80267,0.80278,1.88,1.50
2012.06.28 04:17:29.976,0.80265,0.80278,2.25,1.13
2012.06.28 04:17:30.541,0.80265,0.80278,3.00,1.13
2012.06.28 04:17:31.091,0.80265,0.80278,2.25,1.13
2012.06.28 04:17:43.919,0.80264,0.80278,1.88,1.13
2012.06.28 04:17:45.402,0.80263,0.80277,4.13,1.13
2012.06.28 04:17:46.454,0.80263,0.80277,4.88,1.13
2012.06.28 04:17:51.131,0.80264,0.80277,1.50,1.13
2012.06.28 04:17:52.381,0.80264,0.80279,2.63,2.25
2012.06.28 04:17:52.523,0.80264,0.80279,2.63,3.00
2012.06.28 04:17:52.871,0.80264,0.80279,4.88,1.50
2012.06.28 04:17:53.804,0.80264,0.80279,2.63,3.00
2012.06.28 04:17:54.830,0.80267,0.80279,1.13,1.50
2012.06.28 04:17:55.381,0.80266,0.80278,1.13,1.50
2012.06.28 04:18:08.115,0.80263,0.80277,2.63,1.88
2012.06.28 04:18:08.723,0.80263,0.80277,3.38,1.88
2012.06.28 04:18:10.843,0.80264,0.80277,1.50,1.88
2012.06.28 04:18:11.881,0.80264,0.80277,3.75,1.88
2012.06.28 04:18:12.465,0.80264,0.80277,3.00,1.88
2012.06.28 04:18:19.067,0.80263,0.80275,1.13,1.50
2012.06.28 04:18:20.325,0.80263,0.80276,1.13,3.00
2012.06.28 04:18:20.890,0.80262,0.80276,2.25,4.13
2012.06.28 04:18:22.363,0.80263,0.80276,1.13,2.25
2012.06.28 04:18:33.694,0.80265,0.80278,1.13,3.75
2012.06.28 04:18:34.117,0.80263,0.80278,2.63,3.00
2012.06.28 04:18:46.132,0.80263,0.80275,1.13,1.50
2012.06.28 04:18:46.682,0.80262,0.80276,3.38,1.88
2012.06.28 04:18:49.212,0.80262,0.80276,1.88,1.88
2012.06.28 04:18:51.640,0.80262,0.80276,1.88,2.63
2012.06.28 04:18:54.698,0.80262,0.80276,1.13,2.63
2012.06.28 04:18:55.461,0.80262,0.80276,1.13,2.63
2012.06.28 04:18:57.273,0.80262,0.80273,1.50,1.13
2012.06.28 04:18:57.694,0.80261,0.80275,2.63,3.38
2012.06.28 04:18:58.264,0.80262,0.80276,3.38,3.00
2012.06.28 04:18:58.812,0.80263,0.80276,1.50,1.50
2012.06.28 04:19:12.755,0.80262,0.80277,1.88,3.75
2012.06.28 04:19:13.291,0.80262,0.80277,1.88,3.00
2012.06.28 04:19:13.831,0.80262,0.80277,1.13,3.00
2012.06.28 04:19:17.371,0.80263,0.80276,1.13,1.50
2012.06.28 04:19:23.050,0.80265,0.80277,1.13,2.25
2012.06.28 04:19:23.601,0.80263,0.80276,3.00,1.88
2012.06.28 04:19:24.161,0.80262,0.80276,3.38,3.38
2012.06.28 04:19:31.534,0.80263,0.80276,1.50,1.13
2012.06.28 04:19:46.936,0.80263,0.80275,2.25,1.13
2012.06.28 04:20:20.308,0.80261,0.80275,4.88,1.13
2012.06.28 04:20:21.212,0.80262,0.80276,1.88,1.13
2012.06.28 04:20:30.761,0.80261,0.80274,2.25,1.13
2012.06.28 04:20:53.980,0.80262,0.80274,1.50,1.88
2012.06.28 04:21:08.800,0.8026,0.80274,3.38,1.13
2012.06.28 04:21:09.899,0.80262,0.80276,1.88,3.38
2012.06.28 04:21:24.889,0.80262,0.80276,1.88,3.38
2012.06.28 04:21:34.777,0.80262,0.80276,1.88,3.38
2012.06.28 04:21:35.290,0.80262,0.80276,1.88,3.38
2012.06.28 04:21:35.799,0.8026,0.80276,3.38,3.38
2012.06.28 04:21:39.818,0.8026,0.80276,3.38,3.38
2012.06.28 04:21:40.329,0.80263,0.80277,1.88,3.38
2012.06.28 04:21:40.664,0.80265,0.80277,1.13,1.50
2012.06.28 04:21:41.964,0.80265,0.80277,1.13,2.25
2012.06.28 04:21:42.243,0.80261,0.80274,1.50,1.88
2012.06.28 04:21:42.735,0.80262,0.80274,1.50,1.50
2012.06.28 04:21:42.952,0.80262,0.80276,3.00,1.50
2012.06.28 04:21:43.570,0.80263,0.80277,2.25,1.50
2012.06.28 04:21:45.090,0.80263,0.80276,1.88,1.50
2012.06.28 04:21:45.643,0.80263,0.80276,3.00,1.50
2012.06.28 04:21:46.521,0.80263,0.80275,2.25,1.50
2012.06.28 04:21:46.650,0.80264,0.80276,1.13,1.50
2012.06.28 04:21:46.899,0.80264,0.80277,1.13,2.63
2012.06.28 04:21:48.481,0.80264,0.80277,1.50,2.63
2012.06.28 04:21:51.729,0.80264,0.80277,1.50,2.63
2012.06.28 04:21:53.158,0.80264,0.80277,1.50,2.63
2012.06.28 04:21:58.500,0.80263,0.80277,1.88,2.63
2012.06.28 04:22:06.310,0.80263,0.80277,1.50,2.63
2012.06.28 04:22:09.169,0.80263,0.80277,1.88,2.63
2012.06.28 04:22:11.718,0.80263,0.80277,1.50,2.63
2012.06.28 04:22:13.630,0.80263,0.80277,2.63,2.63
2012.06.28 04:22:14.172,0.80265,0.80278,1.88,1.50
2012.06.28 04:22:14.521,0.80265,0.80276,1.88,1.50
2012.06.28 04:22:18.360,0.80265,0.80275,1.13,1.50
2012.06.28 04:22:19.551,0.80265,0.80276,1.13,1.50
2012.06.28 04:22:24.159,0.80265,0.80275,1.13,1.50
2012.06.28 04:22:30.092,0.80265,0.80277,2.25,1.50
2012.06.28 04:22:32.525,0.80262,0.80276,3.38,1.50
2012.06.28 04:22:32.953,0.80265,0.80276,1.13,2.25
2012.06.28 04:22:33.023,0.80263,0.80276,1.13,2.25
2012.06.28 04:22:33.571,0.80262,0.80276,1.13,2.63
2012.06.28 04:22:40.441,0.80262,0.80275,1.50,1.13
2012.06.28 04:22:43.710,0.80262,0.80276,1.88,1.50
2012.06.28 04:22:44.241,0.80261,0.80275,1.88,1.50
2012.06.28 04:22:44.759,0.80261,0.80275,1.88,1.50
2012.06.28 04:22:45.921,0.80261,0.80276,1.88,1.13
2012.06.28 04:22:46.760,0.80262,0.80276,1.50,2.63
2012.06.28 04:22:47.302,0.80261,0.80275,1.88,1.50
2012.06.28 04:22:47.819,0.80262,0.80276,1.50,2.25
2012.06.28 04:22:48.928,0.80261,0.80275,1.88,1.50
2012.06.28 04:23:02.021,0.80261,0.80277,2.63,3.00
2012.06.28 04:23:02.221,0.80261,0.80273,1.13,1.50
2012.06.28 04:23:02.890,0.80259,0.80273,1.88,2.25
2012.06.28 04:23:04.333,0.80258,0.80272,1.50,3.00
2012.06.28 04:23:13.580,0.80258,0.80272,1.50,3.00
2012.06.28 04:23:14.111,0.80258,0.80272,1.50,2.25
2012.06.28 04:23:16.463,0.80258,0.80272,1.50,3.00
2012.06.28 04:23:17.029,0.80258,0.80272,1.50,3.00
2012.06.28 04:23:42.531,0.80256,0.80272,3.75,2.25
2012.06.28 04:23:44.496,0.80256,0.80272,3.75,3.00
2012.06.28 04:23:47.307,0.80258,0.80272,1.50,1.50
2012.06.28 04:23:58.400,0.80258,0.80273,1.50,2.25
2012.06.28 04:23:58.942,0.80258,0.80273,1.50,2.25
2012.06.28 04:23:59.490,0.80258,0.80273,1.50,2.25
2012.06.28 04:24:02.220,0.80258,0.80273,1.50,2.25
2012.06.28 04:24:05.729,0.80258,0.80273,1.50,2.25
2012.06.28 04:24:10.990,0.80258,0.80273,1.50,2.25
2012.06.28 04:24:13.079,0.80258,0.80273,1.50,2.25
2012.06.28 04:24:15.300,0.80258,0.80273,1.50,2.25
2012.06.28 04:24:26.569,0.80258,0.80273,1.50,2.63
2012.06.28 04:24:27.789,0.80258,0.80273,1.50,2.63
2012.06.28 04:24:31.337,0.80258,0.80273,1.50,3.38
2012.06.28 04:24:31.408,0.80257,0.80273,4.13,4.13
2012.06.28 04:24:35.261,0.80258,0.80273,1.50,3.38
2012.06.28 04:25:11.474,0.80257,0.80272,1.50,2.25
2012.06.28 04:25:33.188,0.80258,0.80272,1.50,1.88
2012.06.28 04:25:46.771,0.80257,0.80271,2.25,1.50
2012.06.28 04:25:49.961,0.80257,0.80271,1.50,3.00
2012.06.28 04:25:50.031,0.80256,0.80269,1.50,1.50
2012.06.28 04:25:50.774,0.80255,0.80269,3.00,1.50
2012.06.28 04:25:51.511,0.80255,0.80269,3.00,1.50
2012.06.28 04:25:55.197,0.80255,0.80269,3.00,1.50
2012.06.28 04:26:05.331,0.80255,0.80269,3.00,1.50
2012.06.28 04:26:11.508,0.80255,0.80269,3.00,1.50
2012.06.28 04:26:15.231,0.80255,0.8027,1.50,1.50
2012.06.28 04:26:15.572,0.80255,0.80268,1.50,1.50
2012.06.28 04:26:17.545,0.80255,0.80268,1.50,1.50
2012.06.28 04:26:24.096,0.80253,0.80266,1.88,1.50
2012.06.28 04:26:24.175,0.80253,0.80266,1.13,1.50
2012.06.28 04:26:25.024,0.80252,0.80266,1.88,1.50
2012.06.28 04:26:25.684,0.80252,0.80266,1.88,1.50
2012.06.28 04:26:26.259,0.80252,0.80266,1.88,1.50
2012.06.28 04:26:27.501,0.80252,0.80266,2.63,1.50
2012.06.28 04:26:28.855,0.80252,0.80266,1.88,1.50
2012.06.28 04:26:30.520,0.80252,0.80266,1.88,1.50
2012.06.28 04:26:31.289,0.80252,0.80266,1.88,1.50
2012.06.28 04:26:31.821,0.80253,0.80267,1.88,1.50
2012.06.28 04:26:32.427,0.80253,0.80267,1.88,1.50
2012.06.28 04:26:33.621,0.80253,0.80267,1.88,1.50
2012.06.28 04:26:34.162,0.80253,0.80267,1.88,1.50
2012.06.28 04:26:35.269,0.80253,0.80267,1.88,1.50
2012.06.28 04:26:35.861,0.80253,0.80267,1.88,1.50
2012.06.28 04:26:36.521,0.80254,0.80267,1.13,1.50
2012.06.28 04:26:43.137,0.80253,0.80267,2.63,1.50
2012.06.28 04:26:43.690,0.80253,0.80267,1.88,1.50
2012.06.28 04:26:45.112,0.80253,0.80267,1.88,1.50
2012.06.28 04:26:45.649,0.80253,0.80267,1.88,1.50
2012.06.28 04:26:46.153,0.80253,0.80267,1.88,1.50
2012.06.28 04:26:46.929,0.80253,0.80267,1.88,1.50
2012.06.28 04:26:48.300,0.80253,0.80267,1.88,1.50
2012.06.28 04:26:49.369,0.80253,0.80267,1.88,1.50
2012.06.28 04:26:49.930,0.80253,0.80267,1.88,1.50
2012.06.28 04:26:50.460,0.80253,0.80267,3.38,1.50
2012.06.28 04:26:52.130,0.80253,0.80267,3.38,1.50
2012.06.28 04:26:52.669,0.80253,0.80267,2.63,1.50
2012.06.28 04:26:53.245,0.80253,0.80267,2.63,1.50
2012.06.28 04:26:55.189,0.80253,0.80267,2.63,1.50
2012.06.28 04:26:57.729,0.80255,0.80269,1.50,1.50
2012.06.28 04:27:00.150,0.80253,0.80269,3.38,1.50
2012.06.28 04:27:00.699,0.80254,0.8027,2.63,4.13
2012.06.28 04:27:01.699,0.80254,0.80269,1.13,1.50
2012.06.28 04:27:02.259,0.80254,0.8027,2.25,4.13
2012.06.28 04:27:03.219,0.80254,0.80269,1.13,1.50
2012.06.28 04:27:03.739,0.80255,0.80269,1.50,1.50
2012.06.28 04:27:04.141,0.80253,0.80269,2.63,2.25
2012.06.28 04:27:04.692,0.80254,0.8027,2.63,3.38
2012.06.28 04:27:04.763,0.80254,0.8027,3.38,2.63
2012.06.28 04:27:05.043,0.80254,0.8027,3.38,3.38
2012.06.28 04:27:05.783,0.80254,0.8027,3.00,1.50
2012.06.28 04:27:07.312,0.80254,0.8027,3.38,1.50
2012.06.28 04:27:22.963,0.80257,0.80272,1.50,1.13
2012.06.28 04:27:23.528,0.80257,0.80271,1.50,1.50
2012.06.28 04:27:24.642,0.80257,0.80272,1.50,1.13
2012.06.28 04:27:25.889,0.80257,0.80273,2.25,3.00
2012.06.28 04:27:27.059,0.80256,0.80272,2.25,1.50
2012.06.28 04:27:33.670,0.80257,0.80271,2.25,1.50
2012.06.28 04:27:34.179,0.80258,0.80272,1.50,1.50
2012.06.28 04:27:36.499,0.80256,0.80272,3.75,1.50
2012.06.28 04:27:37.186,0.80258,0.80272,1.50,1.50
2012.06.28 04:28:02.015,0.80258,0.80272,2.25,1.50
2012.06.28 04:28:02.372,0.80258,0.80274,3.00,1.50
2012.06.28 04:28:02.573,0.80258,0.80272,1.50,2.25
2012.06.28 04:28:03.484,0.80257,0.80271,2.25,1.50
2012.06.28 04:28:04.121,0.80258,0.80272,2.25,2.25
2012.06.28 04:28:31.842,0.8026,0.80273,1.50,1.13
2012.06.28 04:28:32.541,0.80259,0.80273,2.25,2.63
2012.06.28 04:28:53.239,0.80259,0.80273,2.25,3.38
2012.06.28 04:29:00.939,0.80259,0.80273,2.25,2.25
2012.06.28 04:29:01.632,0.80259,0.80273,2.25,2.25
2012.06.28 04:29:02.503,0.8026,0.80274,2.25,4.13
2012.06.28 04:29:03.684,0.80259,0.80273,2.25,2.25
2012.06.28 04:29:03.964,0.80256,0.80272,4.50,3.38
2012.06.28 04:29:14.451,0.80258,0.80272,1.50,1.50
2012.06.28 04:29:15.324,0.80258,0.80272,2.25,1.50
2012.06.28 04:29:17.770,0.80258,0.80272,3.00,1.50
2012.06.28 04:29:27.192,0.80258,0.80272,3.00,1.50
2012.06.28 04:29:27.741,0.80258,0.80272,3.00,1.50
2012.06.28 04:29:29.033,0.80259,0.80273,2.25,3.00
2012.06.28 04:29:29.570,0.80259,0.80274,2.25,1.13
2012.06.28 04:29:31.391,0.80259,0.80273,2.25,2.63
2012.06.28 04:29:31.731,0.80256,0.80272,4.88,1.50
2012.06.28 04:29:32.231,0.80256,0.80271,3.38,1.88
2012.06.28 04:29:32.571,0.80254,0.80268,2.63,1.50
2012.06.28 04:29:32.763,0.80254,0.8027,2.25,2.63
2012.06.28 04:29:32.966,0.80255,0.8027,3.38,3.00
2012.06.28 04:29:41.763,0.80258,0.80272,1.50,2.63
2012.06.28 04:29:42.283,0.80258,0.80272,3.00,2.63
2012.06.28 04:29:45.789,0.80258,0.80272,3.00,2.63
2012.06.28 04:29:46.071,0.80258,0.80272,1.50,1.13
2012.06.28 04:29:50.643,0.80257,0.80273,2.25,2.25
2012.06.28 04:29:51.204,0.80256,0.80272,3.75,1.50
2012.06.28 04:29:51.623,0.80256,0.80271,2.25,1.56
2012.06.28 04:29:53.042,0.80258,0.80272,2.25,2.68
2012.06.28 04:29:54.180,0.80258,0.80272,2.25,2.68
2012.06.28 04:29:55.150,0.80258,0.80272,2.25,2.68
2012.06.28 04:29:55.763,0.80258,0.80272,2.25,2.68
2012.06.28 04:29:56.390,0.80258,0.80272,2.25,2.31
2012.06.28 04:29:56.910,0.80258,0.80272,2.25,1.50
2012.06.28 04:29:59.852,0.8026,0.80274,1.50,3.75
2012.06.28 04:30:00.390,0.8026,0.80274,2.25,1.50
2012.06.28 04:30:01.214,0.8026,0.80274,2.25,1.50
2012.06.28 04:30:02.074,0.8026,0.80274,2.25,1.50
2012.06.28 04:30:02.581,0.80259,0.80275,2.25,2.25
2012.06.28 04:30:03.884,0.80258,0.80274,2.25,1.50
2012.06.28 04:30:04.712,0.80258,0.80274,2.25,2.25
2012.06.28 04:30:05.924,0.80258,0.80273,2.25,1.13
2012.06.28 04:30:06.052,0.80258,0.80273,2.25,1.13
2012.06.28 04:30:06.691,0.80258,0.80273,2.25,1.13
2012.06.28 04:30:07.880,0.80258,0.80274,2.25,2.63
2012.06.28 04:30:13.114,0.80258,0.80274,2.25,2.63
2012.06.28 04:30:13.184,0.80258,0.80274,2.25,2.63
2012.06.28 04:30:13.730,0.80259,0.80275,2.25,2.63
2012.06.28 04:30:14.281,0.80259,0.80273,2.25,1.50
2012.06.28 04:30:15.160,0.80259,0.80273,2.25,1.50
2012.06.28 04:30:19.952,0.8026,0.80274,2.25,1.50
2012.06.28 04:30:20.500,0.80259,0.80273,2.25,1.50
2012.06.28 04:30:29.591,0.80259,0.80273,2.25,1.50
2012.06.28 04:30:29.801,0.80259,0.80273,2.25,1.50
2012.06.28 04:30:30.760,0.80259,0.80275,2.25,1.50
2012.06.28 04:30:32.493,0.80259,0.80275,2.25,1.50
2012.06.28 04:30:36.831,0.80259,0.80275,2.25,1.50
2012.06.28 04:30:36.971,0.80259,0.80275,2.25,1.50
2012.06.28 04:30:37.791,0.80259,0.80275,2.25,3.75
2012.06.28 04:30:37.936,0.80259,0.80275,2.25,2.25
2012.06.28 04:30:38.328,0.80257,0.80272,4.13,1.50
2012.06.28 04:30:38.962,0.80258,0.80272,2.25,1.50
2012.06.28 04:30:44.329,0.80258,0.80272,2.25,1.50
2012.06.28 04:30:48.939,0.80258,0.80272,2.25,1.50
2012.06.28 04:30:50.710,0.80258,0.80272,2.25,1.50
2012.06.28 04:30:55.788,0.80258,0.80273,1.88,2.25
2012.06.28 04:30:56.004,0.80258,0.80272,1.50,1.50
2012.06.28 04:30:56.221,0.80257,0.80271,3.00,1.50
2012.06.28 04:30:56.573,0.80257,0.80273,3.00,1.50
2012.06.28 04:30:57.352,0.80257,0.80273,3.00,1.50
2012.06.28 04:30:58.018,0.80259,0.80273,1.88,1.50
2012.06.28 04:30:59.172,0.80259,0.80275,3.38,2.25
2012.06.28 04:31:00.642,0.80259,0.80275,3.38,2.25
2012.06.28 04:31:01.161,0.80259,0.80275,3.38,2.25
2012.06.28 04:31:01.891,0.80259,0.80275,3.38,2.25
2012.06.28 04:31:02.570,0.80259,0.80275,3.38,2.25
2012.06.28 04:31:03.572,0.80259,0.80275,4.13,1.50
2012.06.28 04:31:03.925,0.8026,0.80275,3.00,1.50
2012.06.28 04:31:04.010,0.80263,0.80277,2.25,1.50
2012.06.28 04:31:05.363,0.80263,0.80277,3.00,1.50
2012.06.28 04:31:05.904,0.80262,0.80276,2.25,1.50
2012.06.28 04:31:07.719,0.80263,0.80277,2.25,1.50
2012.06.28 04:31:10.731,0.80262,0.80278,2.25,1.50
2012.06.28 04:31:11.147,0.80262,0.80276,2.25,1.50
2012.06.28 04:31:11.921,0.80262,0.80276,2.25,1.50
2012.06.28 04:31:11.992,0.80262,0.80278,2.25,1.50
2012.06.28 04:31:12.519,0.80261,0.80277,4.13,1.50
2012.06.28 04:31:15.641,0.80262,0.80278,2.25,1.50
2012.06.28 04:31:16.200,0.80262,0.80278,2.25,1.50
2012.06.28 04:31:19.871,0.80262,0.80278,2.25,1.50
2012.06.28 04:31:20.470,0.80262,0.80278,2.25,1.50
2012.06.28 04:31:26.543,0.80262,0.80276,2.25,1.50
2012.06.28 04:31:26.800,0.80262,0.80278,3.00,1.50
2012.06.28 04:31:27.751,0.80262,0.80277,1.50,1.50
2012.06.28 04:31:34.624,0.80264,0.80277,1.88,1.50
2012.06.28 04:31:38.812,0.80263,0.80277,3.00,1.50
2012.06.28 04:31:48.997,0.80263,0.80277,2.25,1.50
2012.06.28 04:31:49.075,0.80263,0.80277,2.25,2.25
2012.06.28 04:31:49.647,0.8026,0.80276,2.25,2.25
2012.06.28 04:31:49.793,0.8026,0.80276,2.25,2.25
2012.06.28 04:31:52.761,0.80261,0.80277,2.25,2.25
2012.06.28 04:31:53.301,0.80261,0.80277,3.00,2.25
2012.06.28 04:31:54.951,0.80261,0.80277,3.00,2.25
2012.06.28 04:32:00.350,0.80262,0.80276,2.25,1.50
2012.06.28 04:32:01.652,0.80262,0.80278,3.00,4.88
2012.06.28 04:32:02.202,0.80262,0.80276,2.25,1.50
2012.06.28 04:32:03.163,0.80263,0.80277,2.25,1.50
2012.06.28 04:32:03.710,0.80262,0.80276,2.25,1.50
2012.06.28 04:32:06.571,0.80263,0.80277,2.25,1.50
2012.06.28 04:32:22.010,0.80261,0.80277,3.00,1.50
2012.06.28 04:32:22.736,0.80262,0.80278,2.25,2.63
2012.06.28 04:32:23.060,0.80262,0.80276,2.25,1.50
2012.06.28 04:32:26.520,0.80263,0.80277,2.25,1.50
2012.06.28 04:32:29.373,0.80263,0.80277,2.25,1.50
2012.06.28 04:32:32.470,0.80262,0.80276,2.25,1.50
2012.06.28 04:32:36.640,0.80262,0.80278,2.25,1.50
2012.06.28 04:32:41.938,0.80261,0.80277,4.13,1.50
2012.06.28 04:32:42.443,0.80262,0.80278,2.25,1.50
2012.06.28 04:32:42.713,0.80262,0.80278,3.00,1.50
2012.06.28 04:32:43.270,0.80265,0.80278,1.50,1.50
2012.06.28 04:32:43.904,0.80265,0.80278,1.50,1.50
2012.06.28 04:32:44.882,0.80264,0.80278,2.63,1.50
2012.06.28 04:32:45.213,0.80264,0.80276,1.88,1.50
2012.06.28 04:32:45.751,0.80262,0.80276,1.13,1.50
2012.06.28 04:32:47.543,0.80261,0.80277,3.75,2.25
2012.06.28 04:32:49.213,0.80262,0.80278,2.25,2.25
2012.06.28 04:32:49.780,0.80263,0.80278,2.63,2.25
2012.06.28 04:32:51.395,0.80264,0.80278,1.50,1.50
2012.06.28 04:32:51.864,0.80264,0.80278,2.25,2.63
2012.06.28 04:32:52.011,0.80264,0.80278,2.25,2.63
2012.06.28 04:32:52.154,0.80264,0.80278,3.00,2.63
2012.06.28 04:32:52.225,0.80265,0.8028,1.50,2.63
2012.06.28 04:32:52.516,0.80264,0.80279,2.63,1.50
2012.06.28 04:32:52.733,0.80264,0.80277,1.13,1.50
2012.06.28 04:32:53.282,0.80264,0.80277,1.88,1.50
2012.06.28 04:32:55.351,0.80264,0.80277,1.13,1.50
2012.06.28 04:33:01.162,0.80264,0.80277,1.88,1.50
2012.06.28 04:33:01.960,0.80264,0.80277,1.88,1.50
2012.06.28 04:33:03.585,0.80264,0.80276,1.13,1.50
2012.06.28 04:33:04.152,0.80263,0.80277,2.25,1.50
2012.06.28 04:33:09.848,0.80263,0.80277,2.25,1.50
2012.06.28 04:33:10.206,0.80264,0.80277,1.88,1.50
2012.06.28 04:33:10.286,0.80264,0.8028,3.38,3.38
2012.06.28 04:33:11.252,0.80264,0.80278,3.38,1.50
2012.06.28 04:33:11.673,0.80264,0.80278,2.25,2.63
2012.06.28 04:33:12.163,0.80262,0.80276,3.38,1.50
2012.06.28 04:33:12.681,0.80262,0.80276,3.38,1.50
2012.06.28 04:33:13.348,0.80262,0.80276,3.38,1.50
2012.06.28 04:33:13.910,0.80263,0.80277,1.50,1.50
2012.06.28 04:33:14.461,0.80262,0.80278,3.38,3.38
2012.06.28 04:33:15.161,0.80262,0.80278,3.38,3.38
2012.06.28 04:33:17.830,0.80262,0.80278,3.38,3.38
2012.06.28 04:33:18.662,0.80265,0.80278,1.88,2.25
2012.06.28 04:33:18.738,0.80265,0.80278,1.88,1.50
2012.06.28 04:33:19.280,0.80265,0.80278,1.88,1.50
2012.06.28 04:33:23.974,0.80265,0.80278,1.88,1.50
2012.06.28 04:33:24.494,0.80264,0.80277,1.88,1.50
2012.06.28 04:33:33.830,0.80264,0.80277,1.88,1.50
2012.06.28 04:33:35.313,0.80264,0.80277,1.88,1.50
2012.06.28 04:33:35.737,0.80262,0.80275,1.50,1.50
2012.06.28 04:33:36.374,0.80261,0.80275,3.00,1.50
2012.06.28 04:33:36.455,0.80261,0.80275,3.00,1.50
2012.06.28 04:33:37.012,0.80261,0.80275,2.25,1.50
2012.06.28 04:33:37.806,0.80262,0.80276,2.25,1.50
2012.06.28 04:33:38.165,0.80263,0.80277,2.25,1.50
2012.06.28 04:33:38.734,0.80263,0.80277,3.00,1.50
2012.06.28 04:33:47.950,0.80262,0.80276,3.00,1.50
2012.06.28 04:33:51.895,0.80262,0.80276,2.25,1.50
2012.06.28 04:33:52.452,0.8026,0.80276,4.13,1.50
2012.06.28 04:33:52.874,0.8026,0.80276,4.13,1.50
2012.06.28 04:33:54.072,0.80261,0.80276,1.50,1.50
2012.06.28 04:33:54.923,0.80261,0.80276,1.50,1.50
2012.06.28 04:33:55.480,0.8026,0.80276,3.38,1.50
2012.06.28 04:33:59.537,0.8026,0.80273,3.00,1.13
2012.06.28 04:34:00.051,0.8026,0.80273,2.25,1.88
2012.06.28 04:34:02.882,0.8026,0.80273,2.25,1.88
2012.06.28 04:34:03.292,0.8026,0.80273,2.25,1.88
2012.06.28 04:34:08.773,0.8026,0.80273,3.00,1.88
2012.06.28 04:34:11.673,0.8026,0.80274,3.00,1.50
2012.06.28 04:34:25.273,0.80262,0.80277,1.88,2.25
2012.06.28 04:34:25.413,0.80261,0.80276,3.00,1.13
2012.06.28 04:34:25.554,0.80261,0.80276,1.50,2.63
2012.06.28 04:34:26.095,0.8026,0.80276,4.13,2.63
2012.06.28 04:34:35.058,0.8026,0.80276,4.13,2.63
2012.06.28 04:34:42.997,0.8026,0.80275,1.88,1.50
2012.06.28 04:34:43.424,0.8026,0.80273,1.88,1.50
2012.06.28 04:34:43.842,0.80259,0.80273,3.38,1.50
2012.06.28 04:34:45.192,0.80259,0.80273,3.38,1.50
2012.06.28 04:34:46.967,0.8026,0.80274,2.25,1.50
2012.06.28 04:34:48.980,0.80259,0.80273,2.63,1.50
2012.06.28 04:34:49.523,0.80259,0.80273,3.38,1.50
2012.06.28 04:34:53.962,0.80259,0.80275,3.38,3.38
2012.06.28 04:34:54.314,0.80259,0.80273,3.38,1.50
2012.06.28 04:35:00.001,0.80259,0.8027,1.50,1.13
2012.06.28 04:35:00.565,0.80256,0.80269,2.63,2.25
2012.06.28 04:35:01.247,0.80254,0.80268,3.98,1.50
2012.06.28 04:35:01.812,0.80256,0.80269,1.13,1.50
2012.06.28 04:35:02.194,0.80256,0.80269,2.63,1.50
2012.06.28 04:35:03.631,0.80257,0.80271,2.25,4.50
2012.06.28 04:35:11.350,0.80259,0.80271,1.13,2.25
2012.06.28 04:35:12.321,0.80258,0.80272,1.50,3.38
2012.06.28 04:35:19.123,0.80258,0.80272,3.00,3.00
2012.06.28 04:35:19.641,0.80258,0.80272,3.00,2.25
2012.06.28 04:35:23.472,0.8026,0.80273,1.50,1.88
2012.06.28 04:35:24.822,0.80259,0.80273,2.25,3.38
2012.06.28 04:35:25.377,0.80259,0.80273,2.25,3.38
2012.06.28 04:35:26.074,0.8026,0.80273,1.50,1.88
2012.06.28 04:35:29.570,0.8026,0.80273,3.00,2.25
2012.06.28 04:35:30.160,0.8026,0.80273,3.00,2.25
2012.06.28 04:35:30.721,0.8026,0.80273,3.00,2.25
2012.06.28 04:35:32.961,0.8026,0.80274,3.00,2.63
2012.06.28 04:35:33.526,0.80263,0.80276,2.25,1.50
2012.06.28 04:35:34.082,0.80263,0.80277,2.25,2.25
2012.06.28 04:35:36.086,0.80263,0.80277,2.25,2.25
2012.06.28 04:35:36.593,0.80262,0.80276,2.25,1.50
2012.06.28 04:35:36.945,0.80262,0.80276,2.25,1.50
2012.06.28 04:35:37.446,0.80261,0.80277,3.38,2.63
2012.06.28 04:35:38.319,0.80263,0.80277,1.50,2.25
2012.06.28 04:35:38.679,0.80264,0.80279,3.38,1.50
2012.06.28 04:35:39.513,0.80264,0.80278,3.38,1.50
2012.06.28 04:35:41.672,0.80264,0.80278,2.25,2.63
2012.06.28 04:35:45.432,0.80264,0.80278,1.50,3.75
2012.06.28 04:35:45.854,0.80264,0.80277,1.50,1.50
2012.06.28 04:35:46.007,0.80262,0.80276,3.00,2.25
2012.06.28 04:35:46.084,0.80262,0.80276,3.00,2.25
2012.06.28 04:35:46.621,0.80262,0.80275,1.13,2.25
2012.06.28 04:35:55.360,0.80262,0.80276,2.63,2.25
2012.06.28 04:36:02.243,0.80261,0.80277,2.63,3.00
2012.06.28 04:36:03.012,0.80262,0.80277,1.50,1.50
2012.06.28 04:36:05.334,0.80263,0.80278,1.13,3.00
2012.06.28 04:36:05.684,0.80263,0.80278,1.13,1.50
2012.06.28 04:36:06.039,0.80266,0.8028,1.13,3.00
2012.06.28 04:36:06.185,0.80264,0.80278,3.75,1.50
2012.06.28 04:36:09.802,0.80264,0.80278,1.50,3.38
2012.06.28 04:36:10.942,0.80264,0.80278,2.25,2.63
2012.06.28 04:36:19.503,0.80262,0.80276,2.63,1.50
2012.06.28 04:36:25.485,0.80262,0.80278,2.25,2.25
2012.06.28 04:36:25.846,0.80265,0.80279,2.25,1.50
2012.06.28 04:36:26.443,0.80264,0.8028,4.13,3.38
2012.06.28 04:36:26.806,0.80264,0.80278,4.88,1.50
2012.06.28 04:36:30.188,0.80264,0.80278,3.38,1.50
2012.06.28 04:36:31.607,0.80265,0.80278,1.13,1.50
2012.06.28 04:36:31.966,0.80266,0.80278,1.50,1.50
2012.06.28 04:36:32.254,0.80265,0.80278,1.13,1.50
2012.06.28 04:36:37.459,0.80264,0.80278,2.25,1.50
2012.06.28 04:36:38.001,0.80264,0.80278,2.25,1.50
2012.06.28 04:36:39.021,0.80264,0.80278,3.75,1.50
2012.06.28 04:36:45.292,0.80264,0.80278,3.00,1.50
2012.06.28 04:36:46.774,0.80264,0.80278,3.75,1.50
2012.06.28 04:36:47.194,0.80263,0.80277,2.63,1.50
2012.06.28 04:36:47.265,0.80263,0.80275,1.88,1.50
2012.06.28 04:36:51.110,0.80263,0.80276,1.13,1.50
2012.06.28 04:36:51.644,0.80263,0.80275,1.88,1.50
2012.06.28 04:36:54.963,0.80263,0.80276,1.88,1.50
2012.06.28 04:36:56.163,0.80263,0.80277,1.88,1.50
2012.06.28 04:36:56.691,0.80263,0.80277,2.63,1.50
2012.06.28 04:36:57.181,0.80263,0.80275,1.88,1.50
2012.06.28 04:37:00.275,0.80263,0.80277,1.88,1.50
2012.06.28 04:37:00.356,0.80263,0.80275,1.88,1.50
2012.06.28 04:37:00.502,0.80263,0.80277,1.13,1.50
2012.06.28 04:37:01.627,0.80263,0.80276,1.13,1.50
2012.06.28 04:37:06.610,0.80263,0.80275,1.13,1.50
2012.06.28 04:37:11.123,0.80262,0.80276,4.13,1.50
2012.06.28 04:37:11.706,0.80263,0.80276,1.50,1.50
2012.06.28 04:37:12.276,0.80264,0.80277,1.13,1.50
2012.06.28 04:37:12.824,0.80264,0.80278,1.13,2.63
2012.06.28 04:37:12.964,0.80264,0.80276,1.13,1.50
2012.06.28 04:37:15.241,0.80264,0.80276,1.13,1.50
2012.06.28 04:37:19.202,0.80264,0.80277,1.13,1.50
2012.06.28 04:37:19.803,0.80264,0.80276,1.13,1.50
2012.06.28 04:37:20.422,0.80264,0.80276,1.13,1.50
2012.06.28 04:37:20.772,0.80262,0.80278,4.50,2.63
2012.06.28 04:37:21.303,0.80264,0.80277,1.13,1.50
2012.06.28 04:37:24.560,0.80264,0.80276,1.13,1.50
2012.06.28 04:37:27.031,0.80264,0.80276,2.25,1.50
2012.06.28 04:37:27.562,0.80264,0.80277,3.00,1.50
2012.06.28 04:37:28.090,0.80264,0.80277,3.00,1.50
2012.06.28 04:37:36.383,0.80265,0.80277,1.88,1.50
2012.06.28 04:37:36.455,0.80265,0.80279,4.13,1.50
2012.06.28 04:37:36.603,0.80265,0.80279,3.00,1.50
2012.06.28 04:37:37.495,0.80265,0.80279,3.00,1.50
2012.06.28 04:37:41.672,0.80265,0.80279,3.00,1.50
2012.06.28 04:37:42.014,0.80265,0.80277,1.13,1.50
2012.06.28 04:37:42.572,0.80265,0.80276,1.13,1.50
2012.06.28 04:37:43.907,0.80264,0.80276,1.88,1.50
2012.06.28 04:37:45.101,0.80262,0.80276,4.13,1.50
2012.06.28 04:37:45.617,0.80263,0.80276,1.50,1.50
2012.06.28 04:37:48.154,0.80262,0.80276,3.38,1.50
2012.06.28 04:37:48.495,0.80262,0.80278,3.38,3.06
2012.06.28 04:37:48.903,0.80264,0.80278,1.88,1.50
2012.06.28 04:37:49.047,0.80264,0.80278,1.88,1.50
2012.06.28 04:37:49.337,0.80265,0.80279,3.00,1.50
2012.06.28 04:37:49.485,0.80265,0.80279,3.38,1.50
2012.06.28 04:37:50.032,0.80264,0.80278,3.00,1.50
2012.06.28 04:37:50.103,0.80264,0.80278,3.00,1.50
2012.06.28 04:37:51.541,0.80264,0.80278,3.38,1.50
2012.06.28 04:37:55.155,0.80264,0.80278,3.38,1.50
2012.06.28 04:37:58.260,0.80264,0.80278,3.38,1.50
2012.06.28 04:38:02.462,0.80264,0.80278,4.13,1.50
2012.06.28 04:38:05.091,0.80264,0.80278,4.13,1.50
2012.06.28 04:38:07.584,0.80264,0.80278,3.38,1.50
2012.06.28 04:38:23.551,0.80264,0.80278,3.75,1.50
2012.06.28 04:38:27.715,0.80265,0.80278,1.88,1.50
2012.06.28 04:38:28.265,0.80265,0.80278,1.88,1.50
2012.06.28 04:38:29.053,0.80265,0.80278,1.88,1.50
2012.06.28 04:38:39.820,0.80265,0.80278,1.13,1.50
2012.06.28 04:38:49.910,0.80265,0.80281,2.63,2.25
2012.06.28 04:38:53.159,0.80269,0.80281,1.13,1.13
2012.06.28 04:38:53.230,0.80269,0.80283,1.13,3.43
2012.06.28 04:38:53.374,0.80265,0.80281,2.25,1.13
2012.06.28 04:38:53.805,0.80265,0.80279,1.88,2.63
2012.06.28 04:38:54.693,0.80265,0.80279,1.50,2.63
2012.06.28 04:38:56.595,0.80266,0.80279,1.88,1.50
2012.06.28 04:38:57.143,0.80266,0.8028,1.88,1.50
2012.06.28 04:38:57.342,0.80266,0.8028,1.88,1.50
2012.06.28 04:38:58.723,0.80266,0.80279,1.88,1.50
2012.06.28 04:38:59.298,0.80266,0.80279,2.63,1.50
2012.06.28 04:38:59.851,0.80266,0.80278,2.63,1.50
2012.06.28 04:39:00.248,0.80266,0.80278,1.50,1.50
2012.06.28 04:39:00.461,0.80266,0.80278,1.50,1.50
2012.06.28 04:39:01.003,0.80267,0.80279,1.88,1.50
2012.06.28 04:39:01.992,0.80267,0.80278,1.88,1.50
2012.06.28 04:39:05.070,0.80267,0.80278,1.88,1.50
2012.06.28 04:39:05.715,0.80267,0.8028,1.88,1.50
2012.06.28 04:39:06.075,0.80264,0.80279,2.25,1.50
2012.06.28 04:39:06.436,0.80264,0.80276,1.50,1.50
2012.06.28 04:39:06.927,0.80264,0.80277,1.50,1.50
2012.06.28 04:39:07.986,0.80264,0.80277,1.50,1.50
2012.06.28 04:39:08.062,0.80264,0.80277,1.50,1.50
2012.06.28 04:39:08.603,0.80263,0.80277,4.50,1.50
2012.06.28 04:39:09.165,0.80263,0.80278,3.00,1.50
2012.06.28 04:39:09.655,0.80263,0.80276,3.00,1.50
2012.06.28 04:39:10.204,0.80263,0.80277,4.50,1.50
2012.06.28 04:39:10.615,0.80267,0.80277,1.13,1.50
2012.06.28 04:39:10.896,0.80267,0.80279,1.88,1.50
2012.06.28 04:39:11.655,0.80267,0.80279,1.88,1.50
2012.06.28 04:39:13.152,0.80267,0.80279,1.88,1.50
2012.06.28 04:39:15.564,0.80266,0.80278,1.50,1.50
2012.06.28 04:39:15.646,0.80268,0.80278,1.88,1.50
2012.06.28 04:39:16.008,0.80267,0.8028,1.50,1.50
2012.06.28 04:39:16.556,0.80266,0.8028,1.50,1.50
2012.06.28 04:39:16.641,0.80264,0.80278,3.38,1.50
2012.06.28 04:39:16.859,0.80264,0.80276,1.50,1.13
2012.06.28 04:39:17.423,0.80263,0.80278,1.50,2.63
2012.06.28 04:39:17.564,0.80263,0.80278,1.50,2.63
2012.06.28 04:39:18.123,0.80265,0.80279,3.00,2.63
2012.06.28 04:39:18.473,0.80266,0.80279,2.25,1.50
2012.06.28 04:39:18.544,0.80266,0.80279,2.25,1.50
2012.06.28 04:39:19.106,0.80266,0.8028,3.00,1.50
2012.06.28 04:39:19.866,0.80266,0.80279,2.25,1.50
2012.06.28 04:39:20.155,0.80265,0.80279,3.00,1.50
2012.06.28 04:39:22.572,0.80265,0.80279,1.50,1.50
2012.06.28 04:39:23.157,0.80265,0.80279,1.50,1.50
2012.06.28 04:39:23.880,0.80264,0.80279,2.63,1.50
2012.06.28 04:39:24.234,0.80264,0.80278,4.13,1.50
2012.06.28 04:39:24.740,0.80264,0.80278,4.13,1.50
2012.06.28 04:39:25.274,0.80266,0.80279,1.88,1.50
2012.06.28 04:39:26.531,0.80267,0.80279,1.13,1.50
2012.06.28 04:39:31.672,0.80266,0.8028,3.38,1.50
2012.06.28 04:39:32.002,0.80266,0.80278,3.38,1.50
2012.06.28 04:39:35.132,0.80271,0.80278,1.50,1.50
2012.06.28 04:39:35.484,0.80271,0.8028,1.50,1.50
2012.06.28 04:39:35.563,0.80271,0.8028,1.50,1.50
2012.06.28 04:39:36.101,0.80271,0.80281,1.50,1.50
2012.06.28 04:39:36.633,0.80271,0.80281,1.50,1.50
2012.06.28 04:39:37.191,0.80271,0.80281,1.50,1.50
2012.06.28 04:39:37.752,0.80268,0.80281,2.63,1.50
2012.06.28 04:39:38.301,0.80268,0.80281,1.88,1.50
2012.06.28 04:39:41.128,0.80268,0.80281,1.50,1.50
2012.06.28 04:39:42.701,0.80268,0.80281,1.50,1.50
2012.06.28 04:39:49.174,0.80267,0.80281,1.50,1.88
2012.06.28 04:39:51.082,0.80267,0.80281,1.50,1.88
2012.06.28 04:39:51.621,0.80267,0.80281,1.50,1.88
2012.06.28 04:39:53.691,0.80267,0.80281,1.50,1.88
2012.06.28 04:39:55.233,0.80266,0.80281,2.25,1.88
2012.06.28 04:39:55.432,0.80266,0.80281,2.25,1.88
2012.06.28 04:39:57.820,0.80266,0.80281,3.00,1.88
2012.06.28 04:39:58.422,0.80266,0.80278,3.00,1.50
2012.06.28 04:39:59.014,0.80266,0.80279,3.00,1.50
2012.06.28 04:39:59.618,0.80266,0.80278,3.00,1.50
2012.06.28 04:39:59.752,0.80266,0.8028,3.00,1.50
2012.06.28 04:39:59.821,0.80266,0.80278,3.00,1.50
2012.06.28 04:40:00.469,0.80266,0.8028,3.00,1.50
2012.06.28 04:40:01.460,0.80266,0.80278,3.00,1.50
2012.06.28 04:40:01.974,0.80266,0.80279,3.00,1.50
2012.06.28 04:40:02.627,0.80266,0.8028,3.00,1.50
2012.06.28 04:40:03.942,0.80266,0.80278,3.00,1.50
2012.06.28 04:40:04.593,0.80266,0.80279,3.00,1.50
2012.06.28 04:40:05.628,0.80266,0.80278,3.00,1.50
2012.06.28 04:40:06.677,0.80266,0.80279,3.00,1.50
2012.06.28 04:40:08.102,0.80266,0.80279,3.00,1.50
2012.06.28 04:40:12.752,0.80266,0.80279,3.00,1.88
2012.06.28 04:40:17.505,0.80265,0.80279,3.38,3.75
2012.06.28 04:40:18.074,0.80265,0.80277,1.13,1.50
2012.06.28 04:40:18.286,0.80262,0.80275,2.25,1.13
2012.06.28 04:40:18.435,0.80261,0.80273,2.25,1.13
2012.06.28 04:40:19.002,0.8026,0.80273,1.13,2.63
2012.06.28 04:40:19.213,0.80259,0.80273,3.00,2.63
2012.06.28 04:40:19.835,0.80261,0.80275,1.13,3.38
2012.06.28 04:40:20.534,0.80265,0.80275,1.13,1.50
2012.06.28 04:40:20.888,0.80265,0.80277,1.13,2.25
2012.06.28 04:40:26.441,0.80265,0.80276,1.88,1.50
2012.06.28 04:40:35.120,0.80265,0.80276,1.88,1.50
2012.06.28 04:40:39.063,0.80265,0.80276,1.13,1.50
2012.06.28 04:40:39.613,0.80265,0.80277,1.13,2.25
2012.06.28 04:40:39.754,0.80265,0.80275,1.13,1.50
2012.06.28 04:40:42.584,0.80265,0.80276,1.13,1.50
2012.06.28 04:41:01.685,0.80262,0.80275,3.38,1.50
2012.06.28 04:41:01.824,0.80262,0.80275,2.25,1.50
2012.06.28 04:41:16.262,0.80262,0.80275,2.25,1.50
2012.06.28 04:41:18.763,0.80263,0.80275,1.88,1.50
2012.06.28 04:41:21.941,0.80263,0.80273,1.88,1.50
2012.06.28 04:41:22.523,0.80263,0.80274,1.88,1.50
2012.06.28 04:41:26.323,0.80263,0.80273,1.88,1.50
2012.06.28 04:41:26.991,0.80263,0.80274,1.88,1.50
2012.06.28 04:41:41.694,0.80263,0.80274,1.88,1.50
2012.06.28 04:41:42.300,0.80265,0.80276,1.13,1.50
2012.06.28 04:41:42.804,0.80264,0.80275,3.75,1.50
2012.06.28 04:41:43.083,0.80264,0.80275,2.63,1.50
2012.06.28 04:41:45.393,0.80264,0.80275,1.88,1.50
2012.06.28 04:41:50.682,0.80264,0.80275,1.88,1.50
2012.06.28 04:41:50.895,0.80264,0.80277,2.63,1.88
2012.06.28 04:41:51.443,0.80264,0.80276,2.63,1.50
2012.06.28 04:41:55.345,0.80264,0.80276,2.63,1.50
2012.06.28 04:41:57.412,0.80264,0.80276,1.88,1.50
2012.06.28 04:41:57.975,0.80264,0.80275,1.88,1.50
2012.06.28 04:41:58.532,0.80264,0.80275,1.13,1.50
2012.06.28 04:42:04.172,0.80262,0.80275,2.63,1.50
2012.06.28 04:42:05.401,0.80262,0.80275,2.63,1.50
2012.06.28 04:42:07.395,0.80262,0.80275,1.88,1.50
2012.06.28 04:42:09.112,0.80262,0.80275,1.88,1.50
2012.06.28 04:42:10.463,0.80262,0.80275,1.88,1.50
2012.06.28 04:42:11.006,0.80262,0.80273,1.13,1.50
2012.06.28 04:42:11.216,0.80262,0.80275,1.13,1.50
2012.06.28 04:42:11.784,0.80262,0.80275,1.88,1.50
2012.06.28 04:42:12.332,0.80264,0.80275,1.13,1.50
2012.06.28 04:42:14.802,0.80264,0.80274,1.13,1.50
2012.06.28 04:42:14.943,0.80261,0.80274,1.50,1.50
2012.06.28 04:42:16.252,0.80261,0.80274,1.50,1.50
2012.06.28 04:42:17.213,0.80261,0.80273,1.50,1.50
2012.06.28 04:42:17.803,0.80261,0.80274,1.50,1.50
2012.06.28 04:42:18.323,0.8026,0.80273,3.00,1.50
2012.06.28 04:42:19.013,0.80259,0.80273,3.38,1.13
2012.06.28 04:42:30.634,0.80259,0.80273,3.38,1.13
2012.06.28 04:42:32.222,0.80259,0.80273,3.00,1.13
2012.06.28 04:42:32.673,0.80259,0.80271,3.38,1.50
2012.06.28 04:42:33.533,0.8026,0.80272,1.13,1.50
2012.06.28 04:42:35.333,0.8026,0.80271,1.13,1.50
2012.06.28 04:42:35.885,0.8026,0.80272,1.13,1.50
2012.06.28 04:42:45.783,0.80259,0.80272,1.88,1.50
2012.06.28 04:42:46.304,0.80259,0.80272,1.88,1.50
2012.06.28 04:42:48.752,0.80259,0.80272,1.50,1.50
2012.06.28 04:42:52.342,0.80259,0.80272,1.88,1.50
2012.06.28 04:42:52.872,0.80259,0.80272,3.38,1.50
2012.06.28 04:42:53.214,0.80261,0.80272,1.13,1.50
2012.06.28 04:42:53.354,0.80261,0.80274,1.13,1.50
2012.06.28 04:42:53.865,0.80261,0.80273,1.13,1.50
2012.06.28 04:42:54.353,0.80261,0.80275,1.88,1.13
2012.06.28 04:42:55.224,0.80261,0.80275,2.63,2.63
2012.06.28 04:42:55.575,0.80262,0.80277,1.88,2.63
2012.06.28 04:42:55.785,0.80264,0.80277,1.88,2.63
2012.06.28 04:42:57.104,0.80262,0.80276,2.63,1.50
2012.06.28 04:42:58.856,0.80262,0.80276,1.88,1.88
2012.06.28 04:43:02.345,0.80263,0.80276,1.50,1.50
2012.06.28 04:43:02.903,0.80263,0.80276,1.50,1.50
2012.06.28 04:43:03.464,0.80263,0.80275,1.50,1.50
2012.06.28 04:43:05.315,0.80262,0.80275,4.13,1.50
2012.06.28 04:43:07.774,0.80262,0.80274,3.38,1.50
2012.06.28 04:43:13.358,0.80263,0.80274,1.50,1.50
2012.06.28 04:43:15.284,0.80262,0.80274,2.63,1.50
2012.06.28 04:43:17.264,0.80262,0.80273,2.63,1.50
2012.06.28 04:43:17.863,0.80262,0.80274,2.63,1.50
2012.06.28 04:43:18.423,0.80262,0.80273,2.03,1.50
2012.06.28 04:43:19.582,0.80262,0.80274,2.03,1.50
2012.06.28 04:43:25.344,0.80262,0.80274,2.63,1.50
2012.06.28 04:43:34.182,0.80262,0.80274,1.88,1.50
2012.06.28 04:43:45.393,0.80262,0.80273,1.88,1.50
2012.06.28 04:43:49.272,0.80261,0.80273,1.88,1.50
2012.06.28 04:43:49.832,0.80261,0.80274,2.63,1.50
2012.06.28 04:43:50.385,0.80261,0.80275,2.63,1.50
2012.06.28 04:43:51.644,0.80264,0.80275,1.13,1.50
2012.06.28 04:44:16.002,0.80264,0.80276,1.88,3.00
2012.06.28 04:44:16.532,0.80264,0.80275,1.88,1.50
2012.06.28 04:44:17.075,0.80264,0.80276,1.88,1.50
2012.06.28 04:44:17.834,0.80264,0.80275,1.88,1.50
2012.06.28 04:44:18.912,0.80264,0.80276,1.88,1.50
2012.06.28 04:44:19.712,0.80264,0.80275,1.88,1.50
2012.06.28 04:44:20.702,0.80264,0.80276,1.88,1.50
2012.06.28 04:44:21.233,0.80264,0.80275,1.88,1.50
2012.06.28 04:44:21.762,0.80264,0.80276,1.88,1.50
2012.06.28 04:44:22.322,0.80264,0.80275,1.88,1.50
2012.06.28 04:44:22.881,0.80264,0.80276,1.88,1.50
2012.06.28 04:44:23.432,0.80264,0.80275,1.88,1.50
2012.06.28 04:44:24.203,0.80264,0.80276,1.88,1.50
2012.06.28 04:44:25.125,0.80264,0.80275,1.88,1.50
2012.06.28 04:44:25.642,0.80264,0.80276,1.88,1.50
2012.06.28 04:44:26.403,0.80264,0.80275,1.88,1.50
2012.06.28 04:44:26.954,0.80264,0.80276,1.88,1.50
2012.06.28 04:44:27.742,0.80264,0.80275,1.88,1.50
2012.06.28 04:44:28.302,0.80264,0.80276,1.13,1.50
2012.06.28 04:44:28.863,0.80264,0.80275,1.13,1.50
2012.06.28 04:44:31.331,0.80264,0.80276,1.13,1.50
2012.06.28 04:44:31.902,0.80264,0.80275,1.13,1.50
2012.06.28 04:44:32.551,0.80264,0.80276,1.13,1.50
2012.06.28 04:44:40.289,0.80264,0.80275,1.13,1.50
2012.06.28 04:44:40.791,0.80264,0.80276,1.13,1.50
2012.06.28 04:44:42.290,0.80265,0.80276,1.13,1.50
2012.06.28 04:44:49.361,0.80265,0.80275,1.13,1.50
2012.06.28 04:44:49.874,0.80265,0.80276,1.13,1.50
2012.06.28 04:44:55.721,0.80265,0.80275,1.13,1.50
2012.06.28 04:44:56.335,0.80265,0.80276,1.13,1.50
2012.06.28 04:44:56.974,0.80265,0.80275,1.13,1.50
2012.06.28 04:44:57.532,0.80265,0.80276,1.13,1.50
2012.06.28 04:44:59.935,0.80263,0.80276,2.63,1.50
2012.06.28 04:45:00.465,0.80263,0.80275,2.63,1.50
2012.06.28 04:45:02.632,0.80263,0.80275,2.63,1.50
2012.06.28 04:45:06.384,0.80263,0.80276,2.63,1.50
2012.06.28 04:45:06.898,0.80263,0.80275,2.63,1.50
2012.06.28 04:45:12.718,0.80263,0.80276,1.88,1.50
2012.06.28 04:45:19.242,0.80263,0.80275,1.88,1.50
2012.06.28 04:45:22.463,0.80263,0.80277,1.88,1.50
2012.06.28 04:45:23.412,0.80263,0.80275,1.88,1.50
2012.06.28 04:45:24.422,0.80263,0.80276,1.88,1.50
2012.06.28 04:45:24.954,0.80264,0.80275,1.88,1.50
2012.06.28 04:45:25.532,0.80264,0.80276,1.88,1.50
2012.06.28 04:45:26.071,0.80264,0.80275,1.88,1.50
2012.06.28 04:45:35.013,0.80264,0.80276,1.88,1.50
2012.06.28 04:45:36.246,0.80263,0.80276,2.63,1.50
2012.06.28 04:45:36.656,0.80263,0.80273,1.13,1.50
2012.06.28 04:45:37.204,0.80263,0.80274,1.13,1.50
2012.06.28 04:45:37.733,0.80263,0.80273,1.13,1.50
2012.06.28 04:45:38.284,0.80263,0.80274,1.13,1.50
2012.06.28 04:45:38.824,0.80263,0.80273,1.13,1.50
2012.06.28 04:45:39.095,0.80261,0.80274,1.13,1.50
2012.06.28 04:45:39.884,0.80261,0.80274,1.88,1.50
2012.06.28 04:45:40.429,0.80262,0.80275,1.50,1.13
2012.06.28 04:45:40.506,0.80262,0.80275,1.50,1.13
2012.06.28 04:45:40.925,0.80265,0.80277,1.88,1.50
2012.06.28 04:45:41.688,0.80265,0.80277,2.63,1.50
2012.06.28 04:45:42.255,0.80266,0.80278,1.50,1.50
2012.06.28 04:45:42.813,0.80265,0.80277,2.63,1.50
2012.06.28 04:45:43.433,0.80264,0.80277,2.63,1.50
2012.06.28 04:45:44.533,0.80264,0.80276,1.88,1.50
2012.06.28 04:45:45.092,0.80264,0.80277,1.88,1.50
2012.06.28 04:45:50.233,0.80264,0.80276,1.13,1.50
2012.06.28 04:45:51.333,0.80264,0.80277,1.13,1.50
2012.06.28 04:45:52.013,0.80264,0.80276,1.13,1.50
2012.06.28 04:45:57.582,0.80264,0.80275,1.13,1.50
2012.06.28 04:45:57.871,0.80264,0.80277,1.13,1.50
2012.06.28 04:46:01.426,0.80268,0.80277,1.13,1.50
2012.06.28 04:46:01.995,0.80268,0.80278,1.88,1.50
2012.06.28 04:46:08.452,0.80266,0.80278,1.88,1.50
2012.06.28 04:46:13.193,0.80266,0.80278,1.88,1.50
2012.06.28 04:46:26.513,0.80266,0.80278,1.88,1.50
2012.06.28 04:46:35.314,0.80267,0.80278,1.88,1.50
2012.06.28 04:46:42.673,0.80267,0.80278,1.88,1.50
2012.06.28 04:46:43.473,0.80264,0.80278,2.25,2.63
2012.06.28 04:46:43.620,0.80263,0.80276,1.65,1.50
2012.06.28 04:46:44.185,0.80263,0.80275,1.65,1.50
2012.06.28 04:46:44.253,0.80263,0.80277,1.65,1.50
2012.06.28 04:46:44.464,0.80264,0.80275,1.50,1.50
2012.06.28 04:46:44.734,0.80264,0.80277,1.50,1.50
2012.06.28 04:46:52.937,0.80264,0.80276,1.50,1.50
2012.06.28 04:46:55.816,0.80262,0.80275,3.53,1.50
2012.06.28 04:46:56.190,0.80265,0.80277,1.13,3.00
2012.06.28 04:46:56.754,0.80265,0.80276,1.13,1.50
2012.06.28 04:46:57.247,0.80265,0.80278,1.13,3.75
2012.06.28 04:46:57.839,0.80266,0.80278,1.13,1.50
2012.06.28 04:46:58.684,0.80264,0.80278,4.13,1.50
2012.06.28 04:46:58.967,0.80266,0.8028,1.50,4.13
2012.06.28 04:46:59.046,0.80265,0.80278,1.50,1.50
2012.06.28 04:47:00.490,0.80265,0.80278,1.50,1.50
2012.06.28 04:47:00.845,0.80267,0.80279,2.63,1.50
2012.06.28 04:47:01.479,0.80267,0.80281,4.88,1.50
2012.06.28 04:47:02.043,0.80268,0.80281,1.50,1.50
2012.06.28 04:47:04.086,0.80266,0.80281,2.25,2.63
2012.06.28 04:47:04.378,0.80265,0.80281,4.13,4.13
2012.06.28 04:47:04.458,0.80265,0.80279,2.25,1.13
2012.06.28 04:47:04.814,0.80264,0.80276,1.50,1.50
2012.06.28 04:47:05.374,0.80263,0.80277,4.88,1.50
2012.06.28 04:47:06.376,0.80263,0.80277,4.88,1.50
2012.06.28 04:47:07.004,0.80264,0.80277,2.25,1.50
2012.06.28 04:47:15.485,0.80265,0.80277,2.63,1.50
2012.06.28 04:47:16.024,0.80265,0.80277,2.63,1.50
2012.06.28 04:47:21.185,0.80265,0.80277,2.63,1.50
2012.06.28 04:47:22.135,0.80266,0.80277,2.25,1.50
2012.06.28 04:47:22.208,0.80266,0.8028,2.25,3.38
2012.06.28 04:47:22.774,0.80268,0.80279,2.63,1.50
2012.06.28 04:47:26.017,0.80267,0.80279,1.88,1.50
2012.06.28 04:47:34.731,0.80267,0.80279,1.88,1.50
2012.06.28 04:47:36.474,0.80267,0.80282,1.88,3.00
2012.06.28 04:47:37.024,0.80267,0.80282,3.38,3.00
2012.06.28 04:47:39.623,0.80267,0.8028,3.38,1.50
2012.06.28 04:48:02.265,0.80266,0.8028,3.00,2.25
2012.06.28 04:48:02.824,0.80266,0.80278,1.50,2.25
2012.06.28 04:48:03.387,0.80266,0.80279,1.50,1.50
2012.06.28 04:48:03.677,0.80267,0.80281,3.00,2.25
2012.06.28 04:48:06.308,0.80266,0.80281,1.50,2.25
2012.06.28 04:48:09.862,0.80266,0.80281,1.50,3.81
2012.06.28 04:48:12.497,0.80266,0.80281,1.50,3.00
2012.06.28 04:48:12.706,0.80266,0.80281,1.50,3.81
2012.06.28 04:48:12.987,0.80263,0.80276,3.75,1.50
2012.06.28 04:48:13.547,0.80262,0.80276,2.25,1.50
2012.06.28 04:48:17.289,0.80262,0.80276,2.25,1.50
2012.06.28 04:48:18.047,0.80262,0.80276,2.25,2.25
2012.06.28 04:48:18.395,0.80262,0.80276,2.25,2.25
2012.06.28 04:48:18.538,0.8026,0.80276,3.38,2.25
2012.06.28 04:48:18.758,0.8026,0.80276,3.38,1.50
2012.06.28 04:48:19.958,0.80262,0.80276,2.25,2.25
2012.06.28 04:48:20.668,0.80262,0.80276,2.25,2.25
2012.06.28 04:48:21.028,0.80262,0.80276,2.25,2.25
2012.06.28 04:48:21.252,0.80262,0.80278,3.00,2.25
2012.06.28 04:48:21.537,0.80264,0.80278,1.50,1.50
2012.06.28 04:48:22.178,0.80264,0.80276,1.88,1.50
2012.06.28 04:48:22.397,0.80262,0.80278,2.25,3.00
2012.06.28 04:48:24.706,0.80262,0.80276,3.00,1.50
2012.06.28 04:48:24.792,0.80262,0.80276,2.25,1.50
2012.06.28 04:48:25.075,0.80262,0.80276,3.38,1.50
2012.06.28 04:48:25.360,0.80265,0.80279,2.25,1.50
2012.06.28 04:48:26.084,0.80263,0.80278,1.88,1.50
2012.06.28 04:48:26.661,0.80262,0.80278,2.25,2.25
2012.06.28 04:48:26.746,0.80263,0.80277,2.25,3.38
2012.06.28 04:48:26.969,0.80261,0.80277,2.63,3.38
2012.06.28 04:48:27.190,0.80261,0.80277,2.63,3.38
2012.06.28 04:48:27.267,0.8026,0.80276,2.63,2.25
2012.06.28 04:48:27.950,0.80261,0.80277,3.00,2.25
2012.06.28 04:48:28.388,0.80263,0.80278,2.63,1.50
2012.06.28 04:48:29.027,0.80265,0.80278,1.50,1.50
2012.06.28 04:48:29.238,0.80265,0.8028,1.50,1.88
2012.06.28 04:48:29.879,0.80265,0.80279,3.00,1.50
2012.06.28 04:48:32.082,0.80265,0.80279,1.50,1.50
2012.06.28 04:48:32.437,0.80266,0.8028,3.75,1.50
2012.06.28 04:48:32.928,0.80269,0.80282,1.50,1.50
2012.06.28 04:48:34.026,0.8027,0.80282,1.50,1.50
2012.06.28 04:48:36.355,0.80272,0.80284,1.50,1.50
2012.06.28 04:48:37.165,0.80272,0.80284,1.50,1.50
2012.06.28 04:48:37.327,0.80268,0.80284,3.75,3.00
2012.06.28 04:48:38.036,0.80269,0.80283,1.50,2.63
2012.06.28 04:48:38.593,0.80269,0.80283,1.50,2.63
2012.06.28 04:48:39.156,0.80267,0.80282,3.00,1.50
2012.06.28 04:48:39.715,0.80268,0.80283,2.25,3.38
2012.06.28 04:48:43.733,0.80267,0.80282,3.00,1.50
2012.06.28 04:48:46.203,0.80267,0.8028,3.00,1.50
2012.06.28 04:48:48.045,0.80268,0.8028,1.50,1.50
2012.06.28 04:48:48.444,0.80268,0.80282,1.50,3.00
2012.06.28 04:48:51.482,0.80268,0.80283,1.50,3.00
2012.06.28 04:48:54.466,0.80267,0.80283,4.50,3.00
2012.06.28 04:48:55.325,0.80268,0.80283,1.50,2.25
2012.06.28 04:49:01.412,0.8027,0.80284,2.25,4.50
2012.06.28 04:49:03.642,0.80268,0.80284,5.25,3.38
2012.06.28 04:49:11.413,0.80269,0.80282,1.50,1.88
2012.06.28 04:49:25.256,0.80269,0.80282,1.50,1.88
2012.06.28 04:49:25.465,0.80268,0.8028,2.25,1.50
2012.06.28 04:49:26.047,0.80268,0.8028,2.25,1.50
2012.06.28 04:49:26.480,0.8027,0.80281,1.50,1.50
2012.06.28 04:49:27.185,0.8027,0.80282,1.50,1.13
2012.06.28 04:49:27.746,0.80271,0.80284,1.50,2.25
2012.06.28 04:49:29.997,0.80271,0.80283,1.50,1.50
2012.06.28 04:49:32.305,0.80272,0.80283,1.50,1.50
2012.06.28 04:49:32.867,0.80271,0.80284,1.50,1.50
2012.06.28 04:49:37.884,0.80271,0.80283,1.50,1.88
2012.06.28 04:49:38.435,0.80271,0.80283,1.50,1.50
2012.06.28 04:49:41.933,0.80272,0.80284,1.50,1.50
2012.06.28 04:49:43.619,0.80271,0.80284,1.50,2.25
2012.06.28 04:49:46.486,0.80271,0.80285,2.25,2.63
2012.06.28 04:49:47.034,0.80273,0.80285,1.50,1.13
2012.06.28 04:49:47.574,0.80271,0.80285,4.50,1.88
2012.06.28 04:49:47.924,0.80271,0.80284,1.50,1.50
2012.06.28 04:49:55.165,0.80271,0.80284,3.00,1.50
2012.06.28 04:49:55.725,0.80273,0.80285,1.50,1.88
2012.06.28 04:49:56.947,0.80271,0.80284,2.25,2.25
2012.06.28 04:50:06.185,0.80272,0.80282,2.25,1.13
2012.06.28 04:50:07.384,0.80271,0.80282,1.50,1.13
2012.06.28 04:50:11.807,0.80271,0.80283,2.25,1.88
2012.06.28 04:50:14.518,0.80271,0.80283,1.50,1.88
2012.06.28 04:50:14.666,0.80271,0.80284,2.63,1.13
2012.06.28 04:50:14.737,0.80272,0.80285,2.25,1.13
2012.06.28 04:50:15.017,0.80274,0.80287,1.50,1.50
2012.06.28 04:50:15.510,0.80274,0.80288,2.63,1.13
2012.06.28 04:50:16.718,0.80276,0.8029,1.13,3.38
2012.06.28 04:50:21.131,0.80274,0.80284,1.50,1.88
2012.06.28 04:50:21.675,0.80271,0.80283,2.25,1.50
2012.06.28 04:50:27.696,0.80273,0.80287,4.88,3.38
2012.06.28 04:50:28.623,0.80273,0.80287,4.88,2.63
2012.06.28 04:50:28.974,0.80276,0.80287,2.25,1.13
2012.06.28 04:50:29.515,0.80276,0.80287,2.25,1.13
2012.06.28 04:50:34.255,0.80275,0.80287,1.50,1.13
2012.06.28 04:50:34.606,0.80275,0.80287,3.00,1.13
2012.06.28 04:50:35.153,0.80276,0.80287,1.50,1.13
2012.06.28 04:51:04.793,0.80275,0.80287,3.75,1.13
2012.06.28 04:51:06.606,0.80275,0.80288,3.00,1.13
2012.06.28 04:51:08.866,0.80275,0.80288,3.00,1.13
2012.06.28 04:51:09.744,0.80275,0.80288,3.00,1.13
2012.06.28 04:51:10.774,0.80274,0.80288,3.00,2.63
2012.06.28 04:51:21.216,0.80274,0.80288,2.25,2.63
2012.06.28 04:51:21.726,0.80275,0.80289,3.00,1.50
2012.06.28 04:51:29.038,0.80275,0.80287,2.25,1.13
2012.06.28 04:51:29.535,0.80275,0.80289,2.63,1.88
2012.06.28 04:51:32.245,0.80275,0.80289,1.88,1.13
2012.06.28 04:52:05.952,0.80275,0.80289,1.88,1.88
2012.06.28 04:52:09.285,0.80274,0.80288,3.00,1.50
2012.06.28 04:52:09.354,0.80274,0.80288,3.00,1.50
2012.06.28 04:52:09.868,0.80274,0.80288,3.75,1.50
2012.06.28 04:52:10.425,0.80275,0.80289,3.00,2.63
2012.06.28 04:52:11.250,0.80276,0.80289,1.13,1.50
2012.06.28 04:52:11.328,0.80276,0.80289,1.88,1.50
2012.06.28 04:52:11.688,0.80278,0.80289,2.63,1.50
2012.06.28 04:52:12.184,0.80278,0.80291,3.38,1.50
2012.06.28 04:52:12.326,0.80278,0.80291,3.38,1.50
2012.06.28 04:52:12.886,0.80277,0.8029,1.50,1.50
2012.06.28 04:52:13.389,0.80275,0.80289,2.63,1.50
2012.06.28 04:52:20.914,0.80275,0.80288,1.50,1.13
2012.06.28 04:52:21.476,0.80274,0.80288,2.63,1.13
2012.06.28 04:52:30.367,0.80275,0.80288,3.00,1.13
2012.06.28 04:52:30.869,0.80275,0.80288,3.00,1.13
2012.06.28 04:52:35.220,0.80275,0.80288,1.50,2.63
2012.06.28 04:52:35.837,0.80275,0.80288,1.50,2.63
2012.06.28 04:52:36.335,0.80275,0.80288,1.50,1.13
2012.06.28 04:52:41.023,0.80275,0.80288,1.50,1.13
2012.06.28 04:52:45.113,0.80274,0.80288,2.63,1.13
2012.06.28 04:52:50.757,0.80275,0.80288,1.50,1.13
2012.06.28 04:52:50.826,0.80275,0.80288,1.50,1.13
2012.06.28 04:52:50.897,0.80275,0.80285,1.50,1.13
2012.06.28 04:52:50.977,0.80274,0.80285,3.75,1.13
2012.06.28 04:52:51.128,0.80274,0.80287,3.75,1.13
2012.06.28 04:52:51.212,0.80274,0.80287,3.75,1.13
2012.06.28 04:52:51.288,0.80274,0.80287,3.75,1.13
2012.06.28 04:52:51.907,0.80274,0.80287,3.00,1.13
2012.06.28 04:52:58.065,0.80274,0.80283,3.00,1.13
2012.06.28 04:52:58.415,0.80273,0.80286,3.38,1.50
2012.06.28 04:52:58.487,0.80273,0.80287,3.38,3.06
2012.06.28 04:52:58.625,0.80273,0.80283,3.75,1.13
2012.06.28 04:52:59.164,0.80271,0.80283,2.25,1.88
2012.06.28 04:53:01.254,0.80271,0.80283,2.25,1.88
2012.06.28 04:53:09.686,0.80274,0.80287,1.50,2.68
2012.06.28 04:53:10.238,0.80274,0.80288,3.00,3.38
2012.06.28 04:53:10.304,0.80274,0.80288,3.00,3.38
2012.06.28 04:53:19.103,0.80274,0.80288,2.25,3.38
2012.06.28 04:53:19.455,0.80271,0.80283,2.25,1.88
2012.06.28 04:53:19.734,0.80271,0.80283,2.25,1.88
2012.06.28 04:53:22.455,0.80271,0.80283,2.25,1.88
2012.06.28 04:53:27.395,0.80271,0.80283,2.25,1.88
2012.06.28 04:53:30.045,0.80271,0.80283,2.25,1.88
2012.06.28 04:53:34.378,0.8027,0.80283,3.00,1.13
2012.06.28 04:53:34.667,0.8027,0.80283,3.00,1.13
2012.06.28 04:53:42.054,0.8027,0.80283,3.00,1.13
2012.06.28 04:53:42.607,0.80272,0.80283,2.25,1.13
2012.06.28 04:53:43.355,0.8027,0.80284,3.00,1.50
2012.06.28 04:53:44.916,0.80273,0.80286,1.50,2.25
2012.06.28 04:53:52.954,0.80273,0.80286,1.50,1.50
2012.06.28 04:53:53.504,0.80272,0.80285,1.50,1.50
2012.06.28 04:53:55.526,0.80272,0.80285,1.50,1.50
2012.06.28 04:53:56.077,0.80272,0.80287,1.50,3.75
2012.06.28 04:54:03.302,0.80272,0.80283,1.50,1.13
2012.06.28 04:54:05.744,0.8027,0.80283,3.00,1.13
2012.06.28 04:54:14.744,0.80271,0.80283,1.50,1.13
2012.06.28 04:54:15.274,0.80271,0.80283,1.50,1.13
2012.06.28 04:54:18.385,0.80271,0.80283,1.50,1.50
2012.06.28 04:54:19.662,0.80271,0.80283,1.50,1.50
2012.06.28 04:54:22.695,0.8027,0.80283,3.75,1.50
2012.06.28 04:54:23.090,0.8027,0.80283,3.75,1.50
2012.06.28 04:54:29.780,0.8027,0.80283,1.50,1.50
2012.06.28 04:54:48.311,0.8027,0.80282,1.50,1.13
2012.06.28 04:54:51.287,0.8027,0.80282,3.00,1.13
2012.06.28 04:55:01.570,0.8027,0.80282,1.50,1.50
2012.06.28 04:55:01.715,0.8027,0.80282,1.50,1.50
2012.06.28 04:55:07.184,0.8027,0.80282,1.50,1.50
2012.06.28 04:55:12.143,0.8027,0.80282,1.50,1.50
2012.06.28 04:55:12.582,0.8027,0.80282,1.50,1.50
2012.06.28 04:55:13.562,0.8027,0.80282,1.50,1.13
2012.06.28 04:55:14.108,0.8027,0.80283,1.50,1.50
2012.06.28 04:55:14.542,0.80271,0.80283,1.50,1.50
2012.06.28 04:55:15.178,0.80271,0.80283,1.50,1.50
2012.06.28 04:55:21.985,0.80271,0.80283,1.50,1.50
2012.06.28 04:55:23.597,0.80271,0.80283,1.50,1.50
2012.06.28 04:55:24.145,0.80271,0.80283,1.50,1.50
2012.06.28 04:55:30.736,0.80271,0.80283,1.50,1.50
2012.06.28 04:55:31.725,0.80271,0.80283,1.50,3.00
2012.06.28 04:55:35.119,0.80271,0.80283,1.50,1.50
2012.06.28 04:55:50.555,0.8027,0.80283,1.50,1.50
2012.06.28 04:55:52.005,0.80271,0.80283,1.50,1.50
2012.06.28 04:55:52.754,0.8027,0.80283,1.50,1.50
2012.06.28 04:55:54.384,0.8027,0.80283,1.50,1.50
2012.06.28 04:56:01.002,0.8027,0.80284,1.50,1.50
2012.06.28 04:56:07.048,0.8027,0.80284,1.50,1.50
2012.06.28 04:56:07.604,0.8027,0.80284,1.50,1.50
2012.06.28 04:56:15.052,0.8027,0.80284,3.00,1.50
2012.06.28 04:56:21.334,0.80272,0.80283,1.50,1.50
2012.06.28 04:56:21.937,0.8027,0.80283,1.50,3.00
2012.06.28 04:56:25.103,0.8027,0.80283,1.50,1.50
2012.06.28 04:56:26.933,0.8027,0.80283,1.50,1.50
2012.06.28 04:56:32.797,0.80271,0.80284,1.50,3.00
2012.06.28 04:56:33.355,0.80272,0.80284,1.50,3.00
2012.06.28 04:56:33.426,0.80272,0.80284,1.50,3.00
2012.06.28 04:56:33.972,0.80271,0.80284,1.50,3.00
2012.06.28 04:56:34.876,0.8027,0.80284,3.00,1.50
2012.06.28 04:56:35.395,0.80271,0.80284,1.50,1.50
2012.06.28 04:56:36.060,0.80271,0.80284,1.50,1.50
2012.06.28 04:56:40.714,0.8027,0.80284,1.50,1.50
2012.06.28 04:56:41.464,0.8027,0.80283,1.50,1.88
2012.06.28 04:56:41.597,0.8027,0.80284,1.50,1.50
2012.06.28 04:56:45.574,0.8027,0.80284,1.50,1.50
2012.06.28 04:56:48.377,0.80273,0.80284,1.50,1.50
2012.06.28 04:56:48.856,0.8027,0.80284,3.38,1.50
2012.06.28 04:56:49.057,0.80271,0.80282,1.50,1.50
2012.06.28 04:56:49.266,0.8027,0.80282,2.25,1.50
2012.06.28 04:56:49.476,0.8027,0.80282,2.25,1.50
2012.06.28 04:56:49.977,0.8027,0.80282,3.00,1.50
2012.06.28 04:56:51.727,0.8027,0.80285,3.00,3.00
2012.06.28 04:56:52.237,0.80271,0.80283,2.25,3.00
2012.06.28 04:56:52.738,0.8027,0.80283,1.50,3.00
2012.06.28 04:56:52.816,0.8027,0.80283,1.50,3.00
2012.06.28 04:56:55.349,0.8027,0.80283,3.00,1.50
2012.06.28 04:56:56.418,0.8027,0.80283,2.25,1.50
2012.06.28 04:56:56.637,0.8028,0.80285,1.13,1.50
2012.06.28 04:56:56.715,0.80273,0.80285,4.73,1.88
2012.06.28 04:56:56.796,0.80275,0.80285,1.13,1.50
2012.06.28 04:56:56.996,0.80276,0.80285,1.50,1.50
2012.06.28 04:56:57.136,0.80278,0.80288,1.88,2.25
2012.06.28 04:56:57.206,0.80278,0.80289,1.88,1.50
2012.06.28 04:56:57.743,0.80278,0.8029,1.88,1.50
2012.06.28 04:56:58.304,0.80278,0.8029,2.63,1.50
2012.06.28 04:56:58.864,0.80278,0.80291,2.63,1.50
2012.06.28 04:57:00.536,0.80278,0.80291,2.63,1.50
2012.06.28 04:57:01.816,0.80278,0.80291,2.63,1.50
2012.06.28 04:57:02.135,0.80281,0.80291,1.13,1.50
2012.06.28 04:57:02.856,0.80281,0.80293,1.88,2.25
2012.06.28 04:57:03.384,0.80281,0.80293,1.88,1.50
2012.06.28 04:57:08.255,0.80281,0.80293,1.88,1.50
2012.06.28 04:57:08.607,0.80283,0.80294,1.50,2.63
2012.06.28 04:57:10.312,0.80284,0.80294,2.25,1.50
2012.06.28 04:57:10.392,0.80284,0.80297,2.25,2.63
2012.06.28 04:57:11.599,0.80283,0.80295,2.63,1.50
2012.06.28 04:57:11.817,0.80283,0.80295,2.63,1.50
2012.06.28 04:57:12.537,0.80283,0.80295,2.63,1.50
2012.06.28 04:57:20.044,0.80283,0.80295,3.38,1.50
2012.06.28 04:57:32.418,0.80283,0.80295,2.63,1.50
2012.06.28 04:57:32.547,0.80283,0.80297,2.63,3.00
2012.06.28 04:57:33.073,0.80283,0.80297,3.38,3.00
2012.06.28 04:57:35.173,0.80283,0.80297,3.38,3.00
2012.06.28 04:57:36.164,0.80283,0.80296,3.38,1.50
2012.06.28 04:57:38.303,0.80283,0.80296,1.13,1.50
2012.06.28 04:57:51.924,0.80283,0.80297,3.38,4.50
2012.06.28 04:58:05.526,0.80283,0.80296,2.25,1.50
2012.06.28 04:58:12.706,0.80283,0.80293,1.13,1.50
2012.06.28 04:58:13.056,0.80281,0.80293,2.63,2.25
2012.06.28 04:58:13.901,0.80281,0.80292,1.88,1.50
2012.06.28 04:58:14.116,0.80278,0.80292,2.63,2.63
2012.06.28 04:58:14.325,0.80278,0.80292,2.63,2.63
2012.06.28 04:58:14.876,0.8028,0.80292,1.88,1.50
2012.06.28 04:58:15.428,0.80281,0.80292,1.13,1.50
2012.06.28 04:58:16.186,0.80279,0.80292,1.50,1.50
2012.06.28 04:58:16.387,0.80281,0.80292,1.13,1.50
2012.06.28 04:58:16.995,0.80279,0.80292,1.50,1.50
2012.06.28 04:58:17.535,0.80279,0.80292,1.50,1.88
2012.06.28 04:58:19.312,0.80277,0.80292,3.38,1.88
2012.06.28 04:58:24.895,0.80281,0.80292,1.13,1.88
2012.06.28 04:58:25.436,0.80278,0.80292,3.38,3.38
2012.06.28 04:58:32.839,0.80278,0.80292,1.50,1.50
2012.06.28 04:58:45.694,0.80278,0.80291,3.00,1.50
2012.06.28 04:58:50.244,0.80278,0.80291,3.00,1.50
2012.06.28 04:58:51.823,0.8028,0.8029,1.88,1.50
2012.06.28 04:58:52.386,0.80278,0.8029,2.25,1.50
2012.06.28 04:58:52.515,0.80278,0.80292,2.25,2.63
2012.06.28 04:58:57.145,0.8028,0.80292,1.88,1.50
2012.06.28 04:58:58.664,0.8028,0.80292,1.88,1.50
2012.06.28 04:58:59.206,0.8028,0.80292,1.88,1.50
2012.06.28 04:58:59.745,0.8028,0.80293,1.88,1.50
2012.06.28 04:59:00.276,0.8028,0.80293,1.88,1.50
2012.06.28 04:59:00.835,0.8028,0.80293,1.88,2.25
2012.06.28 04:59:01.454,0.80278,0.80292,2.63,1.50
2012.06.28 04:59:02.245,0.80278,0.80293,2.63,2.25
2012.06.28 04:59:03.204,0.80278,0.80292,2.63,1.50
2012.06.28 04:59:03.847,0.80278,0.80293,2.63,2.25
2012.06.28 04:59:04.404,0.80278,0.80292,2.63,1.50
2012.06.28 04:59:04.914,0.80278,0.80293,2.63,2.25
2012.06.28 04:59:05.524,0.80278,0.80292,2.63,1.50
2012.06.28 04:59:06.034,0.80278,0.80293,2.63,1.50
2012.06.28 04:59:06.913,0.80278,0.80292,2.63,1.50
2012.06.28 04:59:08.573,0.80278,0.80293,2.63,1.50
2012.06.28 04:59:09.075,0.80278,0.80292,3.38,1.50
2012.06.28 04:59:10.884,0.80278,0.80293,2.63,1.50
2012.06.28 04:59:12.213,0.80278,0.80292,2.63,1.50
2012.06.28 04:59:16.373,0.80278,0.80293,2.63,1.50
2012.06.28 04:59:23.813,0.80278,0.80292,2.63,1.50
2012.06.28 04:59:24.934,0.80278,0.80293,2.63,1.50
2012.06.28 04:59:25.487,0.80278,0.80292,2.63,1.50
2012.06.28 04:59:26.042,0.80278,0.80293,3.38,1.50
2012.06.28 04:59:36.324,0.80281,0.80295,2.63,1.88
2012.06.28 04:59:36.894,0.80281,0.80294,2.63,1.50
2012.06.28 04:59:38.314,0.80281,0.80294,2.63,1.50
2012.06.28 04:59:40.426,0.8028,0.80292,1.50,1.13
2012.06.28 04:59:41.194,0.80279,0.80292,1.50,1.88
2012.06.28 04:59:41.405,0.80279,0.80292,1.50,1.88
2012.06.28 04:59:48.655,0.80278,0.80292,4.88,1.88
2012.06.28 04:59:48.867,0.80281,0.80291,1.13,1.50
2012.06.28 04:59:49.074,0.80281,0.80293,1.88,1.50
2012.06.28 04:59:51.695,0.80281,0.80293,1.88,1.50
2012.06.28 04:59:58.317,0.80281,0.80293,1.13,1.50
2012.06.28 04:59:59.714,0.80281,0.80293,1.88,1.50
