2014.10.20 05:00:04.973,0.79186,0.79195,1.00,2.81
2014.10.20 05:00:12.356,0.79186,0.79194,1.00,2.06
2014.10.20 05:00:12.559,0.79186,0.79193,1.00,2.06
2014.10.20 05:00:12.611,0.79183,0.79192,1.00,1.62
2014.10.20 05:00:12.814,0.79181,0.79191,1.00,2.06
2014.10.20 05:00:12.967,0.79181,0.79191,1.00,2.81
2014.10.20 05:00:13.474,0.79181,0.79188,1.00,1.25
2014.10.20 05:00:14.397,0.79181,0.79189,1.00,2.06
2014.10.20 05:00:14.953,0.79181,0.79189,1.00,2.06
2014.10.20 05:00:15.358,0.79181,0.79191,1.12,1.25
2014.10.20 05:00:15.409,0.79183,0.79191,1.00,1.00
2014.10.20 05:00:15.714,0.79186,0.79194,1.00,1.69
2014.10.20 05:00:16.222,0.79187,0.79195,1.87,1.19
2014.10.20 05:00:16.930,0.79187,0.79196,1.87,1.69
2014.10.20 05:00:17.596,0.79188,0.79196,1.87,1.69
2014.10.20 05:00:27.826,0.79189,0.79196,1.87,1.25
2014.10.20 05:00:27.928,0.7919,0.79198,1.12,2.25
2014.10.20 05:00:28.386,0.79193,0.79198,1.87,1.00
2014.10.20 05:00:31.551,0.79193,0.79201,1.87,1.25
2014.10.20 05:00:32.110,0.79195,0.79202,1.87,1.25
2014.10.20 05:00:35.854,0.79195,0.79202,1.00,1.00
2014.10.20 05:00:40.015,0.79195,0.79201,1.00,1.00
2014.10.20 05:01:08.801,0.79196,0.79201,1.00,1.00
2014.10.20 05:01:19.644,0.79194,0.79201,1.50,1.00
2014.10.20 05:01:20.704,0.79195,0.79201,1.00,1.00
2014.10.20 05:01:21.623,0.79194,0.79201,1.50,1.00
2014.10.20 05:01:32.368,0.79194,0.792,1.00,1.00
2014.10.20 05:01:32.876,0.79193,0.792,1.00,1.00
2014.10.20 05:01:32.927,0.79191,0.792,1.25,1.00
2014.10.20 05:01:33.435,0.7919,0.79199,1.00,1.25
2014.10.20 05:01:33.486,0.79187,0.79197,1.69,1.50
2014.10.20 05:01:33.691,0.79188,0.79195,1.00,1.00
2014.10.20 05:01:34.147,0.7919,0.79199,1.00,1.25
2014.10.20 05:01:34.350,0.79189,0.79197,1.00,1.00
2014.10.20 05:01:44.507,0.79189,0.79198,1.25,1.00
2014.10.20 05:01:46.076,0.79187,0.79198,4.31,1.00
2014.10.20 05:01:46.588,0.79189,0.79198,1.00,1.00
2014.10.20 05:01:51.517,0.79188,0.79198,1.00,1.00
2014.10.20 05:01:52.032,0.79189,0.79198,1.00,1.00
2014.10.20 05:01:53.037,0.79191,0.79198,1.25,1.00
2014.10.20 05:01:53.191,0.7919,0.792,1.69,1.00
2014.10.20 05:01:54.014,0.7919,0.792,1.25,1.00
2014.10.20 05:02:01.660,0.79189,0.79198,1.00,1.00
2014.10.20 05:02:02.089,0.79187,0.79195,1.69,1.00
2014.10.20 05:02:02.641,0.79187,0.79195,1.25,1.00
2014.10.20 05:02:12.750,0.79185,0.79195,1.19,1.00
2014.10.20 05:02:12.953,0.79184,0.79195,1.25,1.50
2014.10.20 05:02:17.888,0.79184,0.79195,1.69,1.69
2014.10.20 05:02:20.887,0.79184,0.79195,1.25,2.44
2014.10.20 05:02:21.890,0.79184,0.79195,1.00,1.69
2014.10.20 05:02:23.408,0.79184,0.79195,1.00,2.06
2014.10.20 05:02:23.736,0.79182,0.79192,1.69,1.25
2014.10.20 05:02:23.939,0.79182,0.7919,1.69,1.00
2014.10.20 05:02:24.456,0.79182,0.79191,1.25,1.00
2014.10.20 05:02:24.996,0.79182,0.7919,1.00,1.00
2014.10.20 05:02:25.505,0.79182,0.79191,1.00,1.50
2014.10.20 05:02:26.012,0.79182,0.7919,1.00,1.31
2014.10.20 05:02:34.128,0.79182,0.79191,1.00,1.31
2014.10.20 05:02:37.231,0.79182,0.79191,1.00,2.06
2014.10.20 05:02:37.761,0.79182,0.79189,1.00,1.00
2014.10.20 05:02:38.289,0.79182,0.79191,1.00,1.69
2014.10.20 05:02:38.492,0.79182,0.79192,1.00,1.31
2014.10.20 05:02:40.189,0.79183,0.79192,1.00,1.12
2014.10.20 05:02:47.964,0.79183,0.79193,1.00,1.69
2014.10.20 05:02:57.580,0.79183,0.79193,1.00,2.44
2014.10.20 05:03:02.622,0.79183,0.79193,1.00,1.69
2014.10.20 05:03:04.611,0.79183,0.79193,1.00,2.44
2014.10.20 05:03:05.611,0.79183,0.79193,1.00,1.69
2014.10.20 05:03:13.622,0.79183,0.79193,1.50,1.69
2014.10.20 05:03:14.665,0.79183,0.79193,1.50,1.25
2014.10.20 05:03:31.680,0.79183,0.79194,1.50,2.06
2014.10.20 05:03:32.717,0.79183,0.79193,1.50,1.19
2014.10.20 05:03:38.182,0.79183,0.79194,2.06,1.50
2014.10.20 05:03:38.233,0.79185,0.79194,1.00,1.00
2014.10.20 05:03:38.489,0.79186,0.79196,1.00,1.00
2014.10.20 05:03:38.743,0.79188,0.79197,1.00,1.25
2014.10.20 05:03:39.252,0.79191,0.79198,1.00,1.00
2014.10.20 05:03:39.404,0.79191,0.79201,1.50,1.00
2014.10.20 05:03:39.709,0.79193,0.79202,1.00,1.00
2014.10.20 05:03:41.629,0.79196,0.79205,1.00,1.69
2014.10.20 05:03:42.136,0.79196,0.79207,1.00,2.44
2014.10.20 05:03:42.925,0.79196,0.79207,1.00,1.50
2014.10.20 05:03:55.750,0.79197,0.79207,1.00,1.25
2014.10.20 05:04:02.877,0.79199,0.79207,1.00,1.00
2014.10.20 05:04:08.981,0.79199,0.79207,1.00,1.69
2014.10.20 05:04:09.988,0.79199,0.79207,1.00,1.00
2014.10.20 05:04:14.119,0.79198,0.79207,1.00,1.00
2014.10.20 05:04:14.221,0.79198,0.79209,2.25,1.12
2014.10.20 05:04:14.423,0.79201,0.79208,1.00,1.00
2014.10.20 05:04:14.526,0.79201,0.7921,1.00,2.62
2014.10.20 05:04:14.628,0.79198,0.79209,2.25,1.00
2014.10.20 05:04:15.389,0.79198,0.79209,1.00,3.94
2014.10.20 05:04:19.549,0.79198,0.79209,1.00,3.19
2014.10.20 05:04:20.510,0.79198,0.79209,1.00,2.44
2014.10.20 05:04:21.338,0.79197,0.79207,1.00,1.00
2014.10.20 05:04:24.056,0.79197,0.79204,1.00,1.00
2014.10.20 05:04:34.360,0.79196,0.79204,2.44,1.00
2014.10.20 05:04:34.866,0.79199,0.79207,1.00,1.00
2014.10.20 05:04:35.121,0.79199,0.79209,1.50,1.25
2014.10.20 05:04:38.160,0.79201,0.7921,1.00,1.00
2014.10.20 05:04:39.296,0.79199,0.7921,2.44,1.00
2014.10.20 05:04:40.172,0.79202,0.79211,1.00,2.44
2014.10.20 05:04:47.188,0.79201,0.79209,1.50,1.00
2014.10.20 05:05:04.633,0.79201,0.79208,1.00,1.25
2014.10.20 05:05:04.685,0.79198,0.79206,1.00,1.00
2014.10.20 05:05:04.989,0.79196,0.79206,1.69,1.00
2014.10.20 05:05:31.691,0.79196,0.79205,1.00,1.00
2014.10.20 05:05:35.460,0.79196,0.79206,1.00,3.00
2014.10.20 05:05:37.330,0.79196,0.79205,1.00,1.00
2014.10.20 05:05:38.919,0.79196,0.79206,1.00,2.44
2014.10.20 05:05:44.094,0.79196,0.79205,1.00,1.00
2014.10.20 05:05:52.437,0.79196,0.79206,1.50,2.44
2014.10.20 05:06:15.925,0.79196,0.79206,1.37,1.00
2014.10.20 05:06:16.078,0.79198,0.79208,1.25,1.25
2014.10.20 05:06:26.653,0.79199,0.79208,1.00,1.69
2014.10.20 05:06:29.837,0.792,0.79208,1.00,1.00
2014.10.20 05:06:30.448,0.792,0.79211,1.50,2.44
2014.10.20 05:06:31.495,0.792,0.79211,1.50,1.50
2014.10.20 05:06:43.337,0.792,0.79211,1.00,1.87
2014.10.20 05:06:43.844,0.792,0.79211,1.00,1.50
2014.10.20 05:06:44.372,0.792,0.79211,1.25,2.44
2014.10.20 05:06:48.105,0.792,0.79211,1.00,2.81
2014.10.20 05:06:48.359,0.79198,0.79206,1.00,1.00
2014.10.20 05:06:48.460,0.79196,0.79205,1.00,1.00
2014.10.20 05:06:48.967,0.79195,0.79205,2.44,1.00
2014.10.20 05:06:49.252,0.79195,0.79203,1.69,1.00
2014.10.20 05:07:09.403,0.79195,0.79204,1.00,1.00
2014.10.20 05:07:09.707,0.79192,0.79201,3.19,1.00
2014.10.20 05:07:10.227,0.79192,0.79201,1.00,1.00
2014.10.20 05:07:10.763,0.7919,0.79201,3.19,1.00
2014.10.20 05:07:20.947,0.79191,0.792,1.00,1.00
2014.10.20 05:07:21.570,0.79191,0.79201,1.00,1.00
2014.10.20 05:07:26.217,0.79192,0.79201,1.00,1.00
2014.10.20 05:07:26.723,0.79191,0.79201,1.25,2.25
2014.10.20 05:07:27.460,0.79191,0.792,1.25,1.00
2014.10.20 05:07:27.963,0.79191,0.79201,1.25,1.00
2014.10.20 05:07:32.780,0.7919,0.79201,2.44,1.00
2014.10.20 05:07:37.799,0.7919,0.79201,3.19,1.00
2014.10.20 05:07:38.800,0.7919,0.79201,2.44,1.00
2014.10.20 05:07:39.624,0.79191,0.79201,1.00,1.00
2014.10.20 05:07:41.934,0.7919,0.79201,1.69,1.00
2014.10.20 05:07:48.160,0.79192,0.79201,1.00,1.25
2014.10.20 05:07:55.844,0.79192,0.79201,1.00,1.69
2014.10.20 05:08:01.888,0.79192,0.79201,1.00,1.00
2014.10.20 05:08:30.377,0.79193,0.79202,1.00,1.25
2014.10.20 05:08:32.258,0.79193,0.79204,1.69,1.00
2014.10.20 05:08:32.411,0.79195,0.79204,1.00,1.00
2014.10.20 05:08:32.462,0.79196,0.79206,1.00,1.00
2014.10.20 05:08:33.009,0.79196,0.79207,1.00,2.44
2014.10.20 05:08:33.765,0.79197,0.79207,1.00,1.00
2014.10.20 05:08:35.292,0.79197,0.79205,1.00,1.00
2014.10.20 05:08:35.853,0.79197,0.79208,1.50,1.00
2014.10.20 05:08:36.370,0.79198,0.79208,1.00,1.00
2014.10.20 05:08:40.480,0.79198,0.79207,1.00,1.62
2014.10.20 05:08:40.582,0.79196,0.79205,1.00,1.25
2014.10.20 05:08:40.785,0.79194,0.79204,1.00,1.50
2014.10.20 05:08:40.839,0.79193,0.79202,1.25,1.00
2014.10.20 05:08:41.145,0.79192,0.792,1.00,1.00
2014.10.20 05:08:41.450,0.7919,0.792,1.50,1.00
2014.10.20 05:08:43.098,0.7919,0.792,1.00,3.19
2014.10.20 05:08:44.688,0.7919,0.79198,1.00,1.00
2014.10.20 05:08:45.050,0.79188,0.79198,1.50,1.00
2014.10.20 05:08:45.202,0.79193,0.79199,1.00,1.69
2014.10.20 05:08:45.723,0.79193,0.792,1.00,1.69
2014.10.20 05:08:45.875,0.79189,0.792,1.00,2.44
2014.10.20 05:08:46.078,0.79192,0.79201,1.00,1.19
2014.10.20 05:08:46.592,0.79192,0.79201,1.00,1.56
2014.10.20 05:08:47.143,0.79192,0.792,1.00,1.12
2014.10.20 05:08:49.688,0.79192,0.79201,1.00,1.00
2014.10.20 05:08:50.196,0.79192,0.79201,1.00,1.37
2014.10.20 05:08:50.501,0.79189,0.79199,1.25,1.62
2014.10.20 05:08:50.654,0.79189,0.79198,1.00,1.31
2014.10.20 05:08:51.954,0.79189,0.792,1.00,3.56
2014.10.20 05:08:52.822,0.7919,0.792,1.19,2.25
2014.10.20 05:08:53.126,0.79193,0.79202,1.00,3.56
2014.10.20 05:08:59.158,0.79193,0.79202,1.00,2.81
2014.10.20 05:08:59.863,0.79193,0.79201,1.00,1.31
2014.10.20 05:09:00.381,0.79193,0.79201,1.00,2.06
2014.10.20 05:09:01.550,0.79193,0.79201,1.00,1.31
2014.10.20 05:09:04.142,0.79192,0.792,1.00,1.25
2014.10.20 05:09:04.803,0.79195,0.79202,1.00,1.69
2014.10.20 05:09:05.007,0.79195,0.79204,1.00,1.25
2014.10.20 05:09:12.527,0.79196,0.79204,1.00,1.00
2014.10.20 05:09:46.452,0.79196,0.79204,1.37,1.00
2014.10.20 05:09:46.604,0.79198,0.79207,1.00,1.00
2014.10.20 05:09:46.909,0.79199,0.7921,1.31,1.50
2014.10.20 05:09:47.786,0.79199,0.7921,1.69,1.50
2014.10.20 05:09:48.809,0.792,0.7921,1.19,1.50
2014.10.20 05:09:51.881,0.79199,0.7921,2.81,1.50
2014.10.20 05:09:53.139,0.79201,0.7921,1.00,1.50
2014.10.20 05:09:53.649,0.79202,0.7921,1.00,1.31
2014.10.20 05:09:53.955,0.79197,0.79208,1.69,1.00
2014.10.20 05:09:54.057,0.79196,0.79205,1.69,1.00
2014.10.20 05:09:54.159,0.79194,0.79205,1.69,1.00
2014.10.20 05:09:54.666,0.79194,0.79204,1.00,1.00
2014.10.20 05:10:14.385,0.79194,0.79204,1.50,1.69
2014.10.20 05:10:27.411,0.79194,0.79204,1.50,1.25
2014.10.20 05:10:36.387,0.79194,0.79204,1.50,1.37
2014.10.20 05:10:36.793,0.79192,0.79201,1.00,1.62
2014.10.20 05:10:37.675,0.79192,0.792,1.00,1.19
2014.10.20 05:10:39.120,0.79192,0.79198,1.00,1.00
2014.10.20 05:10:39.803,0.79192,0.792,1.00,2.06
2014.10.20 05:10:40.408,0.7919,0.792,1.00,2.81
2014.10.20 05:10:46.587,0.79193,0.792,1.00,1.19
2014.10.20 05:10:46.791,0.79193,0.79201,1.00,2.81
2014.10.20 05:10:47.519,0.79193,0.792,1.00,1.00
2014.10.20 05:10:54.816,0.79193,0.79201,1.00,2.81
2014.10.20 05:10:56.823,0.79193,0.79201,1.00,3.56
2014.10.20 05:11:04.743,0.79193,0.79201,1.00,4.69
2014.10.20 05:11:05.150,0.7919,0.79199,1.00,1.25
2014.10.20 05:11:05.202,0.7919,0.79198,1.00,1.19
2014.10.20 05:11:05.506,0.79193,0.79199,1.00,1.00
2014.10.20 05:11:05.811,0.79193,0.79201,1.00,1.12
2014.10.20 05:11:11.867,0.79195,0.79205,1.00,2.81
2014.10.20 05:11:12.728,0.79195,0.79205,1.00,1.69
2014.10.20 05:11:18.750,0.79195,0.79205,1.00,1.69
2014.10.20 05:11:21.781,0.79195,0.79205,1.00,1.25
2014.10.20 05:11:29.330,0.79196,0.79205,1.00,1.25
2014.10.20 05:11:29.935,0.79195,0.79205,1.25,1.00
2014.10.20 05:11:34.497,0.79195,0.79205,2.06,1.50
2014.10.20 05:11:35.536,0.79196,0.79205,1.69,1.00
2014.10.20 05:11:36.502,0.79196,0.79205,1.25,1.00
2014.10.20 05:11:37.386,0.79195,0.79205,1.50,1.00
2014.10.20 05:11:38.298,0.79195,0.79203,1.00,1.00
2014.10.20 05:12:00.615,0.79193,0.79202,1.00,1.00
2014.10.20 05:12:01.356,0.79192,0.79202,1.25,1.50
2014.10.20 05:12:02.705,0.79192,0.79202,1.00,2.44
2014.10.20 05:12:07.691,0.79192,0.79202,1.00,1.69
2014.10.20 05:12:08.685,0.79192,0.79202,1.00,2.44
2014.10.20 05:12:09.700,0.79192,0.79202,1.00,1.69
2014.10.20 05:12:34.614,0.79193,0.79202,1.00,1.00
2014.10.20 05:12:34.919,0.79195,0.79205,1.00,1.50
2014.10.20 05:12:56.033,0.79195,0.79205,1.00,1.69
2014.10.20 05:12:57.054,0.79195,0.79205,1.00,1.69
2014.10.20 05:12:57.756,0.79195,0.79204,1.00,1.00
2014.10.20 05:12:57.807,0.79192,0.79202,1.69,1.00
2014.10.20 05:12:58.476,0.79192,0.79202,1.50,2.81
2014.10.20 05:12:59.825,0.79192,0.792,1.00,1.00
2014.10.20 05:13:00.129,0.7919,0.792,1.50,2.62
2014.10.20 05:13:09.516,0.7919,0.79198,1.50,1.00
2014.10.20 05:13:25.679,0.7919,0.792,1.50,3.19
2014.10.20 05:13:25.984,0.79193,0.792,1.00,1.19
2014.10.20 05:13:26.490,0.79193,0.79201,1.00,3.19
2014.10.20 05:13:34.575,0.79193,0.79201,1.00,1.25
2014.10.20 05:13:35.416,0.79195,0.79204,1.00,1.25
2014.10.20 05:13:38.185,0.79195,0.79204,1.00,2.44
2014.10.20 05:13:38.388,0.79192,0.79202,1.69,1.00
2014.10.20 05:13:38.490,0.79192,0.792,1.00,1.00
2014.10.20 05:13:40.297,0.79192,0.79202,1.00,1.69
2014.10.20 05:13:40.500,0.79192,0.79201,1.00,1.19
2014.10.20 05:13:42.515,0.79192,0.79202,1.00,1.25
2014.10.20 05:13:43.733,0.79192,0.79201,1.00,1.00
2014.10.20 05:13:46.496,0.79192,0.79202,1.00,1.25
2014.10.20 05:13:47.072,0.79194,0.79202,1.00,1.25
2014.10.20 05:13:48.123,0.79194,0.79201,1.00,1.00
2014.10.20 05:13:52.544,0.79194,0.792,1.00,1.00
2014.10.20 05:13:52.697,0.79191,0.792,1.00,1.00
2014.10.20 05:13:53.204,0.79191,0.79202,1.00,4.31
2014.10.20 05:13:53.255,0.79193,0.79202,1.00,3.56
2014.10.20 05:13:54.658,0.79193,0.79202,1.00,2.81
2014.10.20 05:13:55.256,0.79193,0.79202,1.00,2.81
2014.10.20 05:13:59.650,0.79193,0.79202,1.00,2.44
2014.10.20 05:14:03.054,0.79193,0.79201,1.00,1.00
2014.10.20 05:14:03.561,0.79193,0.79202,1.00,1.25
2014.10.20 05:14:04.248,0.79193,0.79203,1.50,1.00
2014.10.20 05:14:06.047,0.79193,0.79204,1.50,1.25
2014.10.20 05:14:06.109,0.79196,0.79205,1.00,1.69
2014.10.20 05:14:07.251,0.79196,0.79205,1.00,1.00
2014.10.20 05:14:10.185,0.79196,0.79204,1.00,1.00
2014.10.20 05:14:11.046,0.79193,0.79204,1.25,1.50
2014.10.20 05:14:17.304,0.79193,0.79204,1.50,1.69
2014.10.20 05:14:17.609,0.79193,0.79203,1.00,1.62
2014.10.20 05:14:18.243,0.79193,0.79202,1.00,1.12
2014.10.20 05:14:21.026,0.79193,0.79202,1.00,1.62
2014.10.20 05:14:29.607,0.79193,0.79202,1.00,3.56
2014.10.20 05:14:30.320,0.79192,0.79201,1.00,1.25
2014.10.20 05:14:30.864,0.79193,0.79201,1.00,1.25
2014.10.20 05:14:31.269,0.79193,0.79203,2.44,1.00
2014.10.20 05:14:31.624,0.79197,0.79204,1.00,1.25
2014.10.20 05:14:51.295,0.79197,0.79205,1.00,1.69
2014.10.20 05:14:55.302,0.79197,0.79205,1.00,2.81
2014.10.20 05:14:57.305,0.79197,0.79205,1.00,2.06
2014.10.20 05:14:59.339,0.79197,0.79205,1.00,2.81
2014.10.20 05:15:01.951,0.79197,0.79203,1.00,2.81
2014.10.20 05:15:02.103,0.79193,0.79203,1.00,3.56
2014.10.20 05:15:02.611,0.79192,0.79201,1.00,2.06
2014.10.20 05:15:03.126,0.79192,0.792,1.00,1.00
2014.10.20 05:15:03.661,0.79192,0.792,1.00,1.69
2014.10.20 05:15:05.445,0.79192,0.79201,1.00,1.69
2014.10.20 05:15:13.497,0.79192,0.79201,1.00,2.81
2014.10.20 05:15:15.460,0.79192,0.792,1.00,1.19
2014.10.20 05:15:24.483,0.79192,0.79201,1.00,2.44
2014.10.20 05:15:30.738,0.79192,0.792,1.00,1.19
2014.10.20 05:15:31.271,0.79192,0.792,1.00,1.56
2014.10.20 05:15:31.476,0.7919,0.79199,1.00,1.62
2014.10.20 05:15:31.527,0.7919,0.79197,1.00,1.19
2014.10.20 05:15:42.865,0.7919,0.79197,1.00,1.25
2014.10.20 05:15:43.879,0.7919,0.79197,1.00,1.69
2014.10.20 05:15:44.864,0.7919,0.79197,1.00,1.25
2014.10.20 05:15:45.878,0.7919,0.79197,1.00,1.69
2014.10.20 05:15:52.956,0.7919,0.79197,1.00,1.25
2014.10.20 05:15:58.820,0.7919,0.792,1.00,3.56
2014.10.20 05:15:59.176,0.79193,0.792,1.00,1.31
2014.10.20 05:16:35.464,0.79193,0.79202,1.00,2.06
2014.10.20 05:16:36.460,0.79193,0.79202,1.00,2.81
2014.10.20 05:16:42.441,0.79193,0.79202,1.00,2.06
2014.10.20 05:16:45.476,0.79193,0.79202,1.00,2.81
2014.10.20 05:16:59.203,0.79189,0.79201,2.44,1.69
2014.10.20 05:17:11.776,0.7919,0.792,1.00,1.00
2014.10.20 05:17:12.764,0.79193,0.79202,1.00,2.81
2014.10.20 05:17:13.641,0.7919,0.792,2.25,1.00
2014.10.20 05:17:17.315,0.79197,0.79202,1.00,2.25
2014.10.20 05:17:17.417,0.79198,0.79203,1.00,1.00
2014.10.20 05:17:17.722,0.79193,0.792,1.00,1.00
2014.10.20 05:17:18.230,0.79191,0.792,1.19,1.00
2014.10.20 05:17:18.433,0.7919,0.792,1.69,1.00
2014.10.20 05:17:22.076,0.79191,0.792,1.19,2.25
2014.10.20 05:17:22.686,0.7919,0.792,1.00,1.50
2014.10.20 05:17:27.500,0.7919,0.79199,1.00,1.00
2014.10.20 05:17:27.653,0.79189,0.79197,1.25,1.00
2014.10.20 05:17:30.302,0.79189,0.79196,1.00,1.25
2014.10.20 05:17:30.403,0.79185,0.79195,1.00,1.00
2014.10.20 05:17:30.506,0.79185,0.79194,1.00,1.19
2014.10.20 05:17:31.522,0.79185,0.79195,1.00,2.06
2014.10.20 05:17:33.581,0.79185,0.79194,1.00,1.19
2014.10.20 05:17:34.621,0.79185,0.79195,1.00,1.69
2014.10.20 05:17:35.588,0.79185,0.79195,1.00,1.25
2014.10.20 05:17:38.599,0.79185,0.79195,1.00,1.69
2014.10.20 05:17:39.635,0.79185,0.79195,1.00,1.25
2014.10.20 05:17:54.751,0.79185,0.79195,2.25,1.69
2014.10.20 05:17:55.766,0.79185,0.79195,2.25,1.00
2014.10.20 05:18:11.776,0.79185,0.79195,2.25,2.44
2014.10.20 05:18:12.778,0.79185,0.79195,2.25,1.69
2014.10.20 05:18:26.065,0.79185,0.79195,2.25,1.69
2014.10.20 05:18:26.852,0.79187,0.79195,1.00,1.00
2014.10.20 05:18:27.157,0.7919,0.79199,1.00,1.69
2014.10.20 05:18:29.126,0.7919,0.792,1.00,1.69
2014.10.20 05:18:38.302,0.7919,0.792,1.00,2.81
2014.10.20 05:18:40.291,0.7919,0.792,1.50,1.25
2014.10.20 05:18:40.800,0.79191,0.792,1.00,1.00
2014.10.20 05:18:40.903,0.79193,0.79203,1.00,1.25
2014.10.20 05:18:44.410,0.79196,0.79204,1.00,1.00
2014.10.20 05:18:44.949,0.79196,0.79203,1.00,1.25
2014.10.20 05:18:45.052,0.79192,0.792,1.00,1.12
2014.10.20 05:18:45.306,0.7919,0.792,1.50,1.25
2014.10.20 05:18:55.101,0.7919,0.792,1.00,1.69
2014.10.20 05:18:56.126,0.7919,0.792,1.00,1.25
2014.10.20 05:18:56.749,0.7919,0.79199,1.00,1.19
2014.10.20 05:18:57.256,0.79189,0.79198,1.00,1.31
2014.10.20 05:18:58.649,0.79189,0.79198,1.00,1.37
2014.10.20 05:19:00.743,0.79189,0.79198,1.00,1.31
2014.10.20 05:19:01.889,0.7919,0.792,1.50,1.69
2014.10.20 05:19:03.743,0.7919,0.792,1.25,1.25
2014.10.20 05:19:04.734,0.7919,0.792,1.50,2.06
2014.10.20 05:19:05.741,0.7919,0.792,1.50,1.12
2014.10.20 05:19:16.927,0.7919,0.79199,1.00,1.00
2014.10.20 05:19:18.351,0.7919,0.792,1.00,2.25
2014.10.20 05:19:19.063,0.79191,0.792,1.00,1.00
2014.10.20 05:19:33.988,0.7919,0.792,1.25,1.25
2014.10.20 05:19:35.038,0.79191,0.79201,1.00,2.06
2014.10.20 05:19:37.201,0.79191,0.79201,1.00,2.06
2014.10.20 05:19:37.708,0.79189,0.79199,1.19,1.12
2014.10.20 05:19:37.758,0.79188,0.79199,1.50,1.31
2014.10.20 05:19:40.699,0.79188,0.79199,1.00,2.81
2014.10.20 05:19:41.780,0.79188,0.79198,1.00,1.31
2014.10.20 05:19:42.746,0.79188,0.79199,1.00,3.56
2014.10.20 05:19:53.008,0.79188,0.79197,1.00,1.50
2014.10.20 05:20:04.044,0.79194,0.79197,0.49,1.50
2014.10.20 05:20:04.821,0.79194,0.79195,0.49,1.00
2014.10.20 05:20:13.843,0.79194,0.79199,0.49,1.25
2014.10.20 05:20:14.922,0.79194,0.792,0.49,1.25
2014.10.20 05:20:15.744,0.79194,0.79201,0.49,2.81
2014.10.20 05:20:16.747,0.79194,0.79201,0.49,3.56
2014.10.20 05:20:17.798,0.79194,0.79201,0.49,2.81
2014.10.20 05:20:18.753,0.79194,0.79201,0.49,3.56
2014.10.20 05:20:21.859,0.79194,0.792,0.49,1.62
2014.10.20 05:20:22.315,0.79194,0.79196,0.49,1.00
2014.10.20 05:20:33.077,0.79194,0.79199,0.49,1.69
2014.10.20 05:20:33.636,0.79194,0.79199,0.49,1.00
2014.10.20 05:20:34.146,0.79194,0.792,0.49,2.06
2014.10.20 05:20:37.218,0.79194,0.792,0.49,2.81
2014.10.20 05:20:51.162,0.79194,0.792,0.49,1.69
2014.10.20 05:20:56.478,0.79194,0.79199,0.49,1.00
2014.10.20 05:20:58.858,0.79194,0.79197,0.49,1.00
2014.10.20 05:21:06.678,0.79194,0.79201,0.49,1.25
2014.10.20 05:21:16.673,0.79194,0.79202,0.49,1.00
2014.10.20 05:21:17.222,0.79194,0.79201,0.49,1.00
2014.10.20 05:21:19.548,0.79194,0.79201,0.87,1.00
2014.10.20 05:21:19.649,0.79195,0.79205,1.12,2.44
2014.10.20 05:21:19.852,0.79195,0.79206,1.62,1.50
2014.10.20 05:21:23.100,0.79196,0.79206,1.12,1.00
2014.10.20 05:21:23.405,0.79196,0.79206,1.37,1.00
2014.10.20 05:21:23.906,0.79196,0.79206,1.37,1.00
2014.10.20 05:21:25.721,0.79196,0.79206,2.06,1.00
2014.10.20 05:21:26.228,0.79196,0.79206,2.06,1.00
2014.10.20 05:21:28.301,0.79196,0.79206,2.06,1.00
2014.10.20 05:21:28.807,0.79199,0.79208,1.00,1.69
2014.10.20 05:21:28.859,0.79197,0.79208,2.44,1.69
2014.10.20 05:21:29.457,0.79197,0.79206,1.25,1.00
2014.10.20 05:21:30.090,0.79198,0.79206,1.25,1.00
2014.10.20 05:21:41.885,0.79198,0.79208,1.00,2.44
2014.10.20 05:21:42.399,0.79197,0.79208,1.31,2.44
2014.10.20 05:21:42.917,0.79197,0.79208,1.31,1.50
2014.10.20 05:21:45.498,0.79198,0.79208,1.00,1.50
2014.10.20 05:21:45.752,0.792,0.79208,1.00,1.00
2014.10.20 05:21:45.803,0.792,0.7921,1.00,1.25
2014.10.20 05:21:59.963,0.792,0.79211,2.81,1.00
2014.10.20 05:22:01.935,0.792,0.79211,1.50,1.69
2014.10.20 05:22:02.977,0.792,0.7921,1.50,1.19
2014.10.20 05:22:07.008,0.792,0.79211,1.50,2.06
2014.10.20 05:22:11.922,0.792,0.79211,1.50,1.25
2014.10.20 05:22:12.915,0.792,0.79211,2.44,1.25
2014.10.20 05:22:13.951,0.792,0.79211,2.81,1.00
2014.10.20 05:22:14.910,0.792,0.79211,2.44,1.25
2014.10.20 05:22:17.917,0.792,0.79211,1.69,1.00
2014.10.20 05:22:18.069,0.79202,0.79213,1.50,3.94
2014.10.20 05:22:18.373,0.79203,0.79213,1.19,1.00
2014.10.20 05:22:24.339,0.79203,0.79213,1.25,1.00
2014.10.20 05:22:25.576,0.79206,0.79215,1.00,1.69
2014.10.20 05:22:27.391,0.79206,0.79215,1.00,2.44
2014.10.20 05:22:27.696,0.79202,0.79211,1.00,1.00
2014.10.20 05:22:28.204,0.79201,0.79211,1.03,1.00
2014.10.20 05:22:29.697,0.792,0.79211,1.00,1.69
2014.10.20 05:22:30.648,0.79201,0.79211,1.00,1.25
2014.10.20 05:22:31.684,0.792,0.79211,1.69,2.44
2014.10.20 05:22:32.691,0.792,0.79211,1.00,1.69
2014.10.20 05:22:44.198,0.792,0.79211,1.00,2.44
2014.10.20 05:22:51.220,0.792,0.79211,1.00,1.69
2014.10.20 05:23:04.027,0.79201,0.79211,1.00,1.25
2014.10.20 05:23:27.761,0.79201,0.79213,1.25,1.25
2014.10.20 05:23:29.469,0.79201,0.79213,1.00,1.69
2014.10.20 05:23:29.673,0.792,0.7921,1.25,1.00
2014.10.20 05:23:31.768,0.792,0.7921,1.00,1.69
2014.10.20 05:23:39.794,0.792,0.7921,1.00,1.25
2014.10.20 05:23:54.803,0.79199,0.79211,1.50,2.44
2014.10.20 05:23:55.615,0.792,0.79211,1.00,1.19
2014.10.20 05:23:56.700,0.792,0.79212,1.00,2.06
2014.10.20 05:23:58.889,0.79199,0.79211,1.25,1.25
2014.10.20 05:24:00.852,0.79199,0.7921,1.25,1.19
2014.10.20 05:24:01.861,0.79199,0.79211,1.25,1.25
2014.10.20 05:24:06.876,0.79199,0.79211,1.00,1.69
2014.10.20 05:24:14.895,0.79199,0.79211,2.44,1.69
2014.10.20 05:24:15.858,0.79199,0.79211,1.50,1.69
2014.10.20 05:24:16.475,0.79199,0.79209,1.50,1.00
2014.10.20 05:24:36.954,0.79199,0.7921,1.50,1.25
2014.10.20 05:24:50.635,0.79199,0.7921,2.06,1.00
2014.10.20 05:24:51.194,0.79199,0.7921,2.44,1.00
2014.10.20 05:24:56.052,0.792,0.7921,1.19,1.00
2014.10.20 05:24:56.889,0.79203,0.79212,1.00,2.44
2014.10.20 05:24:57.405,0.79203,0.79212,1.00,1.69
2014.10.20 05:24:59.055,0.792,0.79211,2.06,1.00
2014.10.20 05:24:59.105,0.792,0.79211,2.06,1.00
2014.10.20 05:24:59.632,0.79202,0.79212,1.12,1.25
2014.10.20 05:25:04.307,0.79201,0.79212,1.25,1.50
2014.10.20 05:25:04.613,0.792,0.79208,1.69,1.00
2014.10.20 05:25:05.119,0.792,0.79208,1.00,1.00
2014.10.20 05:25:05.790,0.792,0.79208,1.37,1.00
2014.10.20 05:25:07.937,0.792,0.79208,1.25,1.00
2014.10.20 05:25:21.750,0.79201,0.79208,1.00,1.00
2014.10.20 05:25:23.238,0.792,0.79208,1.00,1.00
2014.10.20 05:25:26.188,0.792,0.79208,1.37,1.00
2014.10.20 05:25:26.783,0.792,0.79208,1.12,1.00
2014.10.20 05:25:33.291,0.792,0.79208,1.69,1.00
2014.10.20 05:25:34.265,0.792,0.79208,1.00,1.00
2014.10.20 05:25:38.213,0.79199,0.79208,2.06,1.00
2014.10.20 05:25:39.419,0.792,0.79208,1.00,1.00
2014.10.20 05:26:04.599,0.792,0.79211,1.12,1.31
2014.10.20 05:26:07.451,0.792,0.79212,1.12,3.56
2014.10.20 05:26:08.453,0.792,0.79211,1.12,1.31
2014.10.20 05:26:12.504,0.792,0.79212,1.12,3.56
2014.10.20 05:26:13.464,0.792,0.7921,1.12,1.19
2014.10.20 05:26:17.495,0.792,0.79211,1.12,2.06
2014.10.20 05:26:20.528,0.79199,0.7921,1.62,1.19
2014.10.20 05:26:34.564,0.792,0.7921,1.12,1.25
2014.10.20 05:26:37.341,0.79199,0.7921,1.12,1.69
2014.10.20 05:26:37.646,0.79198,0.79209,2.06,1.31
2014.10.20 05:26:41.550,0.79197,0.79209,1.69,1.25
2014.10.20 05:26:46.366,0.79197,0.79209,2.44,1.69
2014.10.20 05:26:48.361,0.79197,0.79209,1.69,1.25
2014.10.20 05:26:59.660,0.79197,0.79207,1.69,1.00
2014.10.20 05:27:01.075,0.79198,0.79209,1.00,1.69
2014.10.20 05:27:02.523,0.79198,0.79209,1.00,2.06
2014.10.20 05:27:02.625,0.79197,0.79206,1.50,1.00
2014.10.20 05:27:02.979,0.79195,0.79204,1.25,1.00
2014.10.20 05:27:03.722,0.79194,0.79204,1.50,1.00
2014.10.20 05:27:09.649,0.79194,0.79204,1.12,1.69
2014.10.20 05:27:10.640,0.79194,0.79204,1.12,1.00
2014.10.20 05:27:25.608,0.79193,0.79204,2.06,1.00
2014.10.20 05:27:41.231,0.79194,0.79204,1.00,1.00
2014.10.20 05:27:44.765,0.79194,0.79204,1.37,1.00
2014.10.20 05:27:45.947,0.79197,0.79204,1.00,1.00
2014.10.20 05:27:50.136,0.79197,0.79205,1.00,1.00
2014.10.20 05:28:06.695,0.79197,0.79205,1.00,1.69
2014.10.20 05:28:06.797,0.79194,0.79205,1.50,2.06
2014.10.20 05:28:06.848,0.79194,0.79202,1.00,1.00
2014.10.20 05:28:07.355,0.79193,0.79202,1.87,1.25
2014.10.20 05:28:07.659,0.79197,0.79205,1.00,1.25
2014.10.20 05:28:10.984,0.79197,0.79205,1.37,1.00
2014.10.20 05:28:11.136,0.792,0.79209,1.00,1.00
2014.10.20 05:28:11.694,0.792,0.7921,1.00,1.25
2014.10.20 05:28:13.718,0.792,0.79211,1.69,1.00
2014.10.20 05:28:14.362,0.792,0.79211,3.19,1.25
2014.10.20 05:28:15.326,0.792,0.79211,2.44,1.00
2014.10.20 05:28:19.340,0.792,0.79211,3.19,1.00
2014.10.20 05:28:23.143,0.79203,0.79212,1.00,1.00
2014.10.20 05:28:23.655,0.79203,0.79213,1.00,1.00
2014.10.20 05:28:41.394,0.79201,0.7921,2.44,1.00
2014.10.20 05:28:41.901,0.79202,0.7921,1.00,1.00
2014.10.20 05:28:42.422,0.79203,0.79213,1.00,1.25
2014.10.20 05:28:47.371,0.79205,0.79213,1.00,1.25
2014.10.20 05:28:47.826,0.79201,0.79209,1.69,1.00
2014.10.20 05:28:48.810,0.79204,0.79212,1.00,1.00
2014.10.20 05:28:59.934,0.79201,0.79209,3.19,1.00
2014.10.20 05:29:01.137,0.79203,0.7921,1.00,1.00
2014.10.20 05:29:01.238,0.79203,0.79212,1.00,1.25
2014.10.20 05:29:01.953,0.79203,0.79211,1.00,1.50
2014.10.20 05:29:02.460,0.79201,0.7921,1.19,1.00
2014.10.20 05:29:03.012,0.792,0.7921,1.69,1.00
2014.10.20 05:29:03.813,0.792,0.7921,2.44,1.00
2014.10.20 05:29:04.810,0.792,0.7921,3.19,1.00
2014.10.20 05:29:05.993,0.79201,0.7921,1.19,1.00
2014.10.20 05:29:07.000,0.792,0.7921,2.81,1.00
2014.10.20 05:29:25.536,0.79203,0.79211,1.00,1.00
2014.10.20 05:29:46.088,0.79203,0.79212,1.00,1.00
2014.10.20 05:29:48.842,0.79202,0.79211,1.00,1.00
2014.10.20 05:30:00.118,0.79203,0.79211,1.00,1.50
2014.10.20 05:30:04.565,0.79201,0.79211,1.09,1.00
2014.10.20 05:30:13.179,0.79201,0.79211,1.09,1.07
2014.10.20 05:30:13.701,0.79201,0.79211,1.09,1.00
2014.10.20 05:30:15.970,0.79201,0.79211,1.01,1.10
2014.10.20 05:30:16.491,0.79201,0.79211,1.09,1.00
2014.10.20 05:30:17.102,0.79201,0.79211,1.01,1.10
2014.10.20 05:30:17.629,0.79201,0.79211,1.46,1.00
2014.10.20 05:30:19.185,0.79201,0.79211,1.76,1.10
2014.10.20 05:30:21.451,0.79202,0.79211,1.00,1.10
2014.10.20 05:30:34.099,0.79201,0.79211,1.76,1.10
2014.10.20 05:30:46.246,0.79201,0.79211,1.76,1.10
2014.10.20 05:30:47.239,0.79201,0.79211,1.10,1.10
2014.10.20 05:30:56.372,0.79201,0.79213,1.29,1.40
2014.10.20 05:30:56.919,0.79201,0.79213,1.36,1.09
2014.10.20 05:30:57.678,0.792,0.79214,6.56,2.59
2014.10.20 05:30:58.546,0.79201,0.79214,1.36,1.84
2014.10.20 05:30:59.279,0.79201,0.79214,1.34,1.84
2014.10.20 05:31:12.509,0.79201,0.79213,2.59,1.29
2014.10.20 05:31:13.047,0.79201,0.79213,1.76,3.26
2014.10.20 05:31:13.555,0.79199,0.79209,2.96,1.00
2014.10.20 05:31:16.516,0.792,0.79209,1.29,1.00
2014.10.20 05:31:17.536,0.79199,0.79209,2.96,1.00
2014.10.20 05:31:21.530,0.792,0.79209,1.39,1.00
2014.10.20 05:31:22.559,0.79199,0.79209,3.71,1.00
2014.10.20 05:31:26.142,0.79201,0.79209,1.00,1.00
2014.10.20 05:31:26.653,0.79201,0.79212,1.25,1.15
2014.10.20 05:31:27.160,0.792,0.79209,1.76,1.00
2014.10.20 05:31:27.679,0.79201,0.79212,1.09,1.15
2014.10.20 05:31:28.696,0.79201,0.79212,1.84,1.15
2014.10.20 05:31:29.255,0.79201,0.79212,1.84,1.10
2014.10.20 05:31:29.968,0.79202,0.79212,1.29,1.10
2014.10.20 05:31:31.682,0.79201,0.79212,1.84,1.10
2014.10.20 05:31:42.395,0.79201,0.79212,1.84,1.00
2014.10.20 05:31:47.570,0.79201,0.79212,1.09,1.10
2014.10.20 05:31:53.370,0.79201,0.79212,1.09,1.00
2014.10.20 05:31:54.373,0.79201,0.79212,2.21,1.10
2014.10.20 05:31:59.229,0.79202,0.79212,1.29,1.10
2014.10.20 05:32:07.071,0.79203,0.79214,1.10,1.09
2014.10.20 05:32:07.604,0.79203,0.79214,1.17,1.01
2014.10.20 05:32:13.108,0.79202,0.79212,1.84,1.00
2014.10.20 05:32:18.612,0.79203,0.79214,1.65,2.51
2014.10.20 05:32:56.475,0.79203,0.79214,2.14,1.09
2014.10.20 05:32:57.084,0.79203,0.79214,1.46,1.20
2014.10.20 05:32:59.280,0.79203,0.79214,1.10,1.09
2014.10.20 05:32:59.706,0.79203,0.79214,1.17,1.32
2014.10.20 05:33:04.995,0.79203,0.79214,1.20,1.40
2014.10.20 05:33:05.897,0.79203,0.79214,1.09,1.10
2014.10.20 05:33:14.630,0.79203,0.79214,1.10,1.17
2014.10.20 05:33:15.917,0.79201,0.79211,2.59,1.00
2014.10.20 05:33:17.011,0.79201,0.79211,1.84,1.00
2014.10.20 05:33:17.602,0.79201,0.79211,1.01,1.10
2014.10.20 05:33:18.762,0.79201,0.79211,1.09,1.10
2014.10.20 05:33:19.268,0.79201,0.79211,1.01,1.10
2014.10.20 05:33:19.573,0.792,0.79209,2.21,1.00
2014.10.20 05:33:19.877,0.792,0.79206,1.19,1.00
2014.10.20 05:33:19.979,0.79198,0.79206,2.96,1.00
2014.10.20 05:33:20.485,0.79197,0.79206,1.76,1.00
2014.10.20 05:33:20.840,0.79196,0.79206,1.01,1.10
2014.10.20 05:33:21.563,0.79196,0.79206,1.09,1.00
2014.10.20 05:33:22.861,0.79196,0.79206,1.01,1.17
2014.10.20 05:33:24.860,0.79196,0.79206,1.46,1.07
2014.10.20 05:33:24.962,0.79196,0.79206,1.46,1.00
2014.10.20 05:33:25.898,0.79197,0.79206,1.29,1.00
2014.10.20 05:33:27.887,0.79196,0.79206,2.21,1.00
2014.10.20 05:33:40.068,0.79197,0.79206,1.09,1.00
2014.10.20 05:33:40.575,0.79199,0.79206,1.25,1.00
2014.10.20 05:33:45.679,0.79197,0.79206,1.39,1.00
2014.10.20 05:33:45.985,0.79197,0.79206,1.19,1.17
2014.10.20 05:33:46.699,0.79194,0.79204,1.84,1.10
2014.10.20 05:34:03.525,0.79194,0.79204,1.69,1.17
2014.10.20 05:34:11.658,0.79194,0.79204,1.00,1.15
2014.10.20 05:34:22.570,0.79194,0.79204,1.69,1.15
2014.10.20 05:34:23.079,0.79194,0.79204,2.44,1.15
2014.10.20 05:34:25.557,0.79194,0.79204,2.51,1.10
2014.10.20 05:34:26.768,0.79194,0.79204,2.44,1.17
2014.10.20 05:34:27.575,0.79194,0.79204,1.69,1.17
2014.10.20 05:34:27.895,0.79195,0.79204,1.19,1.17
2014.10.20 05:34:28.898,0.79194,0.79204,1.69,1.17
2014.10.20 05:34:30.877,0.79194,0.79204,2.44,1.17
2014.10.20 05:34:31.744,0.79194,0.79204,2.51,1.10
2014.10.20 05:34:32.777,0.79194,0.79204,2.44,1.17
2014.10.20 05:34:34.887,0.79195,0.79204,1.19,1.17
2014.10.20 05:34:35.930,0.79194,0.79204,2.51,1.07
2014.10.20 05:34:49.075,0.79194,0.79205,1.69,2.32
2014.10.20 05:34:49.126,0.79194,0.79198,1.50,1.00
2014.10.20 05:34:50.134,0.79194,0.79198,1.00,1.00
2014.10.20 05:34:52.149,0.79193,0.79198,1.69,1.00
2014.10.20 05:35:04.565,0.79193,0.79198,1.69,1.00
2014.10.20 05:35:09.577,0.79193,0.79198,1.00,1.00
2014.10.20 05:35:26.715,0.79193,0.79198,2.06,1.00
2014.10.20 05:35:29.771,0.79193,0.79198,1.31,1.00
2014.10.20 05:35:30.760,0.79193,0.79198,2.06,1.00
2014.10.20 05:35:32.742,0.79193,0.79198,1.31,1.00
2014.10.20 05:35:41.048,0.79192,0.79198,1.69,1.00
2014.10.20 05:35:43.052,0.79192,0.79198,1.69,1.00
2014.10.20 05:35:45.159,0.79194,0.79198,1.00,1.00
2014.10.20 05:35:45.716,0.79192,0.79198,2.06,1.00
2014.10.20 05:35:46.617,0.79192,0.79198,1.00,1.00
2014.10.20 05:35:47.149,0.7919,0.79198,2.96,1.00
2014.10.20 05:35:47.901,0.7919,0.79196,2.21,1.00
2014.10.20 05:35:49.986,0.7919,0.79199,2.89,1.00
2014.10.20 05:35:51.206,0.79191,0.79199,1.62,1.00
2014.10.20 05:35:53.597,0.79193,0.79199,2.44,1.00
2014.10.20 05:35:56.591,0.79193,0.79199,1.69,1.00
2014.10.20 05:35:56.947,0.79195,0.79199,1.00,1.00
2014.10.20 05:36:02.162,0.79195,0.792,1.69,1.00
2014.10.20 05:36:06.386,0.79194,0.792,1.69,1.00
2014.10.20 05:36:06.695,0.79197,0.79207,1.07,1.07
2014.10.20 05:36:06.798,0.792,0.79209,1.00,3.26
2014.10.20 05:36:18.087,0.792,0.7921,1.00,3.07
2014.10.20 05:36:18.720,0.792,0.7921,1.00,1.17
2014.10.20 05:37:05.471,0.792,0.7921,1.07,1.07
2014.10.20 05:37:06.179,0.792,0.7921,1.00,1.15
2014.10.20 05:37:06.822,0.79198,0.79212,1.46,7.69
2014.10.20 05:37:11.694,0.79199,0.79212,1.39,6.94
2014.10.20 05:37:14.208,0.79199,0.79211,1.36,1.36
2014.10.20 05:37:15.207,0.79199,0.79211,1.39,1.34
2014.10.20 05:37:15.729,0.79199,0.79211,1.36,1.36
2014.10.20 05:37:17.225,0.79201,0.79212,1.19,1.40
2014.10.20 05:37:18.252,0.79199,0.79212,2.21,2.59
2014.10.20 05:37:24.227,0.792,0.79212,1.29,4.09
2014.10.20 05:37:26.285,0.79199,0.79212,2.21,3.34
2014.10.20 05:37:29.276,0.792,0.79212,1.29,3.34
2014.10.20 05:37:34.743,0.792,0.79212,2.21,1.76
2014.10.20 05:37:35.261,0.79203,0.79212,1.00,1.76
2014.10.20 05:37:36.454,0.79203,0.79212,1.00,1.84
2014.10.20 05:37:38.947,0.79203,0.79212,1.00,1.76
2014.10.20 05:37:39.495,0.79203,0.79212,1.00,1.84
2014.10.20 05:37:43.573,0.79203,0.79212,1.00,1.09
2014.10.20 05:38:25.187,0.79203,0.79212,1.17,1.00
2014.10.20 05:38:26.188,0.79203,0.79212,1.20,1.00
2014.10.20 05:38:26.745,0.79203,0.79212,1.09,1.00
2014.10.20 05:38:28.370,0.79203,0.79212,1.01,1.00
2014.10.20 05:38:29.091,0.79203,0.79212,1.09,1.00
2014.10.20 05:38:31.395,0.79203,0.79212,1.84,1.00
2014.10.20 05:38:34.380,0.79203,0.79212,1.09,1.00
2014.10.20 05:38:34.998,0.79202,0.79215,1.46,2.59
2014.10.20 05:38:39.402,0.79204,0.79215,1.17,1.01
2014.10.20 05:38:40.358,0.79204,0.79215,1.84,1.76
2014.10.20 05:38:43.342,0.79204,0.79215,1.27,1.39
2014.10.20 05:38:46.412,0.79204,0.79215,1.20,1.46
2014.10.20 05:38:56.421,0.79204,0.79214,1.25,1.32
2014.10.20 05:38:56.929,0.79204,0.79215,1.07,2.21
2014.10.20 05:38:58.434,0.79204,0.79215,1.00,3.71
2014.10.20 05:38:58.961,0.79202,0.79213,1.09,1.39
2014.10.20 05:38:59.495,0.79202,0.79213,1.40,1.25
2014.10.20 05:39:06.890,0.79202,0.79213,1.09,1.10
2014.10.20 05:39:07.194,0.79202,0.79213,3.26,1.10
2014.10.20 05:39:07.397,0.79202,0.79213,1.09,1.10
2014.10.20 05:39:32.761,0.79202,0.79213,1.84,1.76
2014.10.20 05:39:33.764,0.79202,0.79213,1.09,1.10
2014.10.20 05:39:52.813,0.79202,0.79213,1.84,1.76
2014.10.20 05:39:53.815,0.79202,0.79213,1.84,1.76
2014.10.20 05:40:02.913,0.79202,0.79213,2.21,3.64
2014.10.20 05:40:07.434,0.79202,0.79213,1.31,2.81
2014.10.20 05:40:08.910,0.79201,0.79213,1.56,1.87
2014.10.20 05:40:09.416,0.79201,0.79214,2.06,1.31
2014.10.20 05:40:10.413,0.79202,0.79215,1.62,3.64
2014.10.20 05:40:10.464,0.79202,0.79214,1.70,2.89
2014.10.20 05:40:36.528,0.79201,0.79214,1.46,1.77
2014.10.20 05:40:36.782,0.792,0.79213,2.21,4.39
2014.10.20 05:40:37.291,0.79201,0.79209,1.00,1.20
2014.10.20 05:40:44.036,0.79201,0.79209,1.00,1.37
2014.10.20 05:40:44.138,0.79198,0.79207,1.20,1.00
2014.10.20 05:40:48.362,0.792,0.7921,1.00,3.34
2014.10.20 05:40:49.003,0.792,0.7921,1.27,3.34
2014.10.20 05:40:49.358,0.79198,0.79207,1.17,1.00
2014.10.20 05:40:49.665,0.79197,0.79205,1.76,1.00
2014.10.20 05:40:50.149,0.792,0.7921,1.00,3.34
2014.10.20 05:40:50.667,0.792,0.7921,1.00,4.01
2014.10.20 05:40:52.459,0.79197,0.79207,1.01,1.10
2014.10.20 05:40:52.973,0.79197,0.79207,1.76,1.10
2014.10.20 05:40:53.126,0.79197,0.79205,1.29,1.00
2014.10.20 05:40:53.667,0.79196,0.79205,2.21,1.00
2014.10.20 05:40:55.574,0.79197,0.79205,1.39,1.00
2014.10.20 05:40:56.594,0.79196,0.79205,1.84,1.00
2014.10.20 05:40:57.494,0.79195,0.79205,1.00,2.40
2014.10.20 05:40:58.001,0.79195,0.79205,1.00,2.40
2014.10.20 05:41:04.596,0.79195,0.79205,1.00,3.34
2014.10.20 05:41:12.343,0.79195,0.79205,1.00,1.84
2014.10.20 05:41:13.403,0.79195,0.79205,1.00,3.26
2014.10.20 05:41:16.606,0.79195,0.79205,1.00,1.09
2014.10.20 05:41:41.755,0.79195,0.79205,1.00,3.34
2014.10.20 05:41:42.764,0.79195,0.79205,1.00,1.84
2014.10.20 05:41:43.774,0.79195,0.79203,1.00,1.57
2014.10.20 05:41:44.280,0.79195,0.79205,1.00,1.84
2014.10.20 05:41:44.814,0.79195,0.79205,1.00,1.84
2014.10.20 05:41:52.268,0.79196,0.79205,1.00,1.40
2014.10.20 05:41:52.884,0.79195,0.79204,1.00,1.17
2014.10.20 05:41:55.948,0.79195,0.79204,1.00,1.10
2014.10.20 05:41:56.651,0.79195,0.79204,1.00,1.17
2014.10.20 05:41:57.153,0.79195,0.79204,1.00,1.10
2014.10.20 05:41:59.858,0.79195,0.79204,1.00,1.17
2014.10.20 05:42:01.455,0.79195,0.79204,1.00,1.10
2014.10.20 05:42:12.550,0.79193,0.79203,1.26,1.07
2014.10.20 05:42:15.064,0.79193,0.79203,1.36,1.00
2014.10.20 05:42:15.881,0.79194,0.79204,1.01,1.01
2014.10.20 05:42:24.990,0.79194,0.79205,2.21,1.07
2014.10.20 05:42:25.532,0.79194,0.79205,2.21,1.00
2014.10.20 05:42:26.726,0.79195,0.79205,1.36,1.10
2014.10.20 05:42:29.044,0.79194,0.79205,2.21,1.10
2014.10.20 05:42:30.016,0.79194,0.79205,2.21,1.00
2014.10.20 05:42:31.012,0.79194,0.79205,2.21,1.76
2014.10.20 05:42:52.219,0.79194,0.79205,4.01,1.10
2014.10.20 05:42:52.759,0.79194,0.79205,1.84,1.07
2014.10.20 05:42:54.032,0.79194,0.79205,1.32,1.15
2014.10.20 05:42:54.134,0.79194,0.79205,1.09,3.07
2014.10.20 05:42:54.590,0.79194,0.79205,1.09,1.15
2014.10.20 05:43:18.034,0.79195,0.79205,1.25,1.40
2014.10.20 05:43:19.042,0.79194,0.79205,1.09,1.15
2014.10.20 05:43:19.710,0.79194,0.79205,1.84,1.20
2014.10.20 05:43:19.912,0.79197,0.79206,1.00,1.46
2014.10.20 05:43:20.476,0.79196,0.79205,1.25,1.10
2014.10.20 05:43:21.134,0.79197,0.79207,1.00,1.34
2014.10.20 05:43:21.654,0.79196,0.79205,1.25,1.10
2014.10.20 05:43:21.958,0.79198,0.79207,1.00,1.84
2014.10.20 05:43:22.212,0.79196,0.79205,1.25,1.10
2014.10.20 05:43:22.745,0.79196,0.79205,1.46,1.00
2014.10.20 05:43:22.998,0.79197,0.79208,1.09,1.65
2014.10.20 05:43:29.014,0.79198,0.79208,1.25,1.40
2014.10.20 05:43:32.016,0.79197,0.79208,1.84,1.15
2014.10.20 05:43:34.986,0.79198,0.79208,1.25,1.40
2014.10.20 05:43:35.638,0.79198,0.79208,1.09,1.09
2014.10.20 05:43:38.343,0.79199,0.7921,1.09,1.65
2014.10.20 05:43:49.369,0.79199,0.7921,2.21,1.15
2014.10.20 05:43:49.572,0.792,0.7921,1.46,1.20
2014.10.20 05:43:49.674,0.79202,0.79212,1.17,1.25
2014.10.20 05:43:50.079,0.792,0.7921,3.64,1.00
2014.10.20 05:43:50.282,0.792,0.7921,1.46,1.00
2014.10.20 05:43:50.796,0.792,0.7921,1.77,1.00
2014.10.20 05:43:51.738,0.792,0.7921,1.46,1.00
2014.10.20 05:43:53.311,0.792,0.7921,4.09,1.00
2014.10.20 05:43:53.716,0.79202,0.79213,1.65,1.76
2014.10.20 05:43:54.222,0.79202,0.79213,1.10,2.96
2014.10.20 05:43:54.850,0.79202,0.79212,1.10,1.46
2014.10.20 05:43:56.536,0.792,0.7921,1.34,1.00
2014.10.20 05:44:16.157,0.79199,0.7921,3.34,1.20
2014.10.20 05:44:25.283,0.79199,0.7921,2.59,1.27
2014.10.20 05:44:25.961,0.79199,0.7921,2.59,1.20
2014.10.20 05:44:37.402,0.792,0.7921,1.46,1.20
2014.10.20 05:44:38.382,0.79199,0.7921,2.59,1.20
2014.10.20 05:44:58.226,0.79199,0.79212,3.34,1.46
2014.10.20 05:44:58.967,0.792,0.79211,1.09,1.29
2014.10.20 05:45:00.465,0.79199,0.79212,3.34,1.46
2014.10.20 05:45:20.881,0.792,0.79211,1.09,1.29
2014.10.20 05:45:23.890,0.792,0.79213,3.34,2.21
2014.10.20 05:45:37.405,0.792,0.79212,2.59,1.09
2014.10.20 05:45:40.139,0.792,0.79212,2.59,1.09
2014.10.20 05:46:01.058,0.792,0.79213,2.14,4.39
2014.10.20 05:46:07.118,0.79199,0.79212,2.96,1.84
2014.10.20 05:46:10.509,0.792,0.79212,1.39,1.46
2014.10.20 05:46:15.280,0.792,0.79211,2.14,1.36
2014.10.20 05:46:21.119,0.792,0.79213,2.14,3.64
2014.10.20 05:47:06.558,0.79203,0.79212,1.00,1.09
2014.10.20 05:47:07.525,0.79203,0.79212,1.00,1.39
2014.10.20 05:47:08.034,0.79203,0.79213,1.00,2.21
2014.10.20 05:47:14.327,0.79203,0.79212,1.00,1.17
2014.10.20 05:47:14.936,0.79203,0.79213,1.00,2.21
2014.10.20 05:47:38.653,0.79203,0.79212,1.07,1.20
2014.10.20 05:47:40.949,0.79203,0.79212,1.00,1.20
2014.10.20 05:47:51.324,0.79201,0.79211,2.21,1.00
2014.10.20 05:47:56.965,0.79202,0.79212,1.20,1.57
2014.10.20 05:47:57.509,0.79202,0.79212,1.27,1.50
2014.10.20 05:47:59.376,0.79204,0.79213,1.00,1.46
2014.10.20 05:47:59.878,0.79204,0.79212,1.00,1.00
2014.10.20 05:48:02.135,0.79202,0.79212,1.20,1.57
2014.10.20 05:48:03.102,0.79202,0.79212,1.27,1.57
2014.10.20 05:49:03.285,0.79201,0.79214,1.56,2.06
2014.10.20 05:49:07.310,0.79201,0.79214,1.56,2.81
2014.10.20 05:49:07.839,0.79201,0.79214,1.56,2.81
2014.10.20 05:49:11.163,0.792,0.79213,2.81,1.25
2014.10.20 05:49:25.565,0.792,0.79213,2.14,2.14
2014.10.20 05:49:26.067,0.792,0.79213,2.21,2.21
2014.10.20 05:49:26.728,0.792,0.79213,2.21,2.21
2014.10.20 05:49:52.365,0.79201,0.79212,3.07,1.09
2014.10.20 05:49:56.153,0.79201,0.79212,1.40,1.10
2014.10.20 05:50:07.871,0.792,0.79209,1.46,1.00
2014.10.20 05:50:08.650,0.79201,0.79209,1.01,1.00
2014.10.20 05:50:09.293,0.79201,0.79209,1.32,1.00
2014.10.20 05:50:09.864,0.79201,0.79212,2.21,1.76
2014.10.20 05:50:10.549,0.79201,0.79212,2.21,1.76
2014.10.20 05:50:11.174,0.79201,0.79212,1.76,1.84
2014.10.20 05:50:11.691,0.79201,0.79212,1.76,1.17
2014.10.20 05:50:12.803,0.79201,0.79212,1.32,1.17
2014.10.20 05:50:46.844,0.79201,0.79212,2.96,1.00
2014.10.20 05:50:47.149,0.79204,0.79214,2.21,1.25
2014.10.20 05:50:47.555,0.79208,0.79216,1.00,1.09
2014.10.20 05:50:50.677,0.79206,0.79216,1.32,1.07
2014.10.20 05:51:31.104,0.79206,0.79216,1.07,1.50
2014.10.20 05:51:31.611,0.79206,0.79216,1.52,1.00
2014.10.20 05:51:32.123,0.79206,0.79216,1.46,1.00
2014.10.20 05:51:50.722,0.79204,0.79218,7.31,2.21
2014.10.20 05:51:51.381,0.79205,0.79217,1.34,1.39
2014.10.20 05:51:52.042,0.79204,0.79218,7.31,2.21
2014.10.20 05:51:52.563,0.79204,0.79218,2.96,2.21
2014.10.20 05:51:56.230,0.79206,0.79214,1.01,1.00
2014.10.20 05:52:05.342,0.79205,0.79214,1.09,1.00
2014.10.20 05:52:06.050,0.79204,0.79214,2.14,1.10
2014.10.20 05:52:08.769,0.79204,0.79214,1.69,1.17
2014.10.20 05:52:09.074,0.79202,0.79211,1.46,1.00
2014.10.20 05:52:09.582,0.79201,0.79211,1.76,1.07
2014.10.20 05:52:10.090,0.79201,0.79209,1.32,1.00
2014.10.20 05:52:11.880,0.79199,0.79209,1.01,1.10
2014.10.20 05:52:12.185,0.79196,0.79206,1.84,1.00
2014.10.20 05:52:12.489,0.79196,0.79204,1.39,1.00
2014.10.20 05:52:12.994,0.79195,0.79204,1.34,1.00
2014.10.20 05:52:19.750,0.79195,0.79204,1.09,1.00
2014.10.20 05:52:22.818,0.79195,0.79204,1.39,1.00
2014.10.20 05:52:26.830,0.79195,0.79204,1.84,1.00
2014.10.20 05:52:34.603,0.79195,0.79204,1.31,1.17
2014.10.20 05:52:34.901,0.79195,0.79204,1.31,1.10
2014.10.20 05:52:35.306,0.79195,0.79204,1.31,1.17
2014.10.20 05:52:35.852,0.79194,0.79204,3.64,1.17
2014.10.20 05:52:39.369,0.79194,0.79204,1.10,1.15
2014.10.20 05:52:39.673,0.79191,0.79201,1.32,1.00
2014.10.20 05:52:39.877,0.7919,0.79199,1.46,1.00
2014.10.20 05:52:40.407,0.7919,0.79199,1.19,1.10
2014.10.20 05:52:40.925,0.79189,0.79199,2.89,1.10
2014.10.20 05:52:41.878,0.79189,0.79199,1.01,1.10
2014.10.20 05:52:45.626,0.79189,0.79199,1.25,1.17
2014.10.20 05:52:46.159,0.79189,0.79199,1.01,1.10
2014.10.20 05:52:47.144,0.79189,0.79199,1.25,1.17
2014.10.20 05:52:50.039,0.79189,0.79199,1.00,3.26
2014.10.20 05:52:53.538,0.79189,0.79199,1.25,1.17
2014.10.20 05:52:55.745,0.79189,0.79199,1.10,1.10
2014.10.20 05:52:57.999,0.79189,0.79199,1.01,1.17
2014.10.20 05:52:59.039,0.79189,0.79199,1.09,1.20
2014.10.20 05:52:59.343,0.79189,0.79199,1.01,1.17
2014.10.20 05:52:59.963,0.79189,0.79199,1.01,1.10
2014.10.20 05:53:02.806,0.79192,0.79199,1.00,1.10
2014.10.20 05:53:10.764,0.79191,0.79199,1.00,1.10
2014.10.20 05:53:31.764,0.7919,0.79199,1.00,1.57
2014.10.20 05:53:31.968,0.79186,0.79196,3.34,1.00
2014.10.20 05:53:32.070,0.79186,0.79194,1.84,1.00
2014.10.20 05:54:03.907,0.79184,0.79194,1.27,1.00
2014.10.20 05:54:06.484,0.79184,0.79194,1.00,1.17
2014.10.20 05:54:06.839,0.79182,0.7919,2.59,1.00
2014.10.20 05:54:07.362,0.79184,0.7919,1.10,1.00
2014.10.20 05:54:08.072,0.79184,0.79194,1.57,2.51
2014.10.20 05:54:08.831,0.79184,0.79194,1.57,1.10
2014.10.20 05:54:11.862,0.79184,0.79194,1.57,1.76
2014.10.20 05:54:13.838,0.79184,0.79194,1.57,1.10
2014.10.20 05:54:15.824,0.79184,0.79194,1.50,1.17
2014.10.20 05:54:16.340,0.79184,0.79194,1.84,1.84
2014.10.20 05:54:36.066,0.79184,0.79194,1.65,1.01
2014.10.20 05:54:56.057,0.79186,0.79194,1.76,1.10
2014.10.20 05:54:57.068,0.79186,0.79194,1.10,1.10
2014.10.20 05:54:57.602,0.79186,0.79195,1.10,1.00
2014.10.20 05:55:02.881,0.79186,0.79195,1.39,1.00
2014.10.20 05:55:03.692,0.79187,0.79198,1.10,2.21
2014.10.20 05:55:04.198,0.79187,0.79198,1.84,2.14
2014.10.20 05:55:06.024,0.79187,0.79198,4.76,1.76
2014.10.20 05:55:06.533,0.79188,0.79198,1.27,1.10
2014.10.20 05:55:06.839,0.79191,0.792,2.32,1.00
2014.10.20 05:55:11.082,0.79192,0.79203,1.65,1.32
2014.10.20 05:55:11.590,0.79193,0.79203,1.40,1.00
2014.10.20 05:55:12.096,0.79195,0.79204,1.00,1.20
2014.10.20 05:55:15.748,0.79195,0.79204,1.17,1.00
2014.10.20 05:55:25.809,0.79196,0.79204,1.07,1.00
2014.10.20 05:55:32.338,0.79196,0.79204,1.76,1.00
2014.10.20 05:55:37.368,0.79195,0.79204,1.84,1.00
2014.10.20 05:55:37.870,0.79195,0.79204,1.84,1.00
2014.10.20 05:55:40.550,0.79195,0.79204,1.76,1.00
2014.10.20 05:55:41.057,0.79195,0.79204,2.51,1.00
2014.10.20 05:55:48.074,0.79195,0.79204,1.84,1.00
2014.10.20 05:55:50.089,0.79195,0.79204,1.84,1.00
2014.10.20 05:55:54.212,0.79195,0.79204,1.65,1.00
2014.10.20 05:55:56.229,0.79195,0.79204,1.00,1.27
2014.10.20 05:55:56.743,0.79195,0.79204,1.00,1.10
2014.10.20 05:55:57.929,0.79193,0.79203,1.17,1.00
2014.10.20 05:55:58.722,0.79193,0.79203,1.07,1.07
2014.10.20 05:56:45.116,0.79193,0.79203,1.00,1.17
2014.10.20 05:56:45.819,0.79193,0.79203,1.20,1.10
2014.10.20 05:56:51.333,0.79193,0.79203,1.00,1.17
2014.10.20 05:56:51.841,0.79194,0.79205,1.20,1.40
2014.10.20 05:56:53.290,0.79194,0.79204,1.20,1.39
2014.10.20 05:56:54.293,0.79194,0.79204,1.20,1.09
2014.10.20 05:57:00.336,0.79194,0.79203,1.20,1.62
2014.10.20 05:57:00.862,0.79193,0.79203,1.40,1.69
2014.10.20 05:57:04.452,0.79192,0.79203,1.84,1.20
2014.10.20 05:57:12.692,0.79192,0.79203,1.57,1.46
2014.10.20 05:57:13.853,0.79192,0.79203,1.07,2.21
2014.10.20 05:57:17.459,0.79192,0.79203,1.09,1.20
2014.10.20 05:57:18.894,0.79192,0.79203,1.17,2.14
2014.10.20 05:57:19.489,0.79192,0.79203,1.20,2.14
2014.10.20 05:57:20.361,0.79192,0.79203,1.17,2.21
2014.10.20 05:57:20.862,0.79192,0.79203,1.20,1.39
2014.10.20 05:57:21.470,0.79192,0.79203,1.07,2.21
2014.10.20 05:57:21.623,0.79192,0.79203,1.10,2.96
2014.10.20 05:57:22.130,0.79189,0.792,3.34,1.20
2014.10.20 05:57:23.069,0.79189,0.792,1.57,2.14
2014.10.20 05:57:23.572,0.7919,0.79199,1.00,1.17
2014.10.20 05:57:23.927,0.79187,0.79198,2.96,1.10
2014.10.20 05:57:24.433,0.79187,0.79198,3.71,1.00
2014.10.20 05:57:27.078,0.79187,0.79198,2.96,1.10
2014.10.20 05:57:27.487,0.79188,0.79198,1.09,1.10
2014.10.20 05:57:46.801,0.79189,0.792,1.69,1.27
2014.10.20 05:57:47.308,0.79188,0.79198,1.10,1.10
2014.10.20 05:57:51.819,0.79187,0.79198,2.51,1.27
2014.10.20 05:57:52.334,0.79187,0.79198,1.00,2.96
2014.10.20 05:57:52.842,0.79187,0.79195,1.00,1.46
2014.10.20 05:57:52.943,0.79184,0.79195,2.44,2.21
2014.10.20 05:57:55.162,0.79184,0.79193,1.00,1.20
2014.10.20 05:57:57.367,0.79184,0.79193,1.57,1.00
2014.10.20 05:58:01.991,0.79185,0.79195,1.50,1.15
2014.10.20 05:58:03.879,0.79185,0.79195,1.84,1.10
2014.10.20 05:58:17.603,0.79186,0.79195,1.20,1.00
2014.10.20 05:58:34.141,0.79186,0.79195,1.27,1.00
2014.10.20 05:58:34.445,0.79187,0.79197,1.10,1.76
2014.10.20 05:58:35.011,0.79187,0.79197,1.07,1.69
2014.10.20 05:58:36.426,0.79187,0.79197,1.17,1.00
2014.10.20 05:58:45.660,0.79187,0.79195,1.17,1.00
2014.10.20 05:58:46.285,0.79187,0.79195,3.07,1.00
2014.10.20 05:58:46.437,0.79187,0.79197,3.07,1.25
2014.10.20 05:59:00.845,0.79191,0.79199,1.00,1.69
2014.10.20 05:59:02.207,0.79191,0.79199,1.10,1.25
2014.10.20 05:59:04.248,0.79191,0.79199,1.10,1.69
2014.10.20 05:59:04.927,0.79191,0.79199,1.07,1.69
2014.10.20 05:59:05.437,0.79191,0.79199,1.15,1.00
2014.10.20 05:59:06.827,0.79191,0.79199,1.15,1.00
2014.10.20 05:59:08.535,0.79191,0.79199,1.15,1.00
2014.10.20 05:59:10.033,0.79191,0.79199,1.15,1.00
2014.10.20 05:59:10.826,0.79191,0.79199,1.10,1.00
2014.10.20 05:59:20.009,0.79191,0.79199,1.20,1.69
2014.10.20 05:59:21.981,0.79191,0.79199,1.20,1.00
2014.10.20 05:59:30.132,0.79194,0.79199,4.35,1.00
2014.10.20 05:59:30.643,0.79195,0.79202,2.32,1.50
2014.10.20 05:59:33.231,0.79195,0.79202,2.32,1.69
2014.10.20 05:59:34.033,0.79196,0.79204,2.32,1.19
2014.10.20 05:59:34.541,0.79197,0.79204,2.32,1.50
2014.10.20 05:59:40.077,0.79196,0.79204,2.25,2.06
2014.10.20 05:59:40.129,0.79192,0.79202,3.82,1.00
2014.10.20 05:59:40.434,0.79193,0.79202,1.10,1.00
2014.10.20 05:59:40.795,0.79192,0.79202,3.07,1.00
2014.10.20 05:59:40.897,0.79192,0.79202,1.15,1.12
2014.10.20 05:59:42.226,0.79192,0.79202,1.17,2.06
2014.10.20 05:59:42.760,0.79192,0.79202,1.10,2.14
2014.10.20 05:59:42.862,0.79193,0.79202,2.25,2.06
2014.10.20 05:59:43.167,0.79193,0.79199,2.32,1.00
2014.10.20 05:59:43.686,0.79194,0.79202,2.32,1.31
2014.10.20 05:59:44.968,0.79193,0.79202,2.25,1.29
2014.10.20 05:59:45.019,0.7919,0.79199,1.65,1.00
2014.10.20 05:59:45.070,0.79191,0.79199,2.32,1.00
2014.10.20 05:59:46.196,0.7919,0.79199,1.65,1.00
2014.10.20 05:59:47.082,0.79191,0.79199,2.25,1.00
2014.10.20 05:59:47.388,0.79194,0.79203,2.32,1.19
2014.10.20 05:59:47.439,0.79194,0.79203,2.32,1.69
2014.10.20 05:59:47.643,0.79192,0.79203,4.01,1.76
2014.10.20 05:59:47.744,0.79192,0.792,3.26,1.00
2014.10.20 05:59:51.149,0.79192,0.79202,3.07,1.25
2014.10.20 05:59:52.796,0.79193,0.79203,2.32,1.69
2014.10.20 05:59:53.319,0.79193,0.79203,2.32,1.25
2014.10.20 05:59:53.471,0.79196,0.79203,2.32,1.25
2014.10.20 05:59:54.509,0.79198,0.79203,2.17,1.25
2014.10.20 05:59:55.081,0.79197,0.79204,2.32,1.00
2014.10.20 05:59:55.590,0.79196,0.79203,2.32,1.00
2014.10.20 05:59:56.505,0.79197,0.79206,2.32,1.19
2014.10.20 05:59:58.428,0.79196,0.79203,4.50,1.00
2014.10.20 05:59:58.732,0.79196,0.79204,2.32,1.69
2014.10.20 05:59:59.736,0.79197,0.79204,2.32,1.00
2014.10.20 05:59:59.838,0.79197,0.79204,2.32,1.00
