2014.10.15 14:00:00.176,0.79971,0.7999,1.19,1.69
2014.10.15 14:00:00.227,0.79971,0.79984,2.44,1.00
2014.10.15 14:00:00.381,0.79971,0.79987,1.19,1.10
2014.10.15 14:00:00.889,0.79969,0.79987,1.19,1.10
2014.10.15 14:00:01.248,0.79969,0.79985,1.69,1.00
2014.10.15 14:00:01.708,0.7997,0.79988,1.69,1.50
2014.10.15 14:00:01.911,0.79973,0.79987,1.00,2.25
2014.10.15 14:00:02.218,0.79975,0.79988,1.00,1.00
2014.10.15 14:00:02.524,0.79971,0.79986,2.32,1.00
2014.10.15 14:00:02.931,0.79969,0.79985,3.34,1.00
2014.10.15 14:00:03.032,0.79969,0.79985,5.51,1.00
2014.10.15 14:00:03.337,0.79969,0.79983,2.51,1.00
2014.10.15 14:00:03.541,0.79969,0.79983,1.19,2.25
2014.10.15 14:00:03.911,0.79969,0.7998,1.19,1.00
2014.10.15 14:00:04.423,0.79969,0.79979,1.19,1.00
2014.10.15 14:00:04.678,0.79965,0.79977,1.25,1.00
2014.10.15 14:00:04.729,0.79965,0.79975,1.25,1.50
2014.10.15 14:00:04.882,0.79961,0.79975,1.19,1.50
2014.10.15 14:00:05.035,0.79964,0.79975,1.19,1.50
2014.10.15 14:00:05.137,0.79964,0.79978,1.19,1.50
2014.10.15 14:00:05.442,0.79962,0.79976,1.34,1.00
2014.10.15 14:00:05.645,0.79963,0.79978,1.19,1.25
2014.10.15 14:00:05.747,0.79962,0.79978,1.76,1.25
2014.10.15 14:00:06.253,0.79962,0.79977,1.29,1.00
2014.10.15 14:00:06.558,0.79963,0.79977,2.51,1.00
2014.10.15 14:00:06.965,0.7996,0.79977,1.40,3.19
2014.10.15 14:00:07.472,0.79964,0.79975,1.50,1.00
2014.10.15 14:00:07.778,0.79957,0.79967,1.00,1.00
2014.10.15 14:00:07.931,0.7995,0.79964,1.17,1.00
2014.10.15 14:00:07.983,0.7995,0.79961,1.17,1.00
2014.10.15 14:00:08.135,0.79946,0.79959,1.15,1.00
2014.10.15 14:00:08.186,0.79945,0.79957,2.32,1.00
2014.10.15 14:00:08.338,0.79941,0.79956,1.84,1.00
2014.10.15 14:00:08.390,0.79941,0.79958,1.09,1.50
2014.10.15 14:00:08.696,0.79951,0.79958,3.00,2.25
2014.10.15 14:00:09.007,0.79946,0.7996,3.00,1.19
2014.10.15 14:00:09.514,0.79946,0.7996,1.29,1.25
2014.10.15 14:00:09.718,0.79949,0.79962,1.50,2.44
2014.10.15 14:00:10.175,0.79952,0.79962,2.25,1.31
2014.10.15 14:00:10.480,0.79955,0.79963,2.32,1.87
2014.10.15 14:00:10.683,0.7995,0.79962,2.32,1.19
2014.10.15 14:00:10.937,0.7995,0.79956,2.32,1.00
2014.10.15 14:00:11.039,0.79947,0.79956,3.26,1.00
2014.10.15 14:00:11.140,0.79946,0.79956,1.34,1.00
2014.10.15 14:00:11.242,0.79944,0.79956,1.34,1.00
2014.10.15 14:00:11.394,0.79943,0.79954,5.44,1.00
2014.10.15 14:00:11.700,0.79939,0.79947,2.32,1.00
2014.10.15 14:00:11.751,0.79937,0.79946,1.15,1.12
2014.10.15 14:00:11.853,0.79936,0.7994,4.35,1.00
2014.10.15 14:00:11.955,0.79929,0.79937,1.00,1.00
2014.10.15 14:00:12.057,0.79923,0.79936,3.26,1.00
2014.10.15 14:00:12.159,0.79924,0.79937,1.10,1.00
2014.10.15 14:00:12.313,0.79923,0.79936,1.00,2.25
2014.10.15 14:00:12.414,0.79921,0.79937,1.25,2.32
2014.10.15 14:00:12.466,0.79919,0.79935,3.19,4.50
2014.10.15 14:00:12.770,0.79921,0.79933,2.44,4.50
2014.10.15 14:00:12.973,0.79922,0.79937,1.00,2.32
2014.10.15 14:00:13.278,0.79922,0.79937,3.07,1.00
2014.10.15 14:00:13.683,0.79924,0.7994,2.51,1.10
2014.10.15 14:00:14.088,0.79924,0.79937,2.32,1.00
2014.10.15 14:00:14.140,0.79921,0.79937,3.07,1.00
2014.10.15 14:00:14.191,0.7992,0.7993,1.00,1.00
2014.10.15 14:00:14.344,0.79916,0.7993,1.09,1.00
2014.10.15 14:00:14.396,0.79916,0.7993,5.44,1.00
2014.10.15 14:00:14.447,0.79916,0.79933,4.69,1.25
2014.10.15 14:00:14.650,0.7992,0.79929,1.50,1.00
2014.10.15 14:00:14.701,0.79914,0.79929,5.59,1.00
2014.10.15 14:00:14.752,0.79917,0.79933,1.19,1.84
2014.10.15 14:00:15.057,0.79921,0.79927,1.50,1.10
2014.10.15 14:00:15.209,0.79921,0.79934,1.50,1.25
2014.10.15 14:00:15.514,0.79917,0.79933,1.36,1.01
2014.10.15 14:00:15.667,0.79919,0.79933,1.19,1.07
2014.10.15 14:00:15.770,0.79917,0.79932,1.29,1.10
2014.10.15 14:00:16.378,0.79917,0.79934,1.26,2.59
2014.10.15 14:00:16.480,0.79919,0.79934,2.44,1.76
2014.10.15 14:00:16.988,0.79921,0.79934,2.51,1.19
2014.10.15 14:00:17.192,0.79919,0.79932,2.32,1.19
2014.10.15 14:00:17.294,0.79916,0.79928,4.50,1.19
2014.10.15 14:00:17.701,0.79914,0.79927,5.51,1.25
2014.10.15 14:00:17.958,0.79914,0.79923,2.32,1.19
2014.10.15 14:00:18.009,0.79912,0.79923,3.26,1.19
2014.10.15 14:00:18.060,0.79912,0.79927,3.64,1.69
2014.10.15 14:00:18.567,0.79912,0.79928,2.51,1.36
2014.10.15 14:00:18.719,0.79914,0.79928,1.07,1.29
2014.10.15 14:00:19.034,0.79915,0.7993,1.36,1.19
2014.10.15 14:00:19.492,0.79915,0.7993,2.51,1.19
2014.10.15 14:00:19.695,0.79917,0.79932,3.07,1.25
2014.10.15 14:00:19.899,0.7992,0.79933,3.07,1.19
2014.10.15 14:00:20.204,0.79923,0.79932,2.32,1.19
2014.10.15 14:00:20.306,0.79924,0.79935,2.32,2.44
2014.10.15 14:00:20.510,0.79924,0.79936,2.32,1.69
2014.10.15 14:00:20.612,0.79919,0.79934,3.34,1.00
2014.10.15 14:00:20.663,0.79919,0.79931,3.26,2.25
2014.10.15 14:00:21.072,0.79924,0.7993,1.00,2.32
2014.10.15 14:00:21.479,0.79926,0.79931,1.19,1.50
2014.10.15 14:00:21.530,0.79926,0.79935,1.19,2.32
2014.10.15 14:00:21.735,0.79925,0.79935,1.00,4.50
2014.10.15 14:00:21.838,0.79925,0.79933,1.00,2.32
2014.10.15 14:00:22.144,0.79924,0.79929,1.00,4.35
2014.10.15 14:00:22.398,0.79921,0.79932,1.00,2.32
2014.10.15 14:00:22.500,0.79921,0.7993,1.00,3.07
2014.10.15 14:00:22.806,0.79919,0.7993,2.44,2.32
2014.10.15 14:00:23.009,0.79919,0.79926,1.00,2.32
2014.10.15 14:00:23.112,0.79915,0.79926,1.19,4.50
2014.10.15 14:00:23.213,0.79915,0.79923,1.25,2.32
2014.10.15 14:00:23.417,0.79915,0.79926,1.69,4.50
2014.10.15 14:00:23.519,0.79915,0.79929,3.26,4.01
2014.10.15 14:00:23.879,0.79916,0.79923,1.00,1.19
2014.10.15 14:00:23.931,0.79912,0.79925,3.64,1.76
2014.10.15 14:00:24.035,0.79914,0.79925,5.25,1.19
2014.10.15 14:00:24.137,0.79915,0.79926,2.51,1.69
2014.10.15 14:00:24.239,0.79912,0.79925,4.01,1.29
2014.10.15 14:00:24.546,0.79916,0.79926,1.40,2.44
2014.10.15 14:00:24.851,0.79917,0.79926,2.32,1.25
2014.10.15 14:00:24.953,0.79917,0.7993,4.50,4.84
2014.10.15 14:00:25.004,0.79921,0.7993,2.25,4.01
2014.10.15 14:00:25.055,0.79922,0.7993,2.32,3.00
2014.10.15 14:00:25.106,0.79919,0.7993,1.15,1.00
2014.10.15 14:00:25.158,0.79919,0.79928,1.15,1.19
2014.10.15 14:00:25.463,0.79925,0.7993,4.35,1.00
2014.10.15 14:00:25.666,0.79926,0.79932,2.25,1.19
2014.10.15 14:00:25.717,0.79928,0.79935,2.32,1.00
2014.10.15 14:00:26.022,0.7993,0.79935,4.35,1.69
2014.10.15 14:00:26.327,0.79926,0.79934,4.50,1.19
2014.10.15 14:00:26.632,0.7993,0.79937,2.17,1.19
2014.10.15 14:00:26.835,0.7993,0.7994,2.32,2.44
2014.10.15 14:00:26.937,0.79929,0.79937,2.32,1.19
2014.10.15 14:00:27.242,0.7993,0.79936,2.17,1.19
2014.10.15 14:00:27.649,0.79926,0.79936,4.50,1.69
2014.10.15 14:00:27.750,0.79928,0.79936,2.32,1.69
2014.10.15 14:00:28.056,0.79933,0.79939,1.10,1.19
2014.10.15 14:00:28.463,0.79932,0.79941,1.15,1.19
2014.10.15 14:00:28.826,0.79931,0.79939,4.50,1.19
2014.10.15 14:00:28.979,0.79929,0.79939,4.50,1.25
2014.10.15 14:00:29.335,0.79928,0.79937,2.32,1.19
2014.10.15 14:00:30.353,0.79929,0.79937,2.32,1.19
2014.10.15 14:00:30.404,0.79929,0.79939,2.32,1.19
2014.10.15 14:00:30.455,0.79927,0.79939,1.15,1.29
2014.10.15 14:00:30.557,0.79931,0.79941,2.32,1.19
2014.10.15 14:00:30.608,0.79931,0.79945,2.32,3.07
2014.10.15 14:00:30.660,0.79933,0.79945,2.32,1.07
2014.10.15 14:00:31.067,0.79932,0.7994,1.00,2.32
2014.10.15 14:00:31.575,0.79925,0.79932,3.00,2.32
2014.10.15 14:00:31.626,0.79925,0.79932,3.00,2.32
2014.10.15 14:00:31.829,0.79922,0.79932,1.50,2.32
2014.10.15 14:00:31.982,0.7992,0.79931,1.10,2.32
2014.10.15 14:00:32.388,0.79921,0.79932,1.29,2.51
2014.10.15 14:00:32.490,0.79921,0.79934,1.29,4.01
2014.10.15 14:00:32.997,0.79921,0.79934,4.01,1.29
2014.10.15 14:00:33.505,0.7992,0.79935,3.26,1.84
2014.10.15 14:00:34.042,0.79921,0.79935,4.69,1.34
2014.10.15 14:00:34.557,0.79922,0.79935,3.26,1.29
2014.10.15 14:00:34.912,0.79926,0.79937,1.20,1.40
2014.10.15 14:00:35.166,0.79927,0.79939,2.32,1.19
2014.10.15 14:00:35.218,0.79927,0.7994,3.26,1.76
2014.10.15 14:00:35.676,0.79929,0.7994,2.51,1.29
2014.10.15 14:00:36.235,0.79929,0.7994,2.51,1.29
2014.10.15 14:00:36.642,0.79928,0.7994,1.34,1.29
2014.10.15 14:00:37.155,0.79928,0.7994,3.26,1.19
2014.10.15 14:00:37.562,0.7993,0.79942,4.01,1.76
2014.10.15 14:00:37.817,0.7993,0.79939,1.00,1.29
2014.10.15 14:00:38.071,0.7993,0.7994,3.07,1.19
2014.10.15 14:00:38.224,0.79931,0.79942,1.15,1.19
2014.10.15 14:00:38.478,0.79932,0.79942,5.44,1.00
2014.10.15 14:00:38.987,0.79932,0.79942,2.51,1.69
2014.10.15 14:00:39.090,0.79931,0.79942,1.84,1.76
2014.10.15 14:00:39.447,0.79927,0.79938,6.19,1.19
2014.10.15 14:00:39.650,0.7993,0.79942,1.34,1.84
2014.10.15 14:00:39.853,0.7993,0.79941,2.51,1.29
2014.10.15 14:00:40.161,0.79928,0.79939,5.44,1.19
2014.10.15 14:00:40.669,0.7993,0.7994,1.34,1.19
2014.10.15 14:00:41.075,0.79931,0.79943,1.36,2.59
2014.10.15 14:00:41.431,0.79931,0.79943,3.26,1.29
2014.10.15 14:00:41.939,0.79932,0.79943,2.51,1.29
2014.10.15 14:00:42.449,0.79931,0.79944,1.36,1.34
2014.10.15 14:00:42.856,0.79929,0.79941,4.76,1.19
2014.10.15 14:00:43.363,0.7993,0.79942,3.26,1.36
2014.10.15 14:00:43.669,0.79931,0.79945,1.84,1.77
2014.10.15 14:00:43.873,0.79933,0.79943,2.51,1.00
2014.10.15 14:00:44.178,0.7993,0.79937,2.25,2.81
2014.10.15 14:00:44.523,0.79931,0.79939,2.51,1.00
2014.10.15 14:00:44.676,0.79929,0.79939,7.69,1.00
2014.10.15 14:00:45.032,0.79929,0.79941,5.44,1.00
2014.10.15 14:00:45.083,0.79931,0.79941,3.26,1.00
2014.10.15 14:00:45.388,0.79934,0.79943,3.26,1.50
2014.10.15 14:00:45.439,0.79934,0.79948,5.44,4.01
2014.10.15 14:00:45.492,0.79934,0.79948,5.44,1.34
2014.10.15 14:00:46.005,0.79936,0.79948,1.15,1.29
2014.10.15 14:00:46.513,0.79935,0.79946,1.09,1.01
2014.10.15 14:00:46.564,0.79935,0.79944,1.09,1.00
2014.10.15 14:00:46.768,0.79932,0.79944,1.84,1.29
2014.10.15 14:00:47.022,0.79933,0.79941,2.32,1.25
2014.10.15 14:00:47.176,0.79931,0.79941,2.44,1.84
2014.10.15 14:00:47.379,0.7993,0.79944,1.34,2.59
2014.10.15 14:00:47.887,0.79932,0.79943,1.17,1.01
2014.10.15 14:00:48.242,0.79934,0.79943,1.07,1.10
2014.10.15 14:00:50.018,0.79935,0.79943,1.00,2.44
2014.10.15 14:00:50.120,0.79932,0.79939,1.10,1.00
2014.10.15 14:00:50.222,0.7993,0.79939,1.10,1.19
2014.10.15 14:00:50.427,0.79927,0.79938,1.84,1.01
2014.10.15 14:00:50.478,0.79927,0.79936,1.84,1.00
2014.10.15 14:00:50.783,0.79928,0.79939,1.84,1.00
2014.10.15 14:00:50.885,0.7993,0.79941,1.84,1.57
2014.10.15 14:00:51.140,0.79934,0.79943,1.00,1.84
2014.10.15 14:00:51.445,0.79934,0.79942,1.57,1.50
2014.10.15 14:00:51.497,0.79934,0.79942,1.50,1.95
2014.10.15 14:00:51.650,0.79931,0.79938,1.20,1.00
2014.10.15 14:00:52.159,0.79928,0.79937,3.45,1.25
2014.10.15 14:00:52.313,0.79929,0.79936,3.00,1.00
2014.10.15 14:00:52.620,0.79928,0.79937,3.26,1.00
2014.10.15 14:00:52.672,0.79928,0.79939,3.26,1.25
2014.10.15 14:00:52.825,0.79928,0.79939,1.36,1.01
2014.10.15 14:00:53.334,0.79929,0.79939,1.34,1.19
2014.10.15 14:00:53.870,0.79929,0.79938,1.09,1.25
2014.10.15 14:00:54.073,0.79931,0.7994,1.10,1.25
2014.10.15 14:00:54.175,0.79929,0.79938,1.84,1.00
2014.10.15 14:00:54.327,0.79929,0.7994,1.84,1.01
2014.10.15 14:00:54.581,0.79929,0.79939,1.32,1.19
2014.10.15 14:00:55.096,0.79928,0.79937,1.26,1.10
2014.10.15 14:00:55.613,0.7993,0.79938,1.57,1.01
2014.10.15 14:00:55.919,0.79929,0.7994,6.26,1.19
2014.10.15 14:00:56.173,0.79933,0.79941,1.10,1.25
2014.10.15 14:00:56.326,0.79933,0.79942,2.40,1.25
2014.10.15 14:00:56.834,0.79933,0.79943,1.40,1.50
2014.10.15 14:00:57.244,0.79934,0.79943,3.26,1.00
2014.10.15 14:00:57.752,0.79935,0.79943,2.32,3.94
2014.10.15 14:00:57.854,0.79933,0.79943,4.01,3.94
2014.10.15 14:00:57.956,0.79933,0.79943,1.84,3.94
2014.10.15 14:00:58.159,0.79934,0.79943,1.29,3.75
2014.10.15 14:00:58.640,0.79937,0.79942,2.25,3.00
2014.10.15 14:00:59.148,0.79935,0.79943,3.26,1.00
2014.10.15 14:00:59.250,0.79934,0.79943,1.84,1.00
2014.10.15 14:00:59.864,0.79934,0.79943,3.26,2.44
2014.10.15 14:01:00.376,0.79936,0.79943,1.40,1.50
2014.10.15 14:01:00.733,0.79936,0.79943,2.51,1.00
2014.10.15 14:01:00.834,0.79938,0.79947,4.50,2.25
2014.10.15 14:01:00.936,0.79941,0.79947,1.15,1.50
2014.10.15 14:01:01.241,0.79943,0.79952,1.20,3.19
2014.10.15 14:01:01.343,0.79945,0.79952,1.00,2.44
2014.10.15 14:01:01.648,0.79946,0.79951,1.00,2.62
2014.10.15 14:01:01.801,0.79944,0.79951,1.10,2.62
2014.10.15 14:01:02.004,0.79942,0.79948,2.32,1.50
2014.10.15 14:01:02.512,0.79941,0.7995,1.00,1.15
2014.10.15 14:01:02.665,0.79939,0.79949,1.69,3.07
2014.10.15 14:01:03.020,0.79936,0.79949,1.84,4.65
2014.10.15 14:01:03.349,0.79936,0.79944,1.10,1.01
2014.10.15 14:01:03.654,0.79931,0.79939,3.75,1.84
2014.10.15 14:01:03.959,0.79931,0.79937,3.00,1.36
2014.10.15 14:01:04.264,0.79925,0.79933,1.69,1.36
2014.10.15 14:01:04.621,0.79926,0.79933,1.19,1.10
2014.10.15 14:01:04.774,0.79926,0.79937,2.44,1.15
2014.10.15 14:01:04.877,0.79933,0.79937,1.00,1.10
2014.10.15 14:01:04.980,0.79932,0.79941,1.15,1.00
2014.10.15 14:01:05.336,0.79931,0.79939,3.64,1.00
2014.10.15 14:01:05.642,0.79933,0.79939,1.50,1.57
2014.10.15 14:01:05.846,0.79934,0.7994,1.50,3.07
2014.10.15 14:01:05.948,0.79934,0.79938,1.50,1.00
2014.10.15 14:01:06.202,0.79936,0.79943,4.50,1.15
2014.10.15 14:01:06.508,0.79938,0.79942,3.00,1.95
2014.10.15 14:01:06.611,0.79934,0.79942,3.07,2.89
2014.10.15 14:01:07.020,0.79929,0.79935,1.76,1.00
2014.10.15 14:01:07.702,0.79934,0.79941,3.00,1.17
2014.10.15 14:01:07.754,0.79934,0.79944,3.00,1.65
2014.10.15 14:01:07.806,0.79934,0.79943,3.00,2.40
2014.10.15 14:01:08.314,0.79932,0.79943,3.26,2.40
2014.10.15 14:01:08.468,0.79932,0.79944,2.51,2.32
2014.10.15 14:01:08.774,0.79932,0.79945,1.09,3.00
2014.10.15 14:01:08.825,0.79932,0.79945,1.01,3.07
2014.10.15 14:01:09.080,0.79932,0.79942,1.00,2.25
2014.10.15 14:01:09.183,0.7993,0.79941,1.00,1.40
2014.10.15 14:01:09.286,0.79932,0.79938,1.00,1.20
2014.10.15 14:01:09.592,0.79929,0.79935,1.00,1.00
2014.10.15 14:01:09.695,0.7993,0.79937,1.00,1.01
2014.10.15 14:01:09.899,0.79928,0.79934,1.19,1.00
2014.10.15 14:01:10.001,0.79928,0.79939,1.19,1.84
2014.10.15 14:01:10.205,0.79927,0.79937,1.76,1.15
2014.10.15 14:01:10.510,0.79927,0.79937,3.26,1.00
2014.10.15 14:01:11.017,0.79928,0.79938,2.51,1.00
2014.10.15 14:01:11.069,0.79927,0.79938,1.84,1.10
2014.10.15 14:01:11.221,0.79929,0.79939,1.84,3.00
2014.10.15 14:01:11.526,0.79929,0.79936,1.25,1.00
2014.10.15 14:01:12.132,0.79931,0.7994,1.25,3.26
2014.10.15 14:01:12.183,0.79931,0.7994,1.25,1.09
2014.10.15 14:01:12.693,0.79932,0.79941,1.00,1.29
2014.10.15 14:01:13.101,0.79928,0.79935,4.01,1.00
2014.10.15 14:01:13.510,0.79928,0.79935,1.19,1.50
2014.10.15 14:01:13.612,0.79928,0.79935,1.19,2.32
2014.10.15 14:01:13.765,0.79925,0.79933,1.69,1.00
2014.10.15 14:01:13.918,0.79925,0.79934,1.19,3.45
2014.10.15 14:01:14.324,0.79925,0.79933,3.94,1.00
2014.10.15 14:01:14.578,0.79926,0.79937,1.36,1.76
2014.10.15 14:01:14.731,0.79927,0.79937,2.51,1.19
2014.10.15 14:01:15.036,0.79932,0.79941,1.15,1.19
2014.10.15 14:01:15.138,0.79933,0.79943,1.20,1.39
2014.10.15 14:01:15.189,0.79932,0.79941,1.25,2.32
2014.10.15 14:01:15.442,0.7993,0.7994,1.00,3.07
2014.10.15 14:01:15.493,0.7993,0.7994,1.17,1.00
2014.10.15 14:01:15.696,0.79929,0.79936,1.01,1.00
2014.10.15 14:01:16.001,0.79926,0.79935,1.00,1.10
2014.10.15 14:01:16.153,0.79926,0.79934,1.19,1.00
2014.10.15 14:01:16.472,0.79926,0.79931,1.00,1.00
2014.10.15 14:01:16.675,0.79925,0.79933,1.07,1.00
2014.10.15 14:01:16.726,0.79924,0.79934,1.20,1.20
2014.10.15 14:01:17.034,0.79924,0.79932,1.01,1.19
2014.10.15 14:01:17.340,0.79923,0.79931,1.50,2.06
2014.10.15 14:01:17.647,0.79921,0.79927,3.00,1.19
2014.10.15 14:01:17.699,0.79921,0.79925,3.00,1.00
2014.10.15 14:01:17.751,0.79918,0.79923,1.69,1.00
2014.10.15 14:01:17.954,0.79919,0.79923,3.00,1.00
2014.10.15 14:01:18.005,0.79919,0.79927,3.00,1.17
2014.10.15 14:01:18.259,0.79921,0.79926,3.00,1.50
2014.10.15 14:01:18.565,0.79914,0.79921,1.29,1.00
2014.10.15 14:01:18.616,0.79918,0.79923,3.00,1.57
2014.10.15 14:01:18.769,0.79919,0.79925,3.00,1.84
2014.10.15 14:01:19.025,0.79913,0.79922,4.09,1.00
2014.10.15 14:01:19.231,0.79919,0.79925,3.07,1.50
2014.10.15 14:01:19.335,0.79919,0.79928,3.07,1.32
2014.10.15 14:01:19.387,0.79923,0.79928,3.00,1.01
2014.10.15 14:01:19.693,0.79919,0.79929,3.15,1.00
2014.10.15 14:01:19.796,0.79927,0.79932,3.00,1.57
2014.10.15 14:01:20.052,0.79929,0.79934,3.00,1.01
2014.10.15 14:01:20.154,0.79926,0.79932,3.00,1.00
2014.10.15 14:01:20.459,0.79925,0.79933,3.00,2.51
2014.10.15 14:01:20.830,0.79925,0.79933,4.50,1.26
2014.10.15 14:01:20.882,0.79928,0.79933,3.00,1.07
2014.10.15 14:01:20.935,0.79927,0.79934,3.00,1.76
2014.10.15 14:01:21.192,0.79927,0.79932,3.07,1.00
2014.10.15 14:01:21.294,0.79928,0.79934,3.00,1.09
2014.10.15 14:01:21.397,0.79923,0.79932,1.57,1.29
2014.10.15 14:01:21.702,0.79926,0.79932,3.00,1.84
2014.10.15 14:01:22.007,0.79923,0.7993,3.00,1.76
2014.10.15 14:01:22.413,0.79923,0.79932,3.19,1.07
2014.10.15 14:01:22.667,0.79922,0.79933,7.76,1.00
2014.10.15 14:01:22.922,0.79925,0.79936,1.29,1.09
2014.10.15 14:01:23.227,0.79929,0.79936,1.19,1.10
2014.10.15 14:01:23.380,0.79929,0.79936,1.39,1.00
2014.10.15 14:01:23.684,0.79929,0.79938,1.29,1.25
2014.10.15 14:01:23.735,0.79929,0.79938,2.32,1.00
2014.10.15 14:01:23.938,0.7993,0.79937,1.10,1.00
2014.10.15 14:01:24.040,0.79927,0.79936,1.36,1.50
2014.10.15 14:01:24.244,0.79927,0.7994,1.36,1.84
2014.10.15 14:01:24.448,0.79927,0.79939,1.19,5.44
2014.10.15 14:01:24.650,0.79925,0.79937,1.34,1.34
2014.10.15 14:01:25.157,0.79924,0.79935,1.29,1.36
2014.10.15 14:01:25.645,0.79924,0.79933,3.00,1.34
2014.10.15 14:01:25.799,0.79924,0.79931,3.00,1.10
2014.10.15 14:01:26.209,0.79924,0.79931,1.00,1.07
2014.10.15 14:01:26.260,0.79921,0.79931,1.00,1.84
2014.10.15 14:01:26.312,0.79921,0.7993,1.00,1.34
2014.10.15 14:01:26.465,0.79919,0.79926,3.00,1.00
2014.10.15 14:01:26.567,0.79919,0.79928,3.00,1.36
2014.10.15 14:01:26.669,0.79919,0.79927,3.00,1.76
2014.10.15 14:01:26.873,0.79918,0.79927,2.51,1.00
2014.10.15 14:01:26.975,0.79921,0.79932,1.57,1.65
2014.10.15 14:01:27.129,0.79919,0.79931,1.65,1.36
2014.10.15 14:01:27.180,0.79919,0.79931,1.20,1.34
2014.10.15 14:01:27.282,0.79919,0.79928,1.00,1.17
2014.10.15 14:01:27.798,0.79917,0.79927,4.09,1.10
2014.10.15 14:01:27.951,0.79919,0.79931,6.19,1.69
2014.10.15 14:01:28.256,0.79921,0.79931,1.01,1.18
2014.10.15 14:01:28.358,0.79919,0.79929,1.01,1.01
2014.10.15 14:01:28.460,0.79917,0.7993,4.09,4.76
2014.10.15 14:01:28.765,0.7992,0.79924,2.25,1.00
2014.10.15 14:01:28.867,0.79917,0.79927,1.19,1.84
2014.10.15 14:01:29.374,0.79919,0.79927,1.31,1.00
2014.10.15 14:01:29.425,0.79919,0.79928,1.39,1.76
2014.10.15 14:01:29.628,0.79922,0.79931,1.65,1.25
2014.10.15 14:01:29.679,0.79922,0.79933,2.59,1.50
2014.10.15 14:01:29.883,0.79926,0.79934,1.19,1.00
2014.10.15 14:01:30.209,0.79929,0.79938,1.25,1.39
2014.10.15 14:01:30.412,0.79926,0.79939,1.29,6.07
2014.10.15 14:01:30.514,0.79929,0.79938,1.25,2.89
2014.10.15 14:01:31.023,0.79926,0.79935,1.19,1.10
2014.10.15 14:01:31.176,0.79926,0.79936,1.19,2.32
2014.10.15 14:01:31.278,0.79923,0.79937,1.34,1.34
2014.10.15 14:01:31.534,0.79924,0.79935,1.29,1.40
2014.10.15 14:01:31.586,0.79922,0.79935,1.76,4.01
2014.10.15 14:01:31.688,0.79922,0.79931,1.19,1.17
2014.10.15 14:01:31.739,0.7992,0.79931,2.51,1.17
2014.10.15 14:01:31.841,0.79923,0.79931,1.19,1.07
2014.10.15 14:01:31.892,0.79923,0.79934,1.29,1.84
2014.10.15 14:01:32.198,0.79922,0.79932,1.19,1.17
2014.10.15 14:01:32.706,0.7992,0.79932,1.84,1.10
2014.10.15 14:01:33.010,0.79922,0.79932,1.25,1.36
2014.10.15 14:01:33.570,0.79922,0.79931,1.25,1.01
2014.10.15 14:01:34.077,0.79922,0.79931,1.19,1.10
2014.10.15 14:01:34.706,0.79925,0.79932,2.25,1.01
2014.10.15 14:01:34.808,0.79923,0.79932,2.51,1.25
2014.10.15 14:01:34.860,0.79923,0.79932,1.36,1.00
2014.10.15 14:01:34.962,0.79925,0.79935,1.56,1.15
2014.10.15 14:01:35.064,0.79925,0.79938,1.74,5.59
2014.10.15 14:01:35.270,0.79927,0.79934,1.25,3.00
2014.10.15 14:01:35.371,0.79924,0.79933,1.29,1.10
2014.10.15 14:01:35.575,0.7992,0.79933,1.36,3.19
2014.10.15 14:01:36.083,0.79922,0.79931,1.19,1.10
2014.10.15 14:01:36.185,0.79922,0.79936,3.71,3.07
2014.10.15 14:01:36.236,0.79924,0.79936,1.19,3.07
2014.10.15 14:01:36.288,0.79924,0.79937,1.36,1.65
2014.10.15 14:01:36.694,0.79925,0.79933,1.01,1.10
2014.10.15 14:01:37.000,0.79921,0.79931,1.69,1.15
2014.10.15 14:01:37.051,0.7992,0.79931,1.25,1.84
2014.10.15 14:01:37.204,0.7992,0.79929,1.69,2.32
2014.10.15 14:01:37.306,0.79918,0.79927,3.19,1.17
2014.10.15 14:01:37.459,0.79921,0.79929,1.19,4.01
2014.10.15 14:01:37.662,0.79919,0.79929,1.69,3.07
2014.10.15 14:01:37.815,0.79918,0.79929,4.84,1.01
2014.10.15 14:01:37.967,0.79917,0.79928,4.01,1.36
2014.10.15 14:01:38.272,0.79919,0.79928,1.19,1.17
2014.10.15 14:01:38.576,0.79918,0.79927,3.94,2.32
2014.10.15 14:01:39.084,0.79918,0.79928,3.94,3.07
2014.10.15 14:01:39.618,0.7992,0.79927,3.19,2.51
2014.10.15 14:01:39.874,0.79916,0.79922,3.19,1.10
2014.10.15 14:01:40.180,0.79917,0.79923,1.19,1.07
2014.10.15 14:01:40.231,0.79917,0.79927,1.19,2.59
2014.10.15 14:01:40.282,0.7992,0.79927,3.00,2.51
2014.10.15 14:01:40.638,0.79917,0.79927,2.51,2.51
2014.10.15 14:01:40.892,0.79917,0.79927,1.29,1.10
2014.10.15 14:01:41.805,0.79914,0.79925,1.84,2.44
2014.10.15 14:01:41.907,0.79913,0.79925,1.26,2.51
2014.10.15 14:01:42.415,0.79913,0.79922,1.29,1.07
2014.10.15 14:01:42.923,0.79911,0.79923,3.34,1.36
2014.10.15 14:01:43.025,0.79913,0.79924,1.29,1.84
2014.10.15 14:01:43.230,0.79915,0.79927,1.36,1.36
2014.10.15 14:01:43.839,0.79915,0.79925,1.36,1.19
2014.10.15 14:01:44.428,0.79912,0.79922,2.51,1.32
2014.10.15 14:01:44.940,0.79915,0.79922,1.29,1.00
2014.10.15 14:01:45.450,0.79916,0.79921,1.50,1.00
2014.10.15 14:01:45.920,0.79912,0.79919,1.36,1.00
2014.10.15 14:01:46.429,0.79912,0.79918,2.51,1.00
2014.10.15 14:01:46.633,0.79912,0.79921,1.36,1.25
2014.10.15 14:01:46.735,0.79912,0.79919,1.36,1.00
2014.10.15 14:01:47.243,0.79911,0.7992,1.84,1.00
2014.10.15 14:01:47.956,0.79912,0.79919,1.76,1.00
2014.10.15 14:01:48.166,0.79912,0.79921,1.76,1.50
2014.10.15 14:01:48.573,0.79913,0.79923,2.44,2.59
2014.10.15 14:01:48.878,0.79913,0.7992,1.39,1.00
2014.10.15 14:01:49.358,0.79915,0.79928,2.21,1.09
2014.10.15 14:01:49.409,0.79915,0.79929,6.26,1.26
2014.10.15 14:01:49.460,0.79917,0.79929,2.21,1.10
2014.10.15 14:01:49.562,0.7992,0.7993,2.32,1.69
2014.10.15 14:01:49.665,0.79918,0.79931,1.34,1.36
2014.10.15 14:01:49.717,0.79919,0.79931,3.26,1.26
2014.10.15 14:01:50.175,0.79917,0.7993,2.59,3.26
2014.10.15 14:01:50.481,0.79917,0.79923,1.29,1.00
2014.10.15 14:01:50.583,0.79915,0.79925,1.76,1.01
2014.10.15 14:01:50.685,0.79916,0.79925,1.19,1.10
2014.10.15 14:01:51.040,0.79916,0.79928,6.56,1.69
2014.10.15 14:01:51.091,0.79917,0.79929,1.46,1.09
2014.10.15 14:01:51.601,0.79917,0.7993,1.36,3.34
2014.10.15 14:01:52.059,0.79916,0.79927,1.36,1.01
2014.10.15 14:01:52.515,0.79915,0.79925,1.36,2.06
2014.10.15 14:01:52.719,0.79912,0.79923,5.25,1.00
2014.10.15 14:01:52.771,0.79912,0.7992,4.50,1.00
2014.10.15 14:01:52.924,0.79912,0.79922,1.71,1.00
2014.10.15 14:01:52.975,0.79912,0.79925,2.21,1.15
2014.10.15 14:01:53.027,0.79914,0.79926,4.39,1.57
2014.10.15 14:01:53.079,0.79914,0.79926,6.19,1.50
2014.10.15 14:01:53.282,0.79917,0.79924,1.36,1.87
2014.10.15 14:01:53.486,0.79919,0.79929,1.39,3.15
2014.10.15 14:01:54.016,0.79918,0.79929,3.26,2.81
2014.10.15 14:01:54.168,0.79918,0.79927,1.29,1.87
2014.10.15 14:01:54.423,0.79918,0.79925,1.19,1.00
2014.10.15 14:01:54.677,0.79918,0.79927,1.36,1.00
2014.10.15 14:01:54.982,0.79918,0.79925,1.36,1.00
2014.10.15 14:01:55.341,0.79918,0.79927,1.29,1.00
2014.10.15 14:01:55.596,0.79918,0.79925,1.29,1.87
2014.10.15 14:01:56.106,0.79917,0.79925,1.19,1.20
2014.10.15 14:01:56.412,0.79916,0.79922,1.69,1.00
2014.10.15 14:01:56.565,0.79916,0.79925,1.69,3.64
2014.10.15 14:01:57.074,0.79917,0.79924,2.96,1.87
2014.10.15 14:01:57.583,0.79917,0.79923,1.19,1.00
2014.10.15 14:01:57.634,0.79917,0.79926,1.19,2.77
2014.10.15 14:01:58.142,0.79918,0.79926,1.34,1.00
2014.10.15 14:01:58.832,0.79917,0.79925,1.00,1.95
2014.10.15 14:01:58.884,0.79914,0.79925,2.51,1.17
2014.10.15 14:01:59.291,0.79915,0.79926,1.29,1.09
2014.10.15 14:01:59.494,0.79915,0.79923,1.19,1.00
2014.10.15 14:01:59.800,0.79915,0.79921,1.76,1.87
2014.10.15 14:01:59.902,0.79915,0.79922,1.19,1.00
2014.10.15 14:02:00.105,0.79915,0.79924,1.19,2.96
2014.10.15 14:02:00.156,0.79915,0.79922,1.19,1.00
2014.10.15 14:02:00.258,0.79915,0.79924,1.29,2.81
2014.10.15 14:02:00.665,0.79915,0.79922,1.19,1.10
2014.10.15 14:02:00.818,0.79913,0.7992,1.19,1.87
2014.10.15 14:02:00.870,0.79913,0.79918,1.19,1.87
2014.10.15 14:02:01.074,0.7991,0.79917,2.06,1.00
2014.10.15 14:02:01.379,0.7991,0.79914,1.00,1.00
2014.10.15 14:02:01.481,0.79911,0.79918,1.19,1.95
2014.10.15 14:02:01.636,0.7991,0.79915,2.70,1.87
2014.10.15 14:02:01.840,0.79908,0.79916,1.19,2.02
2014.10.15 14:02:02.349,0.79907,0.79915,1.31,1.10
2014.10.15 14:02:03.111,0.79907,0.79916,1.76,2.06
2014.10.15 14:02:03.264,0.79908,0.79914,1.69,1.00
2014.10.15 14:02:03.596,0.79907,0.79916,2.59,2.81
2014.10.15 14:02:03.800,0.79908,0.79916,1.84,1.87
2014.10.15 14:02:03.852,0.79908,0.79918,1.84,1.25
2014.10.15 14:02:04.005,0.7991,0.7992,2.21,2.81
2014.10.15 14:02:04.107,0.7991,0.79917,1.34,1.00
2014.10.15 14:02:04.209,0.7991,0.79918,1.34,1.00
2014.10.15 14:02:04.465,0.7991,0.79916,1.34,1.00
2014.10.15 14:02:04.871,0.79912,0.79918,1.29,1.50
2014.10.15 14:02:05.227,0.7991,0.79916,1.26,1.00
2014.10.15 14:02:05.431,0.79914,0.79922,1.29,1.00
2014.10.15 14:02:05.939,0.79913,0.79924,1.36,1.29
2014.10.15 14:02:05.990,0.79916,0.79921,1.19,1.00
2014.10.15 14:02:06.193,0.79913,0.79922,1.29,1.25
2014.10.15 14:02:06.295,0.79912,0.79919,1.26,1.25
2014.10.15 14:02:06.601,0.7991,0.79917,1.39,1.87
2014.10.15 14:02:06.906,0.79914,0.79921,1.19,1.57
2014.10.15 14:02:07.418,0.79915,0.79923,1.39,2.62
2014.10.15 14:02:08.054,0.79912,0.79918,1.29,1.00
2014.10.15 14:02:08.157,0.79912,0.7992,1.29,2.62
2014.10.15 14:02:08.208,0.79912,0.79918,1.19,1.50
2014.10.15 14:02:08.515,0.79912,0.7992,1.19,3.37
2014.10.15 14:02:08.566,0.79911,0.79915,1.01,1.00
2014.10.15 14:02:08.618,0.79911,0.79919,1.01,1.10
2014.10.15 14:02:08.721,0.7991,0.79914,1.00,1.00
2014.10.15 14:02:08.874,0.79909,0.79916,1.29,1.00
2014.10.15 14:02:09.180,0.79911,0.79916,3.19,1.00
2014.10.15 14:02:09.536,0.79909,0.79915,1.25,1.00
2014.10.15 14:02:09.942,0.79909,0.79914,1.19,1.00
2014.10.15 14:02:10.145,0.79906,0.79916,4.09,1.00
2014.10.15 14:02:10.399,0.79904,0.79912,1.69,6.00
2014.10.15 14:02:10.704,0.79904,0.79909,1.74,1.00
2014.10.15 14:02:10.957,0.79907,0.79911,1.00,1.00
2014.10.15 14:02:11.110,0.79908,0.79915,1.36,1.50
2014.10.15 14:02:11.262,0.79908,0.79917,1.29,1.25
2014.10.15 14:02:11.364,0.79909,0.79917,1.19,1.00
2014.10.15 14:02:11.466,0.79909,0.7992,2.21,2.51
2014.10.15 14:02:11.822,0.79909,0.79917,1.29,1.00
2014.10.15 14:02:11.873,0.79908,0.79917,1.36,1.25
2014.10.15 14:02:11.924,0.79908,0.79912,1.20,1.00
2014.10.15 14:02:12.077,0.79906,0.79912,1.39,1.00
2014.10.15 14:02:12.179,0.79908,0.79916,1.19,1.01
2014.10.15 14:02:12.281,0.79908,0.79915,1.29,1.00
2014.10.15 14:02:12.383,0.79908,0.79916,1.36,1.25
2014.10.15 14:02:12.485,0.79908,0.79916,1.36,1.25
2014.10.15 14:02:13.006,0.79908,0.79915,1.26,1.00
2014.10.15 14:02:13.211,0.79906,0.79916,1.36,1.50
2014.10.15 14:02:13.313,0.79906,0.79912,1.36,1.00
2014.10.15 14:02:13.619,0.79902,0.79913,1.29,1.17
2014.10.15 14:02:13.721,0.79901,0.79907,1.46,1.00
2014.10.15 14:02:13.823,0.79899,0.79907,4.84,1.00
2014.10.15 14:02:14.027,0.79899,0.79906,5.32,1.00
2014.10.15 14:02:14.078,0.79899,0.79909,5.32,2.25
2014.10.15 14:02:14.180,0.799,0.79906,2.44,1.00
2014.10.15 14:02:14.231,0.79899,0.79906,3.15,1.25
2014.10.15 14:02:14.536,0.79897,0.79907,3.15,3.94
2014.10.15 14:02:15.044,0.79897,0.79907,3.07,1.29
2014.10.15 14:02:15.501,0.79897,0.79901,1.10,1.00
2014.10.15 14:02:15.603,0.79897,0.79904,1.36,1.00
2014.10.15 14:02:15.705,0.79897,0.79908,1.36,2.51
2014.10.15 14:02:16.162,0.79898,0.79907,1.25,2.89
2014.10.15 14:02:16.466,0.79898,0.79903,1.25,1.00
2014.10.15 14:02:16.517,0.79894,0.79903,1.36,1.00
2014.10.15 14:02:16.670,0.79893,0.79901,1.10,1.50
2014.10.15 14:02:16.772,0.79889,0.799,1.84,1.01
2014.10.15 14:02:16.975,0.79891,0.79901,2.06,2.32
2014.10.15 14:02:17.026,0.79892,0.79904,1.15,1.65
2014.10.15 14:02:17.230,0.79894,0.79904,1.19,1.15
2014.10.15 14:02:17.603,0.79892,0.79904,2.89,3.26
2014.10.15 14:02:18.113,0.79891,0.799,1.36,3.37
2014.10.15 14:02:18.520,0.79891,0.79902,1.34,1.25
2014.10.15 14:02:19.027,0.79893,0.79901,1.29,1.69
2014.10.15 14:02:19.687,0.79893,0.79899,1.19,1.00
2014.10.15 14:02:19.940,0.7989,0.79898,1.39,1.00
2014.10.15 14:02:20.448,0.7989,0.79899,1.39,1.00
2014.10.15 14:02:20.804,0.7989,0.79901,1.36,1.01
2014.10.15 14:02:21.008,0.79891,0.79899,1.39,1.00
2014.10.15 14:02:21.266,0.79891,0.79902,1.34,1.29
2014.10.15 14:02:21.776,0.79891,0.79901,1.34,1.32
2014.10.15 14:02:22.082,0.79891,0.79903,1.36,2.59
2014.10.15 14:02:22.521,0.79888,0.79896,2.21,1.00
2014.10.15 14:02:22.978,0.79888,0.79894,1.34,1.00
2014.10.15 14:02:23.182,0.79888,0.79897,1.34,1.00
2014.10.15 14:02:23.741,0.79888,0.79894,1.34,1.00
2014.10.15 14:02:24.046,0.79888,0.79897,1.34,1.50
2014.10.15 14:02:24.198,0.79889,0.79897,2.51,1.00
2014.10.15 14:02:24.402,0.79893,0.79904,1.26,2.59
2014.10.15 14:02:24.453,0.79893,0.79904,2.21,1.09
2014.10.15 14:02:24.504,0.79894,0.79904,2.51,1.10
2014.10.15 14:02:24.808,0.79898,0.79906,3.26,1.50
2014.10.15 14:02:25.012,0.79896,0.79905,3.26,1.50
2014.10.15 14:02:25.064,0.79896,0.79903,3.26,1.50
2014.10.15 14:02:25.269,0.79895,0.79906,2.51,2.32
2014.10.15 14:02:25.472,0.79896,0.79907,4.01,1.00
2014.10.15 14:02:25.574,0.79898,0.79906,1.36,1.50
2014.10.15 14:02:25.828,0.79898,0.79903,1.10,1.50
2014.10.15 14:02:26.133,0.79896,0.79907,3.26,1.00
2014.10.15 14:02:26.387,0.79895,0.79908,1.34,3.34
2014.10.15 14:02:26.540,0.79893,0.79906,1.34,2.51
2014.10.15 14:02:26.693,0.79893,0.79898,1.07,1.00
2014.10.15 14:02:26.795,0.79892,0.79898,1.00,1.50
2014.10.15 14:02:26.898,0.79888,0.79895,2.32,1.00
2014.10.15 14:02:27.181,0.79885,0.79896,2.32,1.25
2014.10.15 14:02:27.238,0.79884,0.79896,1.17,2.59
2014.10.15 14:02:27.464,0.79887,0.79894,1.57,1.00
2014.10.15 14:02:27.566,0.79884,0.79894,1.57,1.07
2014.10.15 14:02:27.923,0.79885,0.79895,1.65,1.00
2014.10.15 14:02:28.025,0.79887,0.79893,1.50,1.00
2014.10.15 14:02:28.128,0.79887,0.79895,1.50,1.00
2014.10.15 14:02:28.638,0.79886,0.79894,1.34,1.00
2014.10.15 14:02:29.146,0.79885,0.79896,4.76,1.76
2014.10.15 14:02:29.400,0.79884,0.79898,2.59,4.57
2014.10.15 14:02:29.706,0.79884,0.79893,2.51,1.00
2014.10.15 14:02:30.215,0.79883,0.79896,1.34,1.17
2014.10.15 14:02:30.570,0.79886,0.79897,1.19,1.40
2014.10.15 14:02:31.079,0.79888,0.79897,1.19,2.32
2014.10.15 14:02:31.231,0.79888,0.799,1.19,6.26
2014.10.15 14:02:31.435,0.79888,0.79898,1.19,2.32
2014.10.15 14:02:31.942,0.79888,0.799,1.29,2.59
2014.10.15 14:02:32.704,0.79888,0.79901,1.36,2.96
2014.10.15 14:02:33.064,0.79891,0.79901,1.17,1.29
2014.10.15 14:02:33.218,0.79891,0.79902,1.40,1.69
2014.10.15 14:02:33.270,0.79891,0.799,1.40,1.50
2014.10.15 14:02:33.424,0.79893,0.79904,3.26,3.00
2014.10.15 14:02:33.942,0.79894,0.79904,2.51,2.25
2014.10.15 14:02:34.402,0.79894,0.79903,2.51,1.69
2014.10.15 14:02:34.454,0.79893,0.79903,1.39,1.84
2014.10.15 14:02:34.961,0.79891,0.79902,4.76,1.19
2014.10.15 14:02:35.012,0.79891,0.79904,5.51,1.29
2014.10.15 14:02:35.520,0.79891,0.79902,3.26,1.10
2014.10.15 14:02:35.622,0.79891,0.79902,1.34,1.10
2014.10.15 14:02:36.131,0.79892,0.79904,1.36,3.71
2014.10.15 14:02:36.804,0.79892,0.79903,5.44,1.19
2014.10.15 14:02:36.906,0.79889,0.79902,4.01,1.01
2014.10.15 14:02:37.415,0.7989,0.79901,4.76,1.25
2014.10.15 14:02:37.518,0.7989,0.79899,3.26,1.00
2014.10.15 14:02:37.619,0.7989,0.79901,1.34,1.25
2014.10.15 14:02:37.772,0.79891,0.79901,2.51,1.19
2014.10.15 14:02:38.282,0.7989,0.79902,3.26,1.19
2014.10.15 14:02:38.588,0.79888,0.79896,2.51,1.00
2014.10.15 14:02:38.943,0.79888,0.79895,2.32,1.50
2014.10.15 14:02:39.096,0.79885,0.79895,2.51,1.87
2014.10.15 14:02:39.249,0.79886,0.79897,2.51,4.31
2014.10.15 14:02:39.453,0.79887,0.79894,2.32,1.00
2014.10.15 14:02:39.555,0.79885,0.79894,2.32,1.25
2014.10.15 14:02:39.606,0.79883,0.79896,4.01,1.76
2014.10.15 14:02:40.119,0.79885,0.79893,1.65,1.00
2014.10.15 14:02:40.577,0.79886,0.79895,1.34,1.19
2014.10.15 14:02:40.678,0.79887,0.79896,1.39,1.25
2014.10.15 14:02:40.882,0.79889,0.79897,1.19,1.00
2014.10.15 14:02:41.187,0.79887,0.79897,1.36,1.87
2014.10.15 14:02:41.621,0.79887,0.79895,1.29,1.00
2014.10.15 14:02:42.084,0.79887,0.79894,3.26,1.00
2014.10.15 14:02:42.186,0.79886,0.79894,1.34,1.25
2014.10.15 14:02:42.543,0.79887,0.79896,1.40,1.00
2014.10.15 14:02:43.052,0.7989,0.79897,1.25,1.19
2014.10.15 14:02:43.409,0.79888,0.799,1.84,1.09
2014.10.15 14:02:43.460,0.7989,0.799,2.25,1.01
2014.10.15 14:02:43.817,0.7989,0.79898,1.34,1.00
2014.10.15 14:02:44.375,0.79889,0.79899,1.34,1.19
2014.10.15 14:02:44.477,0.79887,0.79896,1.34,1.00
2014.10.15 14:02:44.783,0.79884,0.7989,1.01,1.87
2014.10.15 14:02:44.834,0.79884,0.7989,1.01,1.87
2014.10.15 14:02:44.937,0.79883,0.79891,1.36,1.50
2014.10.15 14:02:45.141,0.79883,0.79893,1.34,1.25
2014.10.15 14:02:45.445,0.79882,0.79892,2.51,1.19
2014.10.15 14:02:45.801,0.79879,0.79887,4.09,1.00
2014.10.15 14:02:46.020,0.79879,0.7989,6.26,1.31
2014.10.15 14:02:46.081,0.79879,0.79889,6.75,4.01
2014.10.15 14:02:46.388,0.79879,0.79883,1.50,2.25
2014.10.15 14:02:46.490,0.7988,0.79885,1.50,3.90
2014.10.15 14:02:46.593,0.79878,0.79885,1.87,1.76
2014.10.15 14:02:46.898,0.79879,0.79884,1.50,2.40
2014.10.15 14:02:47.153,0.79877,0.79883,1.87,2.25
2014.10.15 14:02:47.661,0.79876,0.79883,3.00,1.69
2014.10.15 14:02:47.763,0.79876,0.79883,3.07,1.19
2014.10.15 14:02:47.915,0.79874,0.79884,1.84,1.69
2014.10.15 14:02:48.119,0.79875,0.79885,1.40,1.69
2014.10.15 14:02:48.271,0.79874,0.79885,3.26,1.25
2014.10.15 14:02:48.373,0.79875,0.79886,1.40,3.19
2014.10.15 14:02:48.880,0.79874,0.79884,4.76,3.19
2014.10.15 14:02:49.185,0.79876,0.79884,1.09,1.19
2014.10.15 14:02:49.388,0.79874,0.79884,2.51,1.00
2014.10.15 14:02:49.896,0.79878,0.79887,1.01,1.76
2014.10.15 14:02:49.998,0.79879,0.79887,1.26,1.00
2014.10.15 14:02:50.150,0.79879,0.79889,1.34,1.00
2014.10.15 14:02:50.890,0.79881,0.7989,1.01,2.25
2014.10.15 14:02:50.992,0.79881,0.79887,1.32,1.00
2014.10.15 14:02:51.452,0.79881,0.79889,1.01,1.00
2014.10.15 14:02:51.555,0.79879,0.79888,1.09,1.00
2014.10.15 14:02:51.657,0.79879,0.7989,1.09,1.01
2014.10.15 14:02:51.759,0.79879,0.79888,1.36,1.00
2014.10.15 14:02:52.269,0.79879,0.79889,1.36,1.25
2014.10.15 14:02:52.574,0.79879,0.79884,1.36,1.00
2014.10.15 14:02:52.625,0.79879,0.79887,1.36,1.00
2014.10.15 14:02:52.676,0.79881,0.79887,1.19,1.00
2014.10.15 14:02:53.086,0.79877,0.79884,2.51,1.00
2014.10.15 14:02:53.137,0.79876,0.79884,1.36,1.00
2014.10.15 14:02:53.188,0.79874,0.79882,3.07,1.00
2014.10.15 14:02:53.239,0.79873,0.79882,1.17,1.00
2014.10.15 14:02:53.647,0.79875,0.79884,1.25,1.09
2014.10.15 14:02:53.851,0.79875,0.79882,1.25,1.00
2014.10.15 14:02:53.952,0.79872,0.79882,1.29,1.10
2014.10.15 14:02:54.054,0.79873,0.7988,1.25,1.00
2014.10.15 14:02:54.156,0.79873,0.79882,1.25,1.10
2014.10.15 14:02:54.665,0.79873,0.79884,1.36,1.76
2014.10.15 14:02:55.020,0.79874,0.79886,1.26,1.84
2014.10.15 14:02:55.326,0.79876,0.79887,2.70,1.50
2014.10.15 14:02:55.653,0.79881,0.79887,1.25,1.25
2014.10.15 14:02:56.212,0.79881,0.79888,1.32,1.19
2014.10.15 14:02:56.466,0.79881,0.7989,1.39,1.00
2014.10.15 14:02:56.923,0.79882,0.79893,2.51,1.65
2014.10.15 14:02:57.431,0.79884,0.79893,1.29,1.07
2014.10.15 14:02:57.738,0.79881,0.7989,1.29,1.07
2014.10.15 14:02:58.349,0.79881,0.79891,1.29,1.65
2014.10.15 14:02:58.451,0.79881,0.79891,1.29,1.65
2014.10.15 14:02:58.806,0.79882,0.79887,1.25,1.00
2014.10.15 14:02:58.908,0.79882,0.7989,1.25,1.57
2014.10.15 14:02:59.620,0.79884,0.7989,1.25,1.25
2014.10.15 14:03:00.178,0.79884,0.79891,1.19,1.00
2014.10.15 14:03:00.280,0.79884,0.79894,1.19,2.40
2014.10.15 14:03:00.575,0.79884,0.79891,1.19,1.00
2014.10.15 14:03:00.677,0.79884,0.79893,1.19,1.57
2014.10.15 14:03:00.933,0.79883,0.79893,1.01,1.29
2014.10.15 14:03:01.442,0.79883,0.79892,1.25,1.32
2014.10.15 14:03:01.543,0.79883,0.79892,1.25,1.01
2014.10.15 14:03:01.747,0.79884,0.79893,1.29,1.50
2014.10.15 14:03:02.154,0.79884,0.79893,3.26,2.25
2014.10.15 14:03:02.458,0.79884,0.79892,1.29,1.19
2014.10.15 14:03:02.764,0.79881,0.7989,1.36,1.25
2014.10.15 14:03:02.866,0.79881,0.79888,1.36,1.00
2014.10.15 14:03:03.425,0.79881,0.7989,1.36,1.25
2014.10.15 14:03:03.577,0.79883,0.79892,1.29,1.69
2014.10.15 14:03:03.882,0.79886,0.79894,1.39,1.00
2014.10.15 14:03:04.491,0.79886,0.79893,1.26,1.00
2014.10.15 14:03:04.798,0.79886,0.7989,1.00,1.00
2014.10.15 14:03:04.849,0.79886,0.79894,1.26,2.25
2014.10.15 14:03:04.951,0.79886,0.79892,1.26,1.00
2014.10.15 14:03:05.488,0.79883,0.7989,1.01,1.00
2014.10.15 14:03:05.591,0.79884,0.79891,1.19,1.00
2014.10.15 14:03:05.796,0.79884,0.79894,1.29,1.10
2014.10.15 14:03:06.002,0.79886,0.79895,1.29,1.00
2014.10.15 14:03:06.307,0.79884,0.79889,1.19,1.00
2014.10.15 14:03:06.665,0.79885,0.79892,1.40,1.00
2014.10.15 14:03:06.716,0.79885,0.79894,1.40,1.19
2014.10.15 14:03:06.869,0.79886,0.79894,2.32,1.19
2014.10.15 14:03:06.920,0.79887,0.79896,2.51,1.69
2014.10.15 14:03:07.126,0.79888,0.79899,2.51,1.19
2014.10.15 14:03:07.279,0.79891,0.79899,1.15,1.25
2014.10.15 14:03:07.330,0.79892,0.79901,1.34,1.00
2014.10.15 14:03:07.483,0.79894,0.79901,1.09,1.00
2014.10.15 14:03:07.992,0.79896,0.79902,1.36,3.00
2014.10.15 14:03:08.297,0.79899,0.79907,1.40,3.19
2014.10.15 14:03:08.602,0.79901,0.79912,4.01,1.01
2014.10.15 14:03:09.111,0.79903,0.79912,1.19,1.10
2014.10.15 14:03:09.418,0.79905,0.79915,1.07,3.26
2014.10.15 14:03:09.469,0.79904,0.79915,1.20,3.26
2014.10.15 14:03:10.107,0.79902,0.79912,1.36,1.00
2014.10.15 14:03:10.158,0.79902,0.79912,1.36,1.00
2014.10.15 14:03:10.210,0.79903,0.7991,2.51,1.00
2014.10.15 14:03:10.721,0.79903,0.79913,1.36,1.29
2014.10.15 14:03:11.029,0.79899,0.79911,3.07,1.00
2014.10.15 14:03:11.183,0.79897,0.79908,5.44,1.69
2014.10.15 14:03:11.286,0.79896,0.79908,1.40,2.32
2014.10.15 14:03:11.388,0.79895,0.79907,1.17,2.40
2014.10.15 14:03:11.439,0.79897,0.79907,1.26,2.32
2014.10.15 14:03:11.541,0.79897,0.79907,1.34,1.00
2014.10.15 14:03:11.896,0.79896,0.79908,1.40,3.34
2014.10.15 14:03:11.998,0.79896,0.79902,1.09,3.00
2014.10.15 14:03:12.507,0.79897,0.79908,1.84,1.19
2014.10.15 14:03:12.812,0.799,0.79913,1.40,1.34
2014.10.15 14:03:12.965,0.799,0.79906,1.32,3.00
2014.10.15 14:03:13.473,0.79899,0.79906,1.25,3.07
2014.10.15 14:03:13.676,0.79895,0.79907,1.26,5.32
2014.10.15 14:03:14.184,0.79898,0.79909,1.25,4.76
2014.10.15 14:03:14.710,0.79901,0.79908,1.25,1.07
2014.10.15 14:03:14.762,0.79901,0.79912,1.25,2.51
2014.10.15 14:03:15.274,0.79901,0.79913,1.25,3.26
2014.10.15 14:03:15.629,0.79901,0.79913,1.09,2.59
2014.10.15 14:03:15.986,0.79899,0.79911,7.01,2.06
2014.10.15 14:03:16.293,0.79899,0.79903,3.00,1.00
2014.10.15 14:03:16.447,0.79899,0.79908,3.19,1.65
2014.10.15 14:03:16.498,0.79899,0.79908,6.19,1.57
2014.10.15 14:03:16.549,0.79899,0.79911,6.26,1.07
2014.10.15 14:03:17.057,0.79901,0.79911,1.36,1.00
2014.10.15 14:03:17.718,0.79902,0.79913,1.84,1.84
2014.10.15 14:03:18.022,0.79902,0.79911,1.84,3.00
2014.10.15 14:03:18.124,0.79902,0.79913,1.84,4.09
2014.10.15 14:03:18.531,0.79904,0.79913,1.36,3.00
2014.10.15 14:03:18.836,0.79905,0.79911,1.76,3.00
2014.10.15 14:03:19.141,0.79907,0.79914,2.51,1.00
2014.10.15 14:03:19.617,0.79907,0.79917,5.25,1.00
2014.10.15 14:03:19.825,0.79906,0.79918,1.15,1.84
2014.10.15 14:03:19.928,0.79906,0.79913,2.59,3.00
2014.10.15 14:03:20.132,0.79909,0.79918,1.36,1.00
2014.10.15 14:03:20.235,0.7991,0.79916,1.01,3.00
2014.10.15 14:03:20.337,0.7991,0.79918,1.09,2.62
2014.10.15 14:03:20.694,0.79911,0.79916,3.26,2.62
2014.10.15 14:03:20.999,0.79911,0.79921,2.44,1.40
2014.10.15 14:03:21.355,0.79911,0.79918,2.51,1.00
2014.10.15 14:03:21.457,0.79913,0.7992,1.25,2.32
2014.10.15 14:03:21.560,0.79913,0.79923,1.25,1.34
2014.10.15 14:03:21.764,0.79913,0.79923,1.25,2.51
2014.10.15 14:03:22.069,0.79915,0.79926,1.69,2.40
2014.10.15 14:03:22.120,0.79915,0.79926,1.69,2.40
2014.10.15 14:03:22.323,0.79915,0.79927,1.40,1.01
2014.10.15 14:03:22.526,0.79915,0.79929,3.26,1.36
2014.10.15 14:03:22.983,0.79917,0.79929,1.09,1.09
2014.10.15 14:03:23.287,0.79917,0.79931,4.01,1.36
2014.10.15 14:03:23.338,0.79917,0.79931,4.01,1.36
2014.10.15 14:03:23.643,0.79917,0.7993,5.51,1.84
2014.10.15 14:03:24.100,0.79917,0.79923,3.34,3.00
2014.10.15 14:03:24.529,0.79917,0.79925,4.76,3.00
2014.10.15 14:03:24.631,0.79915,0.79925,7.69,3.00
2014.10.15 14:03:24.834,0.79915,0.79923,3.34,3.00
2014.10.15 14:03:24.987,0.79915,0.7993,6.26,3.71
2014.10.15 14:03:25.241,0.79915,0.79926,5.51,1.10
2014.10.15 14:03:25.545,0.79914,0.79922,2.51,1.00
2014.10.15 14:03:25.749,0.79912,0.79922,1.32,1.07
2014.10.15 14:03:26.003,0.79911,0.79919,1.09,1.00
2014.10.15 14:03:26.104,0.79911,0.79922,1.32,1.09
2014.10.15 14:03:26.156,0.79911,0.79921,1.01,3.07
2014.10.15 14:03:26.258,0.79911,0.79921,3.26,3.75
2014.10.15 14:03:26.765,0.79911,0.79923,4.01,1.76
2014.10.15 14:03:27.882,0.79913,0.79921,5.32,1.00
2014.10.15 14:03:27.984,0.79913,0.79924,5.51,1.19
2014.10.15 14:03:28.187,0.79915,0.79925,2.32,1.25
2014.10.15 14:03:28.289,0.79916,0.79927,2.32,3.75
2014.10.15 14:03:28.340,0.79915,0.79927,1.40,3.07
2014.10.15 14:03:28.442,0.79916,0.79927,3.26,1.69
2014.10.15 14:03:28.746,0.79918,0.79929,3.26,1.00
2014.10.15 14:03:28.949,0.79917,0.79927,3.07,1.25
2014.10.15 14:03:29.291,0.79919,0.79927,2.32,1.00
2014.10.15 14:03:29.394,0.7992,0.7993,4.50,1.19
2014.10.15 14:03:29.446,0.7992,0.79931,4.50,1.25
2014.10.15 14:03:29.803,0.79919,0.79929,2.51,1.00
2014.10.15 14:03:29.855,0.79918,0.79929,3.34,1.00
2014.10.15 14:03:30.160,0.79918,0.79927,2.59,3.00
2014.10.15 14:03:30.568,0.79912,0.79926,5.51,1.84
2014.10.15 14:03:30.670,0.79915,0.79926,1.01,6.26
2014.10.15 14:03:30.975,0.79913,0.79921,1.36,1.00
2014.10.15 14:03:31.027,0.79913,0.79924,1.36,1.57
2014.10.15 14:03:31.535,0.79911,0.79923,4.76,1.01
2014.10.15 14:03:31.586,0.79911,0.79922,2.59,1.10
2014.10.15 14:03:31.689,0.7991,0.7992,1.34,1.00
2014.10.15 14:03:32.097,0.79911,0.79921,2.51,1.00
2014.10.15 14:03:32.504,0.79913,0.79925,1.40,1.26
2014.10.15 14:03:33.014,0.79913,0.79924,1.34,1.00
2014.10.15 14:03:33.168,0.79912,0.79924,1.29,1.40
2014.10.15 14:03:33.787,0.79913,0.79924,3.34,1.01
2014.10.15 14:03:33.992,0.79913,0.79924,3.26,1.09
2014.10.15 14:03:34.501,0.79914,0.79923,4.01,1.57
2014.10.15 14:03:35.008,0.79914,0.79925,4.09,1.29
2014.10.15 14:03:35.313,0.79914,0.79921,1.01,1.00
2014.10.15 14:03:35.771,0.79911,0.79917,1.19,1.00
2014.10.15 14:03:35.873,0.7991,0.79919,2.32,1.25
2014.10.15 14:03:35.974,0.79909,0.79917,1.00,1.07
2014.10.15 14:03:36.076,0.79907,0.79916,3.00,1.29
2014.10.15 14:03:36.178,0.79907,0.79916,3.19,3.07
2014.10.15 14:03:36.280,0.79907,0.79916,3.19,1.10
2014.10.15 14:03:36.382,0.79909,0.79916,1.25,1.00
2014.10.15 14:03:36.688,0.79909,0.79918,3.26,1.00
2014.10.15 14:03:36.994,0.79911,0.79921,1.34,1.01
2014.10.15 14:03:37.554,0.7991,0.7992,2.51,1.00
2014.10.15 14:03:38.061,0.79912,0.79921,1.36,1.01
2014.10.15 14:03:38.265,0.79913,0.79923,1.36,1.25
2014.10.15 14:03:38.781,0.79911,0.79923,1.84,1.76
2014.10.15 14:03:39.292,0.79911,0.79917,1.39,1.00
2014.10.15 14:03:39.394,0.79911,0.7992,1.39,1.00
2014.10.15 14:03:39.649,0.79912,0.7992,3.26,1.00
2014.10.15 14:03:40.058,0.7991,0.79921,1.10,1.17
2014.10.15 14:03:40.262,0.79907,0.79917,2.51,1.10
2014.10.15 14:03:40.770,0.7991,0.79919,1.17,3.00
2014.10.15 14:03:40.873,0.7991,0.79919,4.01,3.00
2014.10.15 14:03:41.178,0.79914,0.79921,1.39,3.00
2014.10.15 14:03:41.484,0.79917,0.79923,1.19,3.00
2014.10.15 14:03:41.587,0.79915,0.79923,1.84,3.00
2014.10.15 14:03:41.841,0.79916,0.79925,1.01,1.69
2014.10.15 14:03:41.892,0.79915,0.79925,2.51,1.50
2014.10.15 14:03:42.095,0.79917,0.79928,1.34,5.44
2014.10.15 14:03:42.452,0.79918,0.79928,2.51,3.94
2014.10.15 14:03:42.808,0.79918,0.79927,1.40,3.19
2014.10.15 14:03:43.336,0.79917,0.79926,1.84,3.00
2014.10.15 14:03:43.387,0.79918,0.79924,1.34,3.00
2014.10.15 14:03:43.540,0.79915,0.79924,2.59,3.00
2014.10.15 14:03:43.694,0.79915,0.79926,1.25,6.26
2014.10.15 14:03:43.898,0.7991,0.79923,2.59,1.84
2014.10.15 14:03:44.203,0.79911,0.79921,1.19,2.32
2014.10.15 14:03:44.305,0.79911,0.79923,1.19,3.07
2014.10.15 14:03:44.509,0.79909,0.79922,1.39,4.69
2014.10.15 14:03:44.713,0.79909,0.7992,1.29,3.07
2014.10.15 14:03:44.815,0.79911,0.79922,1.10,2.51
2014.10.15 14:03:44.917,0.79911,0.79924,1.10,4.01
2014.10.15 14:03:45.070,0.79915,0.79924,1.00,2.51
2014.10.15 14:03:45.122,0.79915,0.79926,1.19,2.32
2014.10.15 14:03:45.224,0.79914,0.79927,1.36,1.15
2014.10.15 14:03:45.478,0.79916,0.79928,1.26,3.15
2014.10.15 14:03:45.681,0.79916,0.79928,1.76,6.19
2014.10.15 14:03:46.139,0.79914,0.79926,1.36,1.36
2014.10.15 14:03:46.343,0.79916,0.79925,1.19,1.01
2014.10.15 14:03:47.055,0.79916,0.79925,1.01,1.19
2014.10.15 14:03:47.606,0.79912,0.79921,1.20,1.07
2014.10.15 14:03:48.114,0.7991,0.79921,1.07,1.17
2014.10.15 14:03:48.216,0.79912,0.79922,1.15,1.19
2014.10.15 14:03:48.318,0.79912,0.79922,1.50,1.36
2014.10.15 14:03:48.624,0.79912,0.79921,1.84,1.00
2014.10.15 14:03:48.726,0.79916,0.79924,1.01,3.82
2014.10.15 14:03:48.828,0.79918,0.79924,1.00,3.00
2014.10.15 14:03:49.338,0.79916,0.79924,3.34,3.00
2014.10.15 14:03:49.543,0.79916,0.79928,1.84,1.40
2014.10.15 14:03:50.050,0.79915,0.79925,1.84,1.00
2014.10.15 14:03:50.254,0.79918,0.79928,1.09,1.09
2014.10.15 14:03:50.305,0.79919,0.79928,1.26,1.10
2014.10.15 14:03:50.356,0.79919,0.79931,1.36,4.09
2014.10.15 14:03:50.408,0.79921,0.79931,1.26,4.09
2014.10.15 14:03:50.713,0.79917,0.79928,1.84,1.76
2014.10.15 14:03:50.764,0.79917,0.79928,1.76,2.59
2014.10.15 14:03:51.272,0.79916,0.79928,1.36,1.84
2014.10.15 14:03:51.425,0.79916,0.79928,4.01,1.36
2014.10.15 14:03:51.731,0.79919,0.79927,1.00,1.15
2014.10.15 14:03:52.058,0.79919,0.79927,1.25,1.00
2014.10.15 14:03:52.211,0.79922,0.79929,1.00,1.26
2014.10.15 14:03:52.314,0.7992,0.79929,1.00,1.36
2014.10.15 14:03:52.823,0.79918,0.79929,1.29,1.36
2014.10.15 14:03:53.027,0.79918,0.79926,1.29,3.00
2014.10.15 14:03:53.637,0.79917,0.79926,1.01,3.19
2014.10.15 14:03:54.145,0.79915,0.79924,1.34,1.25
2014.10.15 14:03:54.652,0.79915,0.79925,1.19,3.34
2014.10.15 14:03:54.957,0.79913,0.79925,1.29,3.34
2014.10.15 14:03:55.517,0.7991,0.79924,6.19,1.76
2014.10.15 14:03:55.671,0.79914,0.79925,1.29,1.84
2014.10.15 14:03:56.179,0.79912,0.79923,1.34,1.00
2014.10.15 14:03:56.484,0.79911,0.79922,1.36,1.57
2014.10.15 14:03:56.773,0.79914,0.7992,1.25,1.00
2014.10.15 14:03:56.824,0.79914,0.79922,1.25,1.00
2014.10.15 14:03:56.926,0.79916,0.79924,2.25,1.10
2014.10.15 14:03:57.028,0.79916,0.79926,1.34,1.25
2014.10.15 14:03:57.180,0.79918,0.79928,1.36,1.25
2014.10.15 14:03:57.231,0.79919,0.79929,1.76,2.81
2014.10.15 14:03:57.384,0.79913,0.79925,3.26,1.07
2014.10.15 14:03:57.538,0.79911,0.79923,5.25,1.00
2014.10.15 14:03:57.589,0.79911,0.79921,2.51,1.00
2014.10.15 14:03:57.691,0.79911,0.79923,2.51,1.69
2014.10.15 14:03:57.742,0.7991,0.79923,3.26,1.76
2014.10.15 14:03:58.251,0.79912,0.79921,1.00,4.69
2014.10.15 14:03:58.454,0.79912,0.7992,1.00,1.10
2014.10.15 14:03:58.505,0.79912,0.7992,1.00,1.76
2014.10.15 14:03:58.659,0.79908,0.7992,5.59,1.36
2014.10.15 14:03:58.812,0.79912,0.79919,1.50,1.69
2014.10.15 14:03:59.117,0.79909,0.79916,3.00,2.25
2014.10.15 14:03:59.676,0.79907,0.79915,3.34,1.00
2014.10.15 14:04:00.184,0.79908,0.79914,3.00,1.19
2014.10.15 14:04:00.490,0.79901,0.79908,1.34,1.00
2014.10.15 14:04:00.643,0.79905,0.79913,3.00,1.36
2014.10.15 14:04:00.694,0.79909,0.79914,3.00,1.65
2014.10.15 14:04:00.999,0.79906,0.79915,1.34,1.00
2014.10.15 14:04:01.233,0.79909,0.79916,3.00,1.00
2014.10.15 14:04:01.589,0.79906,0.79915,1.29,1.00
2014.10.15 14:04:01.640,0.79906,0.79913,1.29,1.00
2014.10.15 14:04:02.149,0.79905,0.79915,1.40,1.69
2014.10.15 14:04:02.352,0.79904,0.79913,1.00,1.32
2014.10.15 14:04:02.403,0.79901,0.79909,3.34,1.69
2014.10.15 14:04:02.760,0.79901,0.79905,3.00,1.00
2014.10.15 14:04:02.862,0.79901,0.79907,3.00,1.25
2014.10.15 14:04:03.268,0.79901,0.7991,3.64,2.44
2014.10.15 14:04:03.524,0.79899,0.79906,1.46,1.00
2014.10.15 14:04:03.676,0.79897,0.79907,1.84,1.00
2014.10.15 14:04:03.779,0.79902,0.79907,3.00,1.25
2014.10.15 14:04:03.985,0.799,0.79907,3.00,1.19
2014.10.15 14:04:04.494,0.799,0.79907,3.00,1.00
2014.10.15 14:04:04.697,0.799,0.79909,3.26,1.25
2014.10.15 14:04:04.951,0.799,0.79908,3.00,1.29
2014.10.15 14:04:05.463,0.79897,0.79908,1.36,1.01
2014.10.15 14:04:05.666,0.79897,0.79909,3.34,1.09
2014.10.15 14:04:05.938,0.79897,0.79908,4.09,1.01
2014.10.15 14:04:06.294,0.79901,0.79913,2.59,1.34
2014.10.15 14:04:06.498,0.79905,0.79913,1.09,1.00
2014.10.15 14:04:06.805,0.79905,0.79911,1.69,1.00
2014.10.15 14:04:06.857,0.79905,0.79915,1.69,4.09
2014.10.15 14:04:07.265,0.79906,0.79915,1.19,3.07
2014.10.15 14:04:07.774,0.79905,0.79914,1.34,1.00
2014.10.15 14:04:08.283,0.79906,0.79915,1.36,1.10
2014.10.15 14:04:09.199,0.79908,0.79918,1.29,1.84
2014.10.15 14:04:10.113,0.79907,0.79917,1.26,1.07
2014.10.15 14:04:10.215,0.79908,0.79918,2.51,1.50
2014.10.15 14:04:10.519,0.7991,0.79921,1.36,1.01
2014.10.15 14:04:10.817,0.79911,0.79923,2.96,1.01
2014.10.15 14:04:11.125,0.79911,0.79922,1.36,1.76
2014.10.15 14:04:11.430,0.79911,0.7992,1.00,2.59
2014.10.15 14:04:12.042,0.79909,0.79918,1.84,1.25
2014.10.15 14:04:12.499,0.79909,0.79917,1.39,1.19
2014.10.15 14:04:12.806,0.79907,0.79912,1.00,1.69
2014.10.15 14:04:12.857,0.79905,0.79912,1.00,2.51
2014.10.15 14:04:12.908,0.79905,0.79909,1.00,1.57
2014.10.15 14:04:13.214,0.79897,0.79906,4.57,1.50
2014.10.15 14:04:13.521,0.79898,0.79907,1.65,1.19
2014.10.15 14:04:13.724,0.79899,0.7991,1.17,2.51
2014.10.15 14:04:13.826,0.79899,0.79907,1.17,1.19
2014.10.15 14:04:13.928,0.79897,0.79907,1.09,1.39
2014.10.15 14:04:14.030,0.79898,0.79907,1.07,1.29
2014.10.15 14:04:14.334,0.79896,0.79907,1.76,1.36
2014.10.15 14:04:14.690,0.79895,0.79904,1.84,1.19
2014.10.15 14:04:15.726,0.79894,0.79904,4.01,1.29
2014.10.15 14:04:16.031,0.79894,0.79905,1.34,1.25
2014.10.15 14:04:16.235,0.79897,0.79908,1.09,1.29
2014.10.15 14:04:16.745,0.79899,0.7991,3.26,3.75
2014.10.15 14:04:16.849,0.79899,0.7991,1.34,4.09
2014.10.15 14:04:17.256,0.79897,0.79909,1.84,1.34
2014.10.15 14:04:17.764,0.79901,0.79911,1.00,1.34
2014.10.15 14:04:18.274,0.79901,0.7991,1.09,1.19
2014.10.15 14:04:18.326,0.79902,0.79912,1.29,1.29
2014.10.15 14:04:18.377,0.79902,0.79912,1.69,3.26
2014.10.15 14:04:18.479,0.79903,0.79914,1.00,2.32
2014.10.15 14:04:18.580,0.79903,0.79915,1.84,1.84
2014.10.15 14:04:18.889,0.79903,0.79913,1.01,1.29
2014.10.15 14:04:19.397,0.79902,0.79912,1.19,1.34
2014.10.15 14:04:19.904,0.79901,0.7991,1.36,1.00
2014.10.15 14:04:20.260,0.79899,0.7991,1.26,1.09
2014.10.15 14:04:20.784,0.79897,0.79909,1.84,1.36
2014.10.15 14:04:20.988,0.79897,0.79908,1.09,1.84
2014.10.15 14:04:21.293,0.79895,0.79908,1.29,4.57
2014.10.15 14:04:21.345,0.79896,0.79908,1.84,2.40
2014.10.15 14:04:21.449,0.79897,0.79908,2.59,1.76
2014.10.15 14:04:21.705,0.79897,0.79908,1.10,3.34
2014.10.15 14:04:22.215,0.79895,0.79908,1.84,1.34
2014.10.15 14:04:22.520,0.79899,0.79908,1.19,1.84
2014.10.15 14:04:22.977,0.79899,0.79913,1.15,2.59
2014.10.15 14:04:23.079,0.799,0.79913,2.32,2.59
2014.10.15 14:04:23.181,0.79899,0.79911,1.34,1.29
2014.10.15 14:04:23.688,0.799,0.7991,6.19,1.25
2014.10.15 14:04:23.790,0.79899,0.79911,1.34,1.76
2014.10.15 14:04:24.297,0.79899,0.79909,1.34,1.19
2014.10.15 14:04:24.399,0.79899,0.7991,1.01,1.17
2014.10.15 14:04:24.500,0.799,0.7991,1.34,1.19
2014.10.15 14:04:25.007,0.79898,0.79909,1.84,1.19
2014.10.15 14:04:25.493,0.799,0.79909,1.15,1.19
2014.10.15 14:04:25.646,0.79902,0.79913,1.57,1.84
2014.10.15 14:04:25.799,0.79901,0.79916,6.26,4.09
2014.10.15 14:04:25.952,0.79903,0.79913,1.40,1.19
2014.10.15 14:04:26.409,0.79905,0.79913,2.32,1.00
2014.10.15 14:04:26.612,0.79906,0.79914,1.32,1.25
2014.10.15 14:04:27.324,0.79906,0.79916,1.32,1.32
2014.10.15 14:04:27.833,0.79907,0.79917,1.17,1.19
2014.10.15 14:04:28.087,0.79906,0.79912,1.10,1.87
2014.10.15 14:04:28.341,0.79905,0.79912,1.32,1.00
2014.10.15 14:04:28.494,0.79904,0.79912,1.00,1.00
2014.10.15 14:04:28.902,0.79902,0.79913,1.10,2.59
2014.10.15 14:04:29.412,0.79902,0.79912,3.26,1.00
2014.10.15 14:04:29.667,0.79905,0.79916,1.10,1.36
2014.10.15 14:04:29.718,0.79906,0.79917,1.15,1.84
2014.10.15 14:04:29.972,0.79907,0.79917,2.40,1.09
2014.10.15 14:04:30.505,0.79909,0.79919,1.10,1.29
2014.10.15 14:04:31.011,0.79907,0.7992,2.59,3.07
2014.10.15 14:04:31.113,0.79907,0.79921,1.84,1.34
2014.10.15 14:04:31.214,0.7991,0.79921,1.17,1.26
2014.10.15 14:04:31.571,0.79913,0.79924,1.10,2.59
2014.10.15 14:04:32.079,0.79913,0.79924,1.84,1.84
2014.10.15 14:04:32.234,0.79914,0.79925,1.36,1.76
2014.10.15 14:04:32.795,0.79916,0.79925,1.00,1.76
2014.10.15 14:04:32.999,0.79914,0.79925,1.29,1.76
2014.10.15 14:04:33.506,0.79914,0.79925,1.00,1.84
2014.10.15 14:04:34.013,0.79914,0.79923,1.00,1.09
2014.10.15 14:04:34.521,0.79915,0.79925,1.10,1.29
2014.10.15 14:04:34.674,0.79912,0.79925,1.76,4.76
2014.10.15 14:04:34.826,0.79914,0.79921,1.00,2.25
2014.10.15 14:04:35.333,0.7991,0.79914,1.50,1.00
2014.10.15 14:04:35.861,0.79912,0.79917,1.19,1.50
2014.10.15 14:04:36.167,0.79907,0.79917,1.19,5.25
2014.10.15 14:04:36.421,0.79904,0.79913,1.10,1.00
2014.10.15 14:04:36.675,0.79903,0.79912,1.07,1.32
2014.10.15 14:04:37.197,0.79903,0.79912,1.00,1.26
2014.10.15 14:04:37.655,0.79901,0.79912,1.84,1.34
2014.10.15 14:04:37.859,0.79901,0.79911,1.76,2.51
2014.10.15 14:04:38.164,0.79896,0.79904,1.01,1.50
2014.10.15 14:04:38.317,0.79895,0.79903,1.00,3.19
2014.10.15 14:04:38.622,0.79892,0.79904,3.75,5.25
2014.10.15 14:04:38.825,0.79892,0.799,3.00,2.32
2014.10.15 14:04:39.232,0.79889,0.799,3.00,4.01
2014.10.15 14:04:39.335,0.79887,0.79897,1.25,1.26
2014.10.15 14:04:39.837,0.7989,0.79899,1.10,3.19
2014.10.15 14:04:39.888,0.7989,0.79899,1.20,1.25
2014.10.15 14:04:40.246,0.79889,0.79899,1.09,1.32
2014.10.15 14:04:40.755,0.79887,0.79898,2.59,1.36
2014.10.15 14:04:41.110,0.79886,0.79896,1.00,1.17
2014.10.15 14:04:41.364,0.79887,0.79898,1.01,1.36
2014.10.15 14:04:41.517,0.79889,0.79899,1.00,2.59
2014.10.15 14:04:41.822,0.79888,0.79899,3.07,1.29
2014.10.15 14:04:42.077,0.79888,0.79899,1.10,1.36
2014.10.15 14:04:42.382,0.7989,0.799,1.00,1.34
2014.10.15 14:04:42.889,0.79888,0.79899,1.15,1.25
2014.10.15 14:04:43.193,0.79885,0.79899,4.01,2.59
2014.10.15 14:04:43.650,0.79888,0.79898,4.01,1.19
2014.10.15 14:04:43.854,0.79889,0.79901,1.34,1.39
2014.10.15 14:04:43.956,0.79892,0.79902,1.07,3.26
2014.10.15 14:04:44.688,0.79892,0.79903,1.17,1.26
2014.10.15 14:04:45.146,0.79893,0.79902,3.07,1.19
2014.10.15 14:04:45.198,0.79893,0.79904,3.26,1.19
2014.10.15 14:04:45.659,0.79893,0.79903,1.76,1.26
2014.10.15 14:04:45.965,0.79892,0.79902,1.00,1.09
2014.10.15 14:04:46.016,0.79888,0.799,1.34,1.10
2014.10.15 14:04:46.118,0.79893,0.799,1.00,1.00
2014.10.15 14:04:46.321,0.7989,0.79903,5.44,1.84
2014.10.15 14:04:46.575,0.79893,0.79903,1.10,4.76
2014.10.15 14:04:46.677,0.79894,0.79903,1.00,1.84
2014.10.15 14:04:47.083,0.79893,0.79902,1.07,1.29
2014.10.15 14:04:47.184,0.79892,0.79903,4.01,1.29
2014.10.15 14:04:47.709,0.79893,0.79904,1.09,1.29
2014.10.15 14:04:47.760,0.79892,0.79904,1.34,3.19
2014.10.15 14:04:48.066,0.79889,0.79901,1.09,1.36
2014.10.15 14:04:48.322,0.79887,0.79897,5.51,1.19
2014.10.15 14:04:48.424,0.79887,0.79897,1.29,1.29
2014.10.15 14:04:48.576,0.79887,0.79895,1.25,1.19
2014.10.15 14:04:49.173,0.79888,0.79895,1.00,1.19
2014.10.15 14:04:49.529,0.79885,0.79896,2.59,1.29
2014.10.15 14:04:49.834,0.79889,0.79895,1.00,1.19
2014.10.15 14:04:50.190,0.79887,0.79895,1.10,1.19
2014.10.15 14:04:50.647,0.79884,0.79894,2.59,1.39
2014.10.15 14:04:50.752,0.79882,0.79896,1.84,2.59
2014.10.15 14:04:50.905,0.79881,0.79893,2.59,1.36
2014.10.15 14:04:51.414,0.79882,0.79893,1.26,1.36
2014.10.15 14:04:51.872,0.79882,0.79893,4.76,1.19
2014.10.15 14:04:52.278,0.79885,0.79894,1.17,1.19
2014.10.15 14:04:52.431,0.79889,0.79897,1.00,1.26
2014.10.15 14:04:52.938,0.79887,0.79897,1.09,1.39
2014.10.15 14:04:53.344,0.79889,0.79898,1.00,1.34
2014.10.15 14:04:53.851,0.79889,0.799,1.29,1.09
2014.10.15 14:04:54.136,0.79891,0.79903,1.09,1.84
2014.10.15 14:04:54.390,0.7989,0.79903,1.39,3.26
2014.10.15 14:04:55.001,0.79891,0.79903,1.01,1.34
2014.10.15 14:04:55.307,0.79896,0.79903,1.00,1.29
2014.10.15 14:04:55.358,0.79894,0.79903,1.00,1.29
2014.10.15 14:04:55.561,0.79897,0.79903,1.00,1.19
2014.10.15 14:04:55.664,0.79895,0.79905,1.00,3.71
2014.10.15 14:04:55.715,0.79895,0.79902,1.00,5.62
2014.10.15 14:04:55.766,0.79891,0.799,1.00,1.40
2014.10.15 14:04:55.817,0.79889,0.79897,1.39,1.00
2014.10.15 14:04:56.021,0.79886,0.79897,1.36,1.29
2014.10.15 14:04:56.123,0.79886,0.79896,1.69,2.51
2014.10.15 14:04:56.579,0.79883,0.79895,1.84,1.36
2014.10.15 14:04:57.087,0.79881,0.79893,4.76,1.19
2014.10.15 14:04:57.595,0.79881,0.79892,1.09,1.76
2014.10.15 14:04:58.103,0.79881,0.79894,1.84,3.34
2014.10.15 14:04:58.409,0.79885,0.79892,1.00,1.39
2014.10.15 14:04:58.511,0.79883,0.79892,1.00,1.29
2014.10.15 14:04:58.825,0.79881,0.79892,1.09,3.19
2014.10.15 14:04:59.079,0.79879,0.7989,1.00,1.36
2014.10.15 14:04:59.130,0.79879,0.7989,1.84,1.32
2014.10.15 14:04:59.436,0.79887,0.79893,1.20,1.19
2014.10.15 14:04:59.539,0.7989,0.79898,1.00,1.34
2014.10.15 14:04:59.643,0.79891,0.79899,1.00,1.17
2014.10.15 14:04:59.747,0.79895,0.79899,1.00,1.00
2014.10.15 14:05:00.001,0.79893,0.79903,1.10,1.29
2014.10.15 14:05:00.153,0.79895,0.79903,1.00,1.39
2014.10.15 14:05:00.255,0.79895,0.79905,1.00,1.84
2014.10.15 14:05:00.509,0.79896,0.79903,1.00,1.29
2014.10.15 14:05:00.713,0.79891,0.79903,1.39,1.17
2014.10.15 14:05:00.968,0.79894,0.79904,1.00,1.34
2014.10.15 14:05:01.070,0.79892,0.79904,1.01,1.34
2014.10.15 14:05:01.121,0.79892,0.79904,1.32,1.34
2014.10.15 14:05:01.427,0.79892,0.79896,1.10,1.00
2014.10.15 14:05:01.530,0.79887,0.79896,3.07,2.51
2014.10.15 14:05:01.632,0.79882,0.79888,1.00,1.50
2014.10.15 14:05:01.736,0.79879,0.79888,3.19,1.65
2014.10.15 14:05:02.041,0.79882,0.79888,1.00,2.44
2014.10.15 14:05:02.143,0.7988,0.79888,3.00,1.36
2014.10.15 14:05:02.498,0.79875,0.79889,1.84,5.51
2014.10.15 14:05:02.549,0.79875,0.79887,1.76,2.51
2014.10.15 14:05:02.651,0.79874,0.79889,1.65,4.01
2014.10.15 14:05:02.752,0.79877,0.79887,1.69,1.34
2014.10.15 14:05:03.399,0.79877,0.79885,1.19,3.26
2014.10.15 14:05:03.556,0.79877,0.79885,1.19,2.51
2014.10.15 14:05:03.759,0.79877,0.79885,1.19,1.32
2014.10.15 14:05:04.064,0.79873,0.79884,1.29,1.17
2014.10.15 14:05:04.477,0.79876,0.79885,1.00,1.36
2014.10.15 14:05:04.579,0.79874,0.79885,1.10,1.36
2014.10.15 14:05:04.732,0.79875,0.79886,1.32,1.36
2014.10.15 14:05:05.037,0.79877,0.79889,1.09,5.51
2014.10.15 14:05:05.342,0.79867,0.79875,1.36,1.00
2014.10.15 14:05:05.444,0.79866,0.79871,3.07,1.00
2014.10.15 14:05:05.495,0.79866,0.79874,3.00,1.29
2014.10.15 14:05:06.004,0.79867,0.79877,1.00,1.34
2014.10.15 14:05:06.460,0.79868,0.79875,3.00,1.76
2014.10.15 14:05:06.816,0.79867,0.79878,1.26,1.36
2014.10.15 14:05:06.867,0.7987,0.79878,1.00,1.36
2014.10.15 14:05:07.172,0.79871,0.79881,1.00,6.26
2014.10.15 14:05:07.426,0.79872,0.79881,1.29,1.69
2014.10.15 14:05:07.988,0.79868,0.79875,3.26,1.00
2014.10.15 14:05:08.039,0.79868,0.79875,1.29,1.10
2014.10.15 14:05:08.141,0.79865,0.79875,1.29,1.39
2014.10.15 14:05:08.294,0.79862,0.79874,2.59,1.01
2014.10.15 14:05:08.650,0.79868,0.79875,1.10,1.19
2014.10.15 14:05:09.159,0.79866,0.79876,1.84,1.19
2014.10.15 14:05:09.260,0.79868,0.79879,1.25,1.34
2014.10.15 14:05:09.312,0.79871,0.79879,1.00,1.34
2014.10.15 14:05:09.413,0.79871,0.7988,1.00,3.15
2014.10.15 14:05:09.972,0.79869,0.79881,4.01,1.19
2014.10.15 14:05:10.023,0.79872,0.79882,1.39,1.39
2014.10.15 14:05:10.329,0.79874,0.7988,1.00,1.19
2014.10.15 14:05:10.736,0.79868,0.79879,1.34,1.19
2014.10.15 14:05:10.889,0.79866,0.79878,3.34,1.29
2014.10.15 14:05:11.144,0.79867,0.79876,1.00,1.26
2014.10.15 14:05:11.195,0.79864,0.79876,1.36,1.84
2014.10.15 14:05:11.296,0.79863,0.79873,1.84,1.00
2014.10.15 14:05:11.803,0.79862,0.79875,1.84,1.36
2014.10.15 14:05:12.108,0.79863,0.79873,1.25,1.84
2014.10.15 14:05:12.566,0.79861,0.79871,2.32,1.19
2014.10.15 14:05:12.887,0.79855,0.79861,1.84,1.25
2014.10.15 14:05:13.244,0.79852,0.79861,1.84,1.19
2014.10.15 14:05:13.498,0.79853,0.79863,1.07,1.29
2014.10.15 14:05:14.008,0.79855,0.79864,1.00,2.96
2014.10.15 14:05:14.516,0.79856,0.79864,1.00,1.19
2014.10.15 14:05:14.822,0.79856,0.79866,1.40,1.19
2014.10.15 14:05:15.278,0.79858,0.79867,1.01,1.29
2014.10.15 14:05:15.635,0.7986,0.79867,1.00,1.19
2014.10.15 14:05:15.686,0.7986,0.79872,1.07,3.82
2014.10.15 14:05:15.737,0.79862,0.79872,1.10,1.10
2014.10.15 14:05:15.788,0.79862,0.7987,1.10,1.19
2014.10.15 14:05:15.890,0.79863,0.79874,1.00,1.65
2014.10.15 14:05:16.196,0.79861,0.79872,1.40,1.19
2014.10.15 14:05:16.703,0.79862,0.79872,1.10,1.26
2014.10.15 14:05:16.805,0.79862,0.79873,1.29,1.34
2014.10.15 14:05:17.314,0.79862,0.79875,3.26,1.36
2014.10.15 14:05:17.416,0.79865,0.79877,1.01,1.84
2014.10.15 14:05:17.678,0.79865,0.79877,1.09,1.84
2014.10.15 14:05:18.137,0.79866,0.79878,1.36,1.84
2014.10.15 14:05:18.442,0.79866,0.79879,2.51,2.59
2014.10.15 14:05:18.544,0.79864,0.79878,6.19,1.84
2014.10.15 14:05:18.697,0.79866,0.79877,3.26,1.00
2014.10.15 14:05:18.952,0.79873,0.79883,1.25,1.84
2014.10.15 14:05:19.003,0.79875,0.79883,1.00,1.34
2014.10.15 14:05:19.512,0.79872,0.79883,1.36,1.26
2014.10.15 14:05:20.070,0.79871,0.79882,2.32,2.89
2014.10.15 14:05:20.122,0.7987,0.79882,1.65,1.26
2014.10.15 14:05:20.428,0.79871,0.79883,1.17,1.36
2014.10.15 14:05:20.733,0.79873,0.79884,1.09,1.01
2014.10.15 14:05:21.039,0.7988,0.79888,1.00,1.84
2014.10.15 14:05:21.141,0.79877,0.79888,1.57,1.36
2014.10.15 14:05:21.649,0.79878,0.79888,1.00,1.36
2014.10.15 14:05:22.157,0.79874,0.79885,2.51,1.19
2014.10.15 14:05:22.258,0.79873,0.79885,1.34,1.39
2014.10.15 14:05:22.756,0.79878,0.79885,1.10,1.19
2014.10.15 14:05:22.811,0.79878,0.79887,1.01,1.07
2014.10.15 14:05:23.323,0.79879,0.79888,1.10,1.19
2014.10.15 14:05:23.476,0.79879,0.7989,1.01,1.84
2014.10.15 14:05:23.527,0.7988,0.7989,1.07,1.84
2014.10.15 14:05:23.934,0.79878,0.7989,1.34,1.26
2014.10.15 14:05:24.341,0.79878,0.7989,2.51,1.26
2014.10.15 14:05:24.647,0.7988,0.79889,3.07,1.19
2014.10.15 14:05:24.799,0.79882,0.79891,2.32,1.25
2014.10.15 14:05:25.360,0.7988,0.79891,5.44,1.25
2014.10.15 14:05:25.870,0.79881,0.7989,1.15,1.00
2014.10.15 14:05:26.074,0.79887,0.79892,1.00,1.19
2014.10.15 14:05:26.176,0.79883,0.79892,1.10,1.19
2014.10.15 14:05:26.431,0.79884,0.79894,1.26,1.09
2014.10.15 14:05:27.141,0.79884,0.79894,1.36,1.25
2014.10.15 14:05:27.643,0.79887,0.79895,1.19,1.40
2014.10.15 14:05:27.694,0.79886,0.79895,1.19,1.01
2014.10.15 14:05:28.154,0.79889,0.79898,1.00,1.76
2014.10.15 14:05:28.358,0.79889,0.79899,1.20,1.20
2014.10.15 14:05:28.460,0.7989,0.79903,1.15,1.84
2014.10.15 14:05:28.917,0.79891,0.79903,2.14,2.32
2014.10.15 14:05:28.968,0.79891,0.79905,2.21,4.09
2014.10.15 14:05:29.173,0.79893,0.79904,1.29,3.26
2014.10.15 14:05:29.274,0.79892,0.79904,1.57,1.34
2014.10.15 14:05:29.782,0.79893,0.79904,1.00,6.94
2014.10.15 14:05:30.036,0.79893,0.799,1.10,1.19
2014.10.15 14:05:30.087,0.79889,0.799,1.17,1.29
2014.10.15 14:05:30.291,0.79887,0.79899,1.40,1.43
2014.10.15 14:05:30.798,0.79888,0.799,2.32,1.71
2014.10.15 14:05:30.900,0.79889,0.799,1.34,1.69
2014.10.15 14:05:31.053,0.7989,0.799,1.36,1.71
2014.10.15 14:05:31.459,0.79889,0.799,2.59,1.19
2014.10.15 14:05:31.715,0.7989,0.799,5.44,1.19
2014.10.15 14:05:31.867,0.79891,0.79902,1.36,1.29
2014.10.15 14:05:31.969,0.79894,0.79903,1.00,1.26
2014.10.15 14:05:32.449,0.79894,0.79905,4.01,1.19
2014.10.15 14:05:32.756,0.79892,0.799,2.32,1.19
2014.10.15 14:05:32.807,0.7989,0.799,1.10,1.29
2014.10.15 14:05:32.910,0.7989,0.79896,1.00,1.00
2014.10.15 14:05:33.216,0.79881,0.79891,3.26,1.00
2014.10.15 14:05:33.318,0.79883,0.79895,1.07,1.34
2014.10.15 14:05:33.369,0.79882,0.79892,1.07,1.69
2014.10.15 14:05:33.472,0.79881,0.79891,1.10,1.29
2014.10.15 14:05:33.676,0.7988,0.7989,1.20,1.39
2014.10.15 14:05:33.931,0.79879,0.79891,1.17,1.36
2014.10.15 14:05:34.185,0.79882,0.79891,1.00,1.29
2014.10.15 14:05:34.439,0.79877,0.7989,4.09,1.40
2014.10.15 14:05:34.542,0.79878,0.7989,2.32,1.32
2014.10.15 14:05:34.847,0.79885,0.79891,1.00,1.50
2014.10.15 14:05:34.949,0.79883,0.79895,1.00,3.26
2014.10.15 14:05:35.051,0.79886,0.79895,1.00,1.34
2014.10.15 14:05:35.153,0.79882,0.79892,1.15,1.19
2014.10.15 14:05:35.255,0.7988,0.7989,3.82,1.19
2014.10.15 14:05:35.357,0.7988,0.79888,1.57,1.25
2014.10.15 14:05:35.611,0.79878,0.79888,1.10,1.29
2014.10.15 14:05:36.119,0.79878,0.79889,1.15,1.19
2014.10.15 14:05:36.170,0.7988,0.79891,1.10,1.17
2014.10.15 14:05:36.221,0.7988,0.79892,1.17,3.15
2014.10.15 14:05:36.323,0.7988,0.79892,5.25,1.25
2014.10.15 14:05:36.374,0.79883,0.79891,1.20,1.19
2014.10.15 14:05:36.527,0.79881,0.79892,1.10,4.01
2014.10.15 14:05:37.032,0.79881,0.7989,1.00,1.84
2014.10.15 14:05:37.336,0.79878,0.79889,1.36,1.01
2014.10.15 14:05:37.592,0.79876,0.79887,1.32,1.76
2014.10.15 14:05:37.643,0.79876,0.79887,1.01,1.84
2014.10.15 14:05:37.695,0.79877,0.79885,1.00,1.19
2014.10.15 14:05:38.000,0.79874,0.79886,1.15,4.69
2014.10.15 14:05:38.051,0.79879,0.79886,1.00,1.29
2014.10.15 14:05:38.153,0.79877,0.79888,1.00,3.34
2014.10.15 14:05:38.255,0.79879,0.79889,1.10,1.36
2014.10.15 14:05:38.612,0.79878,0.79885,1.07,1.19
2014.10.15 14:05:38.866,0.79877,0.79885,1.00,1.19
2014.10.15 14:05:39.633,0.79876,0.79884,1.10,1.25
2014.10.15 14:05:39.889,0.79872,0.79881,1.17,1.19
2014.10.15 14:05:40.041,0.79869,0.79881,1.10,2.59
2014.10.15 14:05:40.194,0.79869,0.79877,1.00,1.19
2014.10.15 14:05:40.498,0.79867,0.79878,1.20,1.34
2014.10.15 14:05:40.702,0.79867,0.79878,1.17,1.26
2014.10.15 14:05:40.905,0.7987,0.79883,1.10,2.51
2014.10.15 14:05:40.957,0.79872,0.79883,1.00,2.51
2014.10.15 14:05:41.263,0.79869,0.7988,1.17,1.29
2014.10.15 14:05:41.665,0.7987,0.79882,1.17,1.84
2014.10.15 14:05:41.868,0.7987,0.79881,2.51,1.76
2014.10.15 14:05:42.378,0.7987,0.79882,1.84,1.76
2014.10.15 14:05:42.889,0.79869,0.79881,1.15,1.84
2014.10.15 14:05:42.940,0.79867,0.79879,1.65,1.01
2014.10.15 14:05:43.042,0.79868,0.79877,1.00,1.29
2014.10.15 14:05:43.246,0.79868,0.79879,1.09,1.76
2014.10.15 14:05:43.551,0.79866,0.79877,1.40,1.19
2014.10.15 14:05:43.857,0.79867,0.79877,2.32,1.69
2014.10.15 14:05:43.959,0.79865,0.79877,4.69,1.69
2014.10.15 14:05:44.163,0.79869,0.79879,1.00,1.17
2014.10.15 14:05:44.265,0.7987,0.79881,1.01,1.09
2014.10.15 14:05:44.367,0.79871,0.79882,1.36,1.29
2014.10.15 14:05:44.877,0.79869,0.79881,1.84,1.84
2014.10.15 14:05:45.384,0.79873,0.79882,1.00,1.01
2014.10.15 14:05:45.843,0.79871,0.79881,1.10,1.20
2014.10.15 14:05:45.895,0.79871,0.79881,1.10,1.36
2014.10.15 14:05:46.322,0.7987,0.79877,1.10,1.00
2014.10.15 14:05:46.373,0.79865,0.79878,4.01,1.29
2014.10.15 14:05:46.475,0.79864,0.79878,1.40,1.84
2014.10.15 14:05:46.679,0.79864,0.79874,1.15,1.25
2014.10.15 14:05:46.882,0.79867,0.79876,1.00,1.20
2014.10.15 14:05:46.985,0.79867,0.79878,1.17,1.07
2014.10.15 14:05:47.497,0.79867,0.79879,4.01,1.69
2014.10.15 14:05:47.803,0.79871,0.79882,4.50,1.31
2014.10.15 14:05:48.108,0.7987,0.79883,1.10,2.51
2014.10.15 14:05:48.159,0.79871,0.79883,1.07,2.51
2014.10.15 14:05:48.364,0.79869,0.79879,1.17,1.87
2014.10.15 14:05:48.567,0.79866,0.79876,2.59,1.00
2014.10.15 14:05:48.975,0.79865,0.79877,4.09,1.09
2014.10.15 14:05:49.229,0.79865,0.79878,2.32,1.57
2014.10.15 14:05:49.536,0.7987,0.79878,4.50,1.87
2014.10.15 14:05:49.689,0.79868,0.7988,4.50,1.25
2014.10.15 14:05:49.741,0.79868,0.79878,2.25,1.25
2014.10.15 14:05:49.792,0.79865,0.79878,2.51,1.76
2014.10.15 14:05:49.996,0.79869,0.79878,1.07,1.00
2014.10.15 14:05:50.503,0.79868,0.79881,4.01,1.29
2014.10.15 14:05:50.814,0.79871,0.79879,2.32,3.00
2014.10.15 14:05:51.017,0.79868,0.79878,1.15,1.87
2014.10.15 14:05:51.069,0.79868,0.79878,1.07,1.95
2014.10.15 14:05:51.120,0.79866,0.79871,2.40,1.00
2014.10.15 14:05:51.171,0.79867,0.79875,1.00,1.00
2014.10.15 14:05:51.425,0.79864,0.79875,1.17,1.76
2014.10.15 14:05:51.730,0.79865,0.79876,3.26,1.19
2014.10.15 14:05:52.035,0.79866,0.79875,4.50,1.19
2014.10.15 14:05:52.339,0.79867,0.79877,2.32,1.19
2014.10.15 14:05:52.493,0.7987,0.79878,2.32,1.25
2014.10.15 14:05:52.798,0.79872,0.79878,2.25,1.00
2014.10.15 14:05:53.002,0.79868,0.79878,2.32,1.69
2014.10.15 14:05:53.105,0.79866,0.79877,5.32,1.25
2014.10.15 14:05:53.156,0.79866,0.79877,5.32,1.69
2014.10.15 14:05:53.462,0.79866,0.79875,2.32,1.19
2014.10.15 14:05:53.513,0.79865,0.79875,3.15,1.19
2014.10.15 14:05:53.919,0.79865,0.79877,2.32,1.76
2014.10.15 14:05:54.427,0.79864,0.79878,3.26,1.84
2014.10.15 14:05:54.529,0.79864,0.79876,6.07,1.19
2014.10.15 14:05:54.834,0.79864,0.79873,3.15,1.69
2014.10.15 14:05:55.749,0.79863,0.79875,5.44,1.19
2014.10.15 14:05:55.955,0.79866,0.79875,2.32,1.25
2014.10.15 14:05:56.007,0.79865,0.79875,1.17,1.19
2014.10.15 14:05:56.517,0.79864,0.79875,1.15,1.25
2014.10.15 14:05:56.619,0.79866,0.79878,1.15,1.84
2014.10.15 14:05:57.126,0.79865,0.79876,2.59,1.19
2014.10.15 14:05:57.431,0.79868,0.79876,2.32,1.00
2014.10.15 14:05:57.482,0.79868,0.79878,2.32,1.50
2014.10.15 14:05:57.635,0.79866,0.79878,6.19,2.44
2014.10.15 14:05:58.144,0.79867,0.79878,1.36,1.10
2014.10.15 14:05:58.450,0.79869,0.79881,1.19,3.26
2014.10.15 14:05:58.552,0.7987,0.79882,1.29,1.84
2014.10.15 14:05:59.059,0.7987,0.7988,1.34,1.10
2014.10.15 14:05:59.161,0.7987,0.79882,1.84,2.51
2014.10.15 14:05:59.263,0.7987,0.79882,1.76,2.59
2014.10.15 14:05:59.773,0.79869,0.79879,1.84,1.25
2014.10.15 14:06:00.281,0.7987,0.79881,1.25,4.01
2014.10.15 14:06:00.701,0.79872,0.79882,1.19,1.84
2014.10.15 14:06:01.159,0.79871,0.79883,1.09,1.84
2014.10.15 14:06:01.261,0.7987,0.79878,3.26,1.00
2014.10.15 14:06:01.363,0.7987,0.79882,3.26,1.00
2014.10.15 14:06:01.567,0.79872,0.79879,1.29,1.00
2014.10.15 14:06:01.669,0.79872,0.79881,1.29,1.00
2014.10.15 14:06:02.076,0.79875,0.79883,1.19,1.17
2014.10.15 14:06:02.228,0.79877,0.79886,1.19,1.84
2014.10.15 14:06:03.095,0.79877,0.79884,1.19,1.00
2014.10.15 14:06:03.349,0.79876,0.79882,1.29,1.00
2014.10.15 14:06:03.653,0.79876,0.79885,1.29,1.00
2014.10.15 14:06:04.171,0.79877,0.79887,1.29,1.10
2014.10.15 14:06:04.681,0.79877,0.79887,1.34,1.00
2014.10.15 14:06:05.189,0.79877,0.79883,1.40,1.00
2014.10.15 14:06:05.392,0.79877,0.79883,1.01,1.00
2014.10.15 14:06:05.765,0.79875,0.79886,1.29,2.59
2014.10.15 14:06:05.919,0.79877,0.79886,1.19,1.17
2014.10.15 14:06:06.935,0.79875,0.79883,1.76,1.00
2014.10.15 14:06:07.189,0.79875,0.79885,1.01,1.10
2014.10.15 14:06:07.545,0.79877,0.79886,1.00,1.09
2014.10.15 14:06:07.850,0.7988,0.79888,1.19,1.40
2014.10.15 14:06:08.002,0.7988,0.79889,1.19,1.84
2014.10.15 14:06:08.307,0.79879,0.79888,1.19,1.32
2014.10.15 14:06:08.815,0.79879,0.79885,1.19,1.10
2014.10.15 14:06:08.866,0.79876,0.79885,1.76,1.10
2014.10.15 14:06:09.171,0.79878,0.79887,1.19,1.20
2014.10.15 14:06:09.578,0.7988,0.79887,1.19,1.00
2014.10.15 14:06:09.629,0.7988,0.7989,1.29,1.84
2014.10.15 14:06:09.833,0.7988,0.79888,1.36,1.00
2014.10.15 14:06:09.935,0.7988,0.7989,1.39,1.76
2014.10.15 14:06:10.539,0.79879,0.79888,1.29,1.10
2014.10.15 14:06:11.050,0.79879,0.79885,1.01,1.00
2014.10.15 14:06:11.562,0.79878,0.79889,1.69,1.40
2014.10.15 14:06:11.716,0.79878,0.79889,1.84,1.01
2014.10.15 14:06:11.817,0.79878,0.79887,1.84,1.00
2014.10.15 14:06:12.124,0.79878,0.79885,1.76,1.00
2014.10.15 14:06:12.175,0.79878,0.79887,1.76,1.50
2014.10.15 14:06:12.277,0.79878,0.79885,1.76,1.00
2014.10.15 14:06:12.380,0.79878,0.79889,2.51,1.09
2014.10.15 14:06:12.685,0.79879,0.79887,1.29,1.00
2014.10.15 14:06:12.991,0.79878,0.79889,1.01,2.59
2014.10.15 14:06:13.447,0.79878,0.79889,1.09,2.44
2014.10.15 14:06:13.600,0.79879,0.79889,1.84,1.00
2014.10.15 14:06:14.006,0.79883,0.7989,1.00,1.25
2014.10.15 14:06:14.261,0.79881,0.79891,1.09,1.39
2014.10.15 14:06:14.669,0.79881,0.7989,1.19,1.26
2014.10.15 14:06:14.873,0.79879,0.79889,1.40,1.69
2014.10.15 14:06:15.128,0.79879,0.79885,1.00,1.00
2014.10.15 14:06:15.379,0.79878,0.79887,1.25,1.10
2014.10.15 14:06:15.887,0.79878,0.79888,1.01,1.01
2014.10.15 14:06:16.345,0.79878,0.79886,1.09,1.00
2014.10.15 14:06:17.006,0.79877,0.79885,1.29,1.10
2014.10.15 14:06:17.311,0.79878,0.79886,1.19,1.50
2014.10.15 14:06:17.818,0.79879,0.79888,1.36,2.44
2014.10.15 14:06:18.123,0.79878,0.79884,1.40,1.00
2014.10.15 14:06:18.428,0.79879,0.79886,1.17,1.50
2014.10.15 14:06:18.632,0.79878,0.79889,2.59,1.69
2014.10.15 14:06:19.141,0.79879,0.7989,1.84,1.69
2014.10.15 14:06:19.953,0.79879,0.79887,1.40,1.69
2014.10.15 14:06:20.476,0.79878,0.79889,1.40,1.69
2014.10.15 14:06:20.987,0.79878,0.79888,1.09,1.19
2014.10.15 14:06:21.191,0.7988,0.7989,1.01,1.09
2014.10.15 14:06:21.293,0.79878,0.79889,4.01,1.69
2014.10.15 14:06:21.599,0.79878,0.79889,1.84,1.29
2014.10.15 14:06:22.108,0.7988,0.79888,1.10,1.25
2014.10.15 14:06:22.159,0.7988,0.7989,1.76,1.01
2014.10.15 14:06:22.666,0.79881,0.79889,1.10,1.19
2014.10.15 14:06:22.717,0.79879,0.79889,1.01,1.76
2014.10.15 14:06:23.228,0.79879,0.79888,1.10,2.44
2014.10.15 14:06:23.889,0.79879,0.79889,1.10,1.36
2014.10.15 14:06:24.396,0.79879,0.79888,1.07,1.39
2014.10.15 14:06:24.903,0.79879,0.79889,1.10,1.76
2014.10.15 14:06:25.005,0.79881,0.79889,1.00,1.32
2014.10.15 14:06:25.590,0.79881,0.79889,1.10,1.69
2014.10.15 14:06:26.102,0.79883,0.7989,2.14,1.00
2014.10.15 14:06:26.411,0.79885,0.79894,1.00,3.34
2014.10.15 14:06:26.921,0.79886,0.79893,1.00,1.25
2014.10.15 14:06:27.428,0.79885,0.79892,1.01,1.00
2014.10.15 14:06:27.681,0.79885,0.79894,1.01,1.69
2014.10.15 14:06:28.088,0.79885,0.79891,1.25,1.00
2014.10.15 14:06:28.191,0.79885,0.79893,1.01,1.00
2014.10.15 14:06:28.698,0.79885,0.79894,1.76,1.19
2014.10.15 14:06:29.206,0.79885,0.79892,1.76,1.00
2014.10.15 14:06:29.714,0.79885,0.79893,1.76,1.25
2014.10.15 14:06:30.323,0.79885,0.79895,1.01,1.76
2014.10.15 14:06:31.128,0.79885,0.79894,1.19,1.76
2014.10.15 14:06:31.179,0.79885,0.79889,2.62,1.00
2014.10.15 14:06:31.280,0.79886,0.79893,1.01,1.00
2014.10.15 14:06:31.944,0.79886,0.79895,1.09,2.44
2014.10.15 14:06:32.457,0.79886,0.79896,1.84,1.25
2014.10.15 14:06:33.119,0.79886,0.79897,1.84,2.51
2014.10.15 14:06:33.627,0.79887,0.79897,1.09,1.39
2014.10.15 14:06:34.261,0.79888,0.79896,1.00,1.25
2014.10.15 14:06:34.678,0.79885,0.79894,4.01,1.19
2014.10.15 14:06:34.730,0.79885,0.79894,1.76,1.69
2014.10.15 14:06:35.034,0.79885,0.7989,1.00,1.00
2014.10.15 14:06:35.136,0.79883,0.7989,1.25,1.00
2014.10.15 14:06:35.340,0.79881,0.7989,1.25,1.09
2014.10.15 14:06:35.391,0.79881,0.7989,1.00,1.39
2014.10.15 14:06:36.117,0.79879,0.79888,1.17,1.19
2014.10.15 14:06:36.574,0.7988,0.7989,1.46,1.25
2014.10.15 14:06:36.676,0.79883,0.79892,1.29,1.69
2014.10.15 14:06:36.981,0.79886,0.79895,1.17,1.76
2014.10.15 14:06:37.440,0.79889,0.79896,1.10,1.19
2014.10.15 14:06:37.697,0.79888,0.79898,2.96,1.76
2014.10.15 14:06:37.799,0.7989,0.79898,1.19,1.01
2014.10.15 14:06:38.105,0.79893,0.799,1.01,1.00
2014.10.15 14:06:38.257,0.79893,0.79903,1.09,1.29
2014.10.15 14:06:38.765,0.79892,0.79902,1.09,1.84
2014.10.15 14:06:39.172,0.79893,0.79903,1.17,1.29
2014.10.15 14:06:39.681,0.79893,0.79902,4.50,1.19
2014.10.15 14:06:40.139,0.79893,0.79904,5.44,1.19
2014.10.15 14:06:40.240,0.79894,0.79906,2.21,1.39
2014.10.15 14:06:40.444,0.79897,0.79907,1.34,1.19
2014.10.15 14:06:41.208,0.79896,0.79904,1.36,1.69
2014.10.15 14:06:41.767,0.79897,0.79904,2.51,1.00
2014.10.15 14:06:41.818,0.79897,0.79906,2.32,1.00
2014.10.15 14:06:41.869,0.79899,0.79907,2.32,1.00
2014.10.15 14:06:42.382,0.79897,0.79909,2.32,1.19
2014.10.15 14:06:42.740,0.79901,0.7991,1.19,1.76
2014.10.15 14:06:43.045,0.79898,0.79909,1.84,1.69
2014.10.15 14:06:43.553,0.79898,0.79908,1.84,1.25
2014.10.15 14:06:43.705,0.79898,0.79906,1.29,1.00
2014.10.15 14:06:44.213,0.79897,0.79908,1.36,1.29
2014.10.15 14:06:44.746,0.79897,0.79909,1.36,1.36
2014.10.15 14:06:45.102,0.79897,0.79909,1.26,3.26
2014.10.15 14:06:45.458,0.79898,0.79909,1.36,1.01
2014.10.15 14:06:45.560,0.79898,0.79909,6.19,1.25
2014.10.15 14:06:47.074,0.79901,0.79911,1.17,1.19
2014.10.15 14:06:47.125,0.79901,0.79913,1.46,1.84
2014.10.15 14:06:48.090,0.79899,0.79912,2.21,1.40
2014.10.15 14:06:48.597,0.799,0.7991,2.14,1.29
2014.10.15 14:06:49.156,0.79898,0.79911,5.21,1.84
2014.10.15 14:06:49.463,0.799,0.79911,4.39,1.76
2014.10.15 14:06:49.720,0.79899,0.79911,2.21,2.96
2014.10.15 14:06:49.772,0.79898,0.79906,5.14,1.00
2014.10.15 14:06:49.875,0.79897,0.79906,1.84,1.00
2014.10.15 14:06:50.383,0.79897,0.79908,1.84,1.19
2014.10.15 14:06:50.891,0.79899,0.79908,1.95,1.32
2014.10.15 14:06:51.398,0.79897,0.79908,1.84,1.26
2014.10.15 14:06:52.106,0.79897,0.79908,1.36,2.01
2014.10.15 14:06:52.616,0.79897,0.79908,1.19,4.84
2014.10.15 14:06:53.758,0.79896,0.79908,1.29,1.84
2014.10.15 14:06:53.961,0.79895,0.79906,1.29,3.34
2014.10.15 14:06:54.063,0.79895,0.79906,1.39,2.59
2014.10.15 14:06:54.266,0.79897,0.79906,1.19,1.76
2014.10.15 14:06:55.281,0.79898,0.79907,1.29,1.19
2014.10.15 14:06:56.195,0.79898,0.79909,1.39,1.34
2014.10.15 14:06:59.811,0.79897,0.79909,2.96,3.34
2014.10.15 14:07:00.115,0.79896,0.79906,1.87,1.57
2014.10.15 14:07:00.986,0.79894,0.79906,2.21,1.29
2014.10.15 14:07:01.493,0.79895,0.79906,1.29,1.76
2014.10.15 14:07:01.797,0.79892,0.79903,1.29,2.92
2014.10.15 14:07:03.017,0.79891,0.79901,1.01,1.01
2014.10.15 14:07:03.525,0.79891,0.79901,1.01,1.76
2014.10.15 14:07:04.032,0.79891,0.79901,1.29,1.00
2014.10.15 14:07:04.645,0.79891,0.79902,1.29,2.59
2014.10.15 14:07:05.160,0.79891,0.79902,1.29,3.61
2014.10.15 14:07:06.413,0.79891,0.79901,1.76,1.76
2014.10.15 14:07:06.515,0.79891,0.79897,1.69,1.00
2014.10.15 14:07:06.617,0.79891,0.79899,1.19,1.00
2014.10.15 14:07:07.125,0.79889,0.799,1.46,2.51
2014.10.15 14:07:07.684,0.79891,0.799,1.19,1.29
2014.10.15 14:07:08.698,0.7989,0.799,1.29,1.01
2014.10.15 14:07:09.155,0.7989,0.799,1.29,1.00
2014.10.15 14:07:09.460,0.7989,0.79901,1.46,1.29
2014.10.15 14:07:09.963,0.79892,0.79901,1.25,1.00
2014.10.15 14:07:10.171,0.79891,0.79902,1.39,1.40
2014.10.15 14:07:10.528,0.79892,0.79902,1.69,3.51
2014.10.15 14:07:11.036,0.79892,0.79902,1.19,1.00
2014.10.15 14:07:11.341,0.79892,0.79902,1.19,1.09
2014.10.15 14:07:11.392,0.7989,0.79902,1.01,3.61
2014.10.15 14:07:11.600,0.79889,0.799,1.36,1.01
2014.10.15 14:07:11.905,0.7989,0.799,1.39,1.76
2014.10.15 14:07:11.956,0.79893,0.799,1.00,1.76
2014.10.15 14:07:12.465,0.79893,0.79902,1.69,1.84
2014.10.15 14:07:12.973,0.79893,0.79903,1.25,1.36
2014.10.15 14:07:13.125,0.79893,0.79903,1.25,1.00
2014.10.15 14:07:13.227,0.79893,0.79903,1.25,1.76
2014.10.15 14:07:13.480,0.79893,0.79903,1.25,4.76
2014.10.15 14:07:13.786,0.79892,0.79902,1.29,2.76
2014.10.15 14:07:13.888,0.79892,0.79902,1.19,2.84
2014.10.15 14:07:13.939,0.79892,0.79902,1.76,1.84
2014.10.15 14:07:15.101,0.79892,0.79899,1.39,1.00
2014.10.15 14:07:15.608,0.79891,0.79899,1.26,1.00
2014.10.15 14:07:15.965,0.79891,0.79901,1.39,1.10
2014.10.15 14:07:16.473,0.79893,0.79902,1.00,1.84
2014.10.15 14:07:16.575,0.79893,0.79901,1.00,1.84
2014.10.15 14:07:16.626,0.7989,0.79899,1.29,1.25
2014.10.15 14:07:17.184,0.79891,0.79898,1.25,1.00
2014.10.15 14:07:17.692,0.79889,0.79898,1.84,1.00
2014.10.15 14:07:18.306,0.79889,0.79895,1.84,1.00
2014.10.15 14:07:18.459,0.79887,0.79896,1.25,2.89
2014.10.15 14:07:18.510,0.79887,0.79897,1.25,1.34
2014.10.15 14:07:18.713,0.79885,0.79891,1.69,1.00
2014.10.15 14:07:18.967,0.79884,0.79893,1.00,1.26
2014.10.15 14:07:19.375,0.79882,0.79889,1.10,1.00
2014.10.15 14:07:19.730,0.79882,0.79891,1.10,1.69
2014.10.15 14:07:19.833,0.79882,0.79889,1.10,1.00
2014.10.15 14:07:20.341,0.79882,0.7989,1.00,1.00
2014.10.15 14:07:21.491,0.79882,0.7989,1.00,1.26
2014.10.15 14:07:21.998,0.79881,0.79889,1.25,1.01
2014.10.15 14:07:22.303,0.79878,0.79886,1.19,1.19
2014.10.15 14:07:22.456,0.79877,0.79888,1.29,2.59
2014.10.15 14:07:22.660,0.79879,0.79888,1.19,1.36
2014.10.15 14:07:22.761,0.79878,0.7989,1.36,1.65
2014.10.15 14:07:23.269,0.79878,0.79889,1.39,2.02
2014.10.15 14:07:23.776,0.79878,0.79889,1.39,2.02
2014.10.15 14:07:24.030,0.79878,0.79889,1.29,4.20
2014.10.15 14:07:24.541,0.79879,0.79889,1.19,1.84
2014.10.15 14:07:25.054,0.79879,0.79889,1.00,1.40
2014.10.15 14:07:25.410,0.79877,0.79887,1.19,1.26
2014.10.15 14:07:25.919,0.79875,0.79885,1.36,1.00
2014.10.15 14:07:27.821,0.79875,0.79883,1.34,1.00
2014.10.15 14:07:28.129,0.79872,0.7988,3.26,1.00
2014.10.15 14:07:28.282,0.79869,0.7988,1.15,1.29
2014.10.15 14:07:28.789,0.79868,0.79879,4.01,1.25
2014.10.15 14:07:29.146,0.79872,0.79881,1.87,1.84
2014.10.15 14:07:29.248,0.79871,0.7988,2.02,1.00
2014.10.15 14:07:29.401,0.79871,0.79882,1.36,1.10
2014.10.15 14:07:29.757,0.79872,0.79878,2.96,1.00
2014.10.15 14:07:29.910,0.79869,0.79878,1.10,2.44
2014.10.15 14:07:29.961,0.79869,0.79875,1.10,1.00
2014.10.15 14:07:30.012,0.79864,0.79875,6.56,1.00
2014.10.15 14:07:30.114,0.79864,0.79874,1.09,1.00
2014.10.15 14:07:30.215,0.79864,0.79873,4.76,1.00
2014.10.15 14:07:30.419,0.79864,0.79875,3.26,1.10
2014.10.15 14:07:30.471,0.79864,0.79875,1.40,1.20
2014.10.15 14:07:30.978,0.79865,0.79877,1.36,1.84
2014.10.15 14:07:31.500,0.79865,0.79876,1.36,1.29
2014.10.15 14:07:31.856,0.79864,0.79873,1.46,1.25
2014.10.15 14:07:32.110,0.79861,0.79872,1.36,1.10
2014.10.15 14:07:32.314,0.79859,0.79872,2.21,1.26
2014.10.15 14:07:32.618,0.7986,0.79872,4.31,1.26
2014.10.15 14:07:33.126,0.7986,0.79872,5.14,1.00
2014.10.15 14:07:33.432,0.7986,0.79868,5.14,1.00
2014.10.15 14:07:33.584,0.7986,0.7987,6.64,1.00
2014.10.15 14:07:33.635,0.79864,0.7987,1.19,1.00
2014.10.15 14:07:33.737,0.79864,0.79872,1.19,1.25
2014.10.15 14:07:34.246,0.79866,0.79876,2.06,2.59
2014.10.15 14:07:34.805,0.79865,0.79875,1.76,1.01
2014.10.15 14:07:34.907,0.79865,0.79872,1.29,1.00
2014.10.15 14:07:35.263,0.79865,0.79869,1.10,1.00
2014.10.15 14:07:35.366,0.79865,0.79873,1.19,1.25
2014.10.15 14:07:35.974,0.79863,0.79874,1.36,1.26
2014.10.15 14:07:36.920,0.79867,0.79876,1.17,1.19
2014.10.15 14:07:37.075,0.79867,0.79879,2.59,1.84
2014.10.15 14:07:37.126,0.79867,0.79875,1.84,1.00
2014.10.15 14:07:37.586,0.79867,0.79877,1.39,1.65
2014.10.15 14:07:38.093,0.79867,0.79876,1.39,1.25
2014.10.15 14:07:38.804,0.79869,0.79877,1.19,1.10
2014.10.15 14:07:39.417,0.79869,0.79879,1.19,1.34
2014.10.15 14:07:40.077,0.79868,0.79877,1.29,1.00
2014.10.15 14:07:40.585,0.79868,0.79879,1.29,1.36
2014.10.15 14:07:41.093,0.79871,0.79882,1.20,1.15
2014.10.15 14:07:41.245,0.79872,0.79882,2.21,1.00
2014.10.15 14:07:41.652,0.79876,0.79884,1.87,2.70
2014.10.15 14:07:41.906,0.79874,0.79885,1.95,2.32
2014.10.15 14:07:42.151,0.79874,0.79885,3.34,2.25
2014.10.15 14:07:42.211,0.79875,0.79887,1.36,2.59
2014.10.15 14:07:42.721,0.79876,0.79885,1.39,1.00
2014.10.15 14:07:43.127,0.79872,0.79884,2.51,1.25
2014.10.15 14:07:43.178,0.79871,0.7988,10.39,1.00
2014.10.15 14:07:43.686,0.79874,0.79883,1.19,1.84
2014.10.15 14:07:44.194,0.79874,0.79881,1.19,1.00
2014.10.15 14:07:44.702,0.79872,0.79882,1.34,1.69
2014.10.15 14:07:45.058,0.7987,0.7988,1.36,1.25
2014.10.15 14:07:45.873,0.7987,0.79882,1.84,1.29
2014.10.15 14:07:46.381,0.79871,0.79881,1.76,1.29
2014.10.15 14:07:46.687,0.79872,0.79884,1.29,1.84
2014.10.15 14:07:47.042,0.79873,0.79885,2.21,2.59
2014.10.15 14:07:47.407,0.79876,0.79887,1.29,3.34
2014.10.15 14:07:47.864,0.79875,0.79883,1.69,1.00
2014.10.15 14:07:48.371,0.79874,0.79884,1.29,1.76
2014.10.15 14:07:48.930,0.79873,0.79884,1.26,1.09
2014.10.15 14:07:49.437,0.79874,0.79884,1.39,1.36
2014.10.15 14:07:50.273,0.79874,0.79884,1.39,1.29
2014.10.15 14:07:50.578,0.79875,0.79882,1.19,1.00
2014.10.15 14:07:50.629,0.79871,0.79881,1.34,1.19
2014.10.15 14:07:51.136,0.79871,0.79881,1.36,1.19
2014.10.15 14:07:51.643,0.79872,0.79882,1.19,1.36
2014.10.15 14:07:52.151,0.79871,0.79884,1.84,4.09
2014.10.15 14:07:53.258,0.79873,0.79884,1.50,1.34
2014.10.15 14:07:53.563,0.79874,0.79883,1.19,1.84
2014.10.15 14:07:54.021,0.79875,0.79884,1.69,1.01
2014.10.15 14:07:54.274,0.79876,0.79884,1.29,1.00
2014.10.15 14:07:54.325,0.79877,0.79886,1.19,1.01
2014.10.15 14:07:54.681,0.79877,0.79888,1.65,1.69
2014.10.15 14:07:54.884,0.79881,0.79888,1.19,1.00
2014.10.15 14:07:54.986,0.79882,0.7989,1.29,1.10
2014.10.15 14:07:55.190,0.79881,0.79889,1.29,1.37
2014.10.15 14:07:55.292,0.7988,0.79888,1.00,1.46
2014.10.15 14:07:55.343,0.79877,0.79881,2.25,1.50
2014.10.15 14:07:55.445,0.79872,0.79882,4.01,1.00
2014.10.15 14:07:55.496,0.79872,0.79882,1.65,1.00
2014.10.15 14:07:55.649,0.79876,0.79882,1.87,1.00
2014.10.15 14:07:55.700,0.79876,0.79885,2.06,1.76
2014.10.15 14:07:56.210,0.79875,0.79884,1.17,1.01
2014.10.15 14:07:56.720,0.79873,0.79884,1.34,1.25
2014.10.15 14:07:57.229,0.79875,0.79885,2.21,1.50
2014.10.15 14:07:57.757,0.79875,0.79885,1.34,1.69
2014.10.15 14:07:58.265,0.79874,0.79885,1.84,1.25
2014.10.15 14:07:59.280,0.79877,0.79888,1.50,1.15
2014.10.15 14:07:59.810,0.79877,0.79888,1.01,4.76
2014.10.15 14:08:00.319,0.79876,0.79887,2.51,1.84
2014.10.15 14:08:01.234,0.79876,0.79886,1.76,1.10
2014.10.15 14:08:01.336,0.79876,0.79886,2.51,1.09
2014.10.15 14:08:01.541,0.79876,0.79886,2.51,1.01
2014.10.15 14:08:01.744,0.79876,0.79886,2.51,1.40
2014.10.15 14:08:02.352,0.79876,0.79885,1.01,1.26
2014.10.15 14:08:03.214,0.79876,0.79886,1.09,1.69
2014.10.15 14:08:03.417,0.79874,0.7988,1.15,1.00
2014.10.15 14:08:03.519,0.79873,0.7988,1.00,1.19
2014.10.15 14:08:03.620,0.79873,0.79881,1.00,1.10
2014.10.15 14:08:03.671,0.79875,0.79883,1.00,1.34
2014.10.15 14:08:04.220,0.79875,0.79883,1.00,1.69
2014.10.15 14:08:04.728,0.79873,0.79882,1.76,1.69
2014.10.15 14:08:05.541,0.79873,0.79882,1.76,1.29
2014.10.15 14:08:06.049,0.79874,0.79882,1.34,1.19
2014.10.15 14:08:06.558,0.79874,0.79882,1.76,1.00
2014.10.15 14:08:07.780,0.79874,0.79884,1.84,1.69
2014.10.15 14:08:08.288,0.79874,0.79884,1.36,1.69
2014.10.15 14:08:08.807,0.79875,0.79884,1.76,1.19
2014.10.15 14:08:09.705,0.79875,0.79884,1.29,1.25
2014.10.15 14:08:10.215,0.79874,0.79883,1.19,1.10
2014.10.15 14:08:10.420,0.79872,0.79882,1.17,1.00
2014.10.15 14:08:10.471,0.79872,0.79881,1.17,1.19
2014.10.15 14:08:11.487,0.79871,0.79881,1.34,1.69
2014.10.15 14:08:12.198,0.79871,0.7988,1.09,1.19
2014.10.15 14:08:12.503,0.79869,0.79878,1.25,1.29
2014.10.15 14:08:13.418,0.79869,0.79878,1.29,1.25
2014.10.15 14:08:13.672,0.7987,0.7988,3.15,1.00
2014.10.15 14:08:13.927,0.79871,0.79881,1.84,1.01
2014.10.15 14:08:14.434,0.79871,0.79881,1.69,1.09
2014.10.15 14:08:14.943,0.79871,0.79881,1.25,1.09
2014.10.15 14:08:15.044,0.79871,0.7988,1.69,1.29
2014.10.15 14:08:15.738,0.79871,0.7988,2.51,1.01
2014.10.15 14:08:16.148,0.79871,0.79881,1.09,1.10
2014.10.15 14:08:16.557,0.79871,0.79879,1.17,1.00
2014.10.15 14:08:17.065,0.79871,0.7988,1.36,1.00
2014.10.15 14:08:17.472,0.79873,0.7988,1.19,1.10
2014.10.15 14:08:17.574,0.79874,0.79882,1.29,1.10
2014.10.15 14:08:17.726,0.79874,0.79882,4.01,1.00
2014.10.15 14:08:18.184,0.79876,0.79884,1.20,1.01
2014.10.15 14:08:18.641,0.79876,0.79885,1.40,1.00
2014.10.15 14:08:18.947,0.7988,0.79887,1.09,1.00
2014.10.15 14:08:19.304,0.7988,0.7989,1.26,1.69
2014.10.15 14:08:19.814,0.7988,0.7989,1.84,1.76
2014.10.15 14:08:20.118,0.79883,0.79891,1.19,1.00
2014.10.15 14:08:20.645,0.79883,0.79891,1.36,1.00
2014.10.15 14:08:21.153,0.79883,0.79891,1.26,1.00
2014.10.15 14:08:22.137,0.79881,0.79891,1.76,1.01
2014.10.15 14:08:22.442,0.79886,0.79892,1.29,1.00
2014.10.15 14:08:22.951,0.79886,0.79894,1.84,1.00
2014.10.15 14:08:23.358,0.79889,0.79897,1.00,1.25
2014.10.15 14:08:23.563,0.7989,0.799,1.57,1.57
2014.10.15 14:08:23.766,0.79889,0.79899,1.65,1.50
2014.10.15 14:08:23.817,0.79891,0.79898,1.87,1.00
2014.10.15 14:08:24.020,0.79891,0.79899,1.20,1.00
2014.10.15 14:08:24.274,0.79892,0.79897,1.00,1.00
2014.10.15 14:08:24.376,0.79888,0.79899,1.34,1.25
2014.10.15 14:08:24.529,0.79887,0.79898,1.09,1.01
2014.10.15 14:08:24.581,0.79888,0.79896,1.10,1.00
2014.10.15 14:08:25.037,0.79886,0.79896,1.84,1.65
2014.10.15 14:08:25.139,0.79886,0.79895,1.00,1.65
2014.10.15 14:08:25.660,0.79881,0.79888,1.32,1.00
2014.10.15 14:08:25.711,0.79881,0.7989,1.29,1.25
2014.10.15 14:08:25.966,0.79884,0.79892,1.34,1.00
2014.10.15 14:08:26.120,0.79885,0.79894,1.09,1.25
2014.10.15 14:08:27.677,0.79883,0.79894,1.84,2.89
2014.10.15 14:08:28.690,0.79884,0.79893,1.19,1.84
2014.10.15 14:08:29.423,0.7988,0.79892,1.84,1.84
2014.10.15 14:08:30.082,0.7988,0.79891,1.36,1.32
2014.10.15 14:08:30.387,0.79882,0.79891,1.29,1.25
2014.10.15 14:08:31.180,0.79885,0.79892,1.00,1.19
2014.10.15 14:08:31.239,0.79885,0.79894,1.10,1.25
2014.10.15 14:08:31.493,0.79885,0.79891,1.10,1.00
2014.10.15 14:08:31.646,0.79882,0.79893,4.76,1.10
2014.10.15 14:08:32.154,0.79882,0.79893,1.36,1.76
2014.10.15 14:08:32.814,0.79882,0.79892,1.36,1.00
2014.10.15 14:08:33.017,0.79883,0.79892,4.31,1.00
2014.10.15 14:08:33.529,0.79885,0.79894,1.15,1.19
2014.10.15 14:08:34.037,0.79886,0.79895,1.36,1.25
2014.10.15 14:08:35.054,0.79886,0.79895,1.29,1.69
2014.10.15 14:08:36.031,0.79885,0.79895,1.84,1.19
2014.10.15 14:08:37.071,0.79886,0.79895,1.19,1.84
2014.10.15 14:08:38.004,0.79886,0.79894,1.19,1.09
2014.10.15 14:08:38.055,0.79884,0.79894,2.06,1.36
2014.10.15 14:08:38.461,0.79886,0.79895,1.19,1.76
2014.10.15 14:08:38.766,0.79887,0.79897,1.69,1.09
2014.10.15 14:08:39.172,0.79888,0.79899,1.84,1.32
2014.10.15 14:08:39.578,0.79888,0.79898,1.01,1.29
2014.10.15 14:08:40.558,0.79887,0.79898,1.76,1.09
2014.10.15 14:08:41.624,0.79887,0.79895,1.29,1.00
2014.10.15 14:08:41.676,0.79885,0.79895,1.34,1.25
2014.10.15 14:08:42.186,0.79886,0.79895,1.00,1.17
2014.10.15 14:08:42.288,0.79886,0.79895,1.69,1.76
2014.10.15 14:08:43.006,0.79887,0.79895,1.25,1.07
2014.10.15 14:08:43.514,0.79885,0.79895,1.84,1.25
2014.10.15 14:08:43.971,0.79888,0.79894,1.00,1.00
2014.10.15 14:08:44.126,0.79888,0.79897,1.25,1.10
2014.10.15 14:08:44.635,0.79888,0.79898,1.32,1.32
2014.10.15 14:08:45.517,0.79888,0.79898,3.26,1.10
2014.10.15 14:08:45.619,0.79889,0.79898,1.19,1.10
2014.10.15 14:08:46.126,0.79889,0.79899,1.19,1.40
2014.10.15 14:08:46.634,0.79888,0.79899,3.56,4.01
2014.10.15 14:08:47.142,0.79887,0.79897,1.25,2.51
2014.10.15 14:08:47.244,0.79887,0.79895,1.25,2.32
2014.10.15 14:08:47.501,0.79881,0.79891,1.19,2.32
2014.10.15 14:08:47.653,0.79882,0.79889,1.00,2.32
2014.10.15 14:08:48.161,0.79881,0.7989,1.19,5.25
2014.10.15 14:08:48.551,0.79879,0.79889,1.69,1.40
2014.10.15 14:08:48.755,0.79878,0.79888,1.69,1.84
2014.10.15 14:08:48.806,0.79878,0.79887,1.19,2.32
2014.10.15 14:08:48.958,0.79877,0.79886,1.69,1.09
2014.10.15 14:08:49.470,0.79874,0.79883,1.69,1.10
2014.10.15 14:08:50.029,0.79874,0.79882,1.19,1.00
2014.10.15 14:08:50.080,0.79873,0.79882,1.39,1.25
2014.10.15 14:08:50.284,0.79873,0.79881,1.19,1.07
2014.10.15 14:08:51.046,0.79872,0.79881,1.69,1.40
2014.10.15 14:08:51.910,0.79872,0.79881,1.19,1.01
2014.10.15 14:08:53.079,0.79875,0.79881,1.00,1.69
2014.10.15 14:08:53.587,0.79873,0.79883,2.44,1.40
2014.10.15 14:08:53.899,0.79872,0.79877,1.25,1.00
2014.10.15 14:08:54.056,0.7987,0.79881,2.06,2.59
2014.10.15 14:08:54.209,0.7987,0.7988,1.19,3.26
2014.10.15 14:08:54.717,0.79869,0.79876,1.31,1.00
2014.10.15 14:08:55.680,0.79869,0.79877,1.29,1.00
2014.10.15 14:08:56.188,0.79869,0.79879,1.39,1.36
2014.10.15 14:08:56.646,0.79872,0.79879,1.00,1.84
2014.10.15 14:08:57.406,0.79869,0.79879,1.34,1.76
2014.10.15 14:08:57.711,0.79868,0.79874,1.39,1.00
2014.10.15 14:08:58.248,0.79866,0.79872,2.77,1.00
2014.10.15 14:08:58.554,0.79866,0.79872,1.29,1.00
2014.10.15 14:08:59.000,0.79864,0.79872,1.00,1.09
2014.10.15 14:08:59.052,0.7986,0.79871,1.36,1.29
2014.10.15 14:08:59.154,0.79862,0.79872,1.19,1.84
2014.10.15 14:08:59.662,0.79861,0.7987,1.29,1.25
2014.10.15 14:08:59.968,0.79858,0.79867,1.19,1.10
2014.10.15 14:09:00.934,0.79858,0.79867,1.19,1.17
2014.10.15 14:09:01.240,0.79857,0.79864,1.19,1.00
2014.10.15 14:09:01.748,0.79856,0.79865,1.09,1.00
2014.10.15 14:09:02.003,0.79853,0.79863,3.34,1.00
2014.10.15 14:09:02.460,0.79854,0.79862,1.00,1.00
2014.10.15 14:09:02.969,0.79854,0.79863,2.59,1.00
2014.10.15 14:09:03.479,0.79854,0.79864,4.84,1.00
2014.10.15 14:09:03.581,0.79856,0.79864,1.36,1.00
2014.10.15 14:09:03.885,0.79857,0.79866,4.01,1.25
2014.10.15 14:09:04.266,0.79859,0.79869,1.26,1.10
2014.10.15 14:09:05.491,0.79861,0.79871,1.29,1.36
2014.10.15 14:09:05.695,0.79862,0.79872,1.29,1.76
2014.10.15 14:09:06.304,0.79861,0.79874,2.21,1.40
2014.10.15 14:09:06.406,0.79862,0.79873,1.36,1.34
2014.10.15 14:09:06.659,0.79863,0.79875,1.84,1.09
2014.10.15 14:09:06.761,0.79863,0.79875,1.76,4.01
2014.10.15 14:09:07.473,0.79863,0.79875,1.36,1.09
2014.10.15 14:09:08.033,0.79867,0.79875,1.19,1.29
2014.10.15 14:09:08.543,0.79866,0.79876,1.19,1.36
2014.10.15 14:09:08.644,0.79865,0.79875,1.00,1.36
2014.10.15 14:09:08.746,0.79867,0.79874,1.00,1.00
2014.10.15 14:09:09.152,0.79868,0.79876,1.69,1.17
2014.10.15 14:09:09.660,0.79868,0.79878,1.29,1.10
2014.10.15 14:09:10.166,0.79867,0.79877,1.84,1.00
2014.10.15 14:09:10.676,0.79868,0.79878,1.29,1.10
2014.10.15 14:09:10.930,0.7987,0.7988,1.19,1.40
2014.10.15 14:09:11.437,0.79868,0.79878,1.76,1.01
2014.10.15 14:09:11.845,0.7987,0.79878,1.26,1.10
2014.10.15 14:09:12.152,0.79875,0.79884,1.00,1.17
2014.10.15 14:09:12.204,0.79872,0.79884,1.34,1.10
2014.10.15 14:09:12.711,0.79872,0.79886,6.19,2.59
2014.10.15 14:09:12.864,0.79874,0.79885,1.29,1.84
2014.10.15 14:09:12.966,0.79873,0.79883,1.20,2.14
2014.10.15 14:09:13.017,0.79873,0.79877,1.10,1.00
2014.10.15 14:09:13.069,0.7987,0.79877,1.00,1.00
2014.10.15 14:09:13.170,0.79867,0.79875,2.96,1.00
2014.10.15 14:09:13.475,0.79867,0.79877,2.96,1.09
2014.10.15 14:09:13.730,0.79867,0.79872,1.46,1.00
2014.10.15 14:09:13.882,0.79867,0.79876,2.96,1.00
2014.10.15 14:09:13.933,0.79867,0.79878,2.96,1.01
2014.10.15 14:09:14.364,0.7987,0.79879,1.19,1.84
2014.10.15 14:09:14.466,0.79872,0.79881,1.29,1.09
2014.10.15 14:09:14.976,0.79871,0.79881,1.19,1.40
2014.10.15 14:09:15.281,0.79871,0.79881,1.84,1.01
2014.10.15 14:09:15.486,0.79874,0.79883,1.19,1.17
2014.10.15 14:09:15.993,0.79874,0.79884,1.69,2.51
2014.10.15 14:09:16.704,0.79874,0.79885,1.19,1.84
2014.10.15 14:09:16.805,0.79872,0.79885,1.09,1.34
2014.10.15 14:09:17.009,0.79873,0.79882,1.19,1.09
2014.10.15 14:09:17.111,0.79871,0.79882,1.29,1.84
2014.10.15 14:09:17.213,0.79871,0.79882,1.29,4.01
2014.10.15 14:09:17.417,0.79872,0.79882,1.25,1.84
2014.10.15 14:09:18.127,0.79872,0.79882,1.29,1.01
2014.10.15 14:09:18.635,0.79872,0.79882,1.26,1.32
2014.10.15 14:09:18.838,0.79873,0.79884,2.14,2.51
2014.10.15 14:09:18.990,0.79873,0.79884,2.21,1.25
2014.10.15 14:09:19.647,0.79874,0.79885,1.84,2.59
2014.10.15 14:09:19.951,0.79874,0.79883,1.39,1.19
2014.10.15 14:09:20.053,0.79871,0.79882,1.09,2.51
2014.10.15 14:09:20.560,0.7987,0.79882,1.19,4.76
2014.10.15 14:09:21.068,0.7987,0.79881,1.19,3.34
2014.10.15 14:09:21.322,0.7987,0.7988,1.69,2.51
2014.10.15 14:09:21.630,0.79869,0.7988,1.69,4.01
2014.10.15 14:09:22.138,0.79867,0.79877,1.69,1.09
2014.10.15 14:09:22.649,0.79866,0.79875,1.29,1.25
2014.10.15 14:09:22.904,0.79866,0.79873,1.29,1.00
2014.10.15 14:09:23.006,0.79864,0.79873,1.84,1.25
2014.10.15 14:09:23.516,0.79865,0.79874,1.10,1.25
2014.10.15 14:09:24.024,0.79864,0.79873,1.36,1.25
2014.10.15 14:09:24.451,0.79861,0.79872,1.32,1.29
2014.10.15 14:09:24.960,0.79861,0.79872,2.51,2.51
2014.10.15 14:09:25.688,0.79861,0.79871,2.51,1.19
2014.10.15 14:09:26.197,0.79864,0.79873,1.10,1.69
2014.10.15 14:09:26.704,0.79862,0.79873,2.59,1.39
2014.10.15 14:09:27.212,0.7986,0.7987,6.19,1.19
2014.10.15 14:09:27.263,0.7986,0.7987,1.36,1.19
2014.10.15 14:09:27.771,0.79859,0.79869,2.51,1.25
2014.10.15 14:09:27.923,0.79863,0.79871,1.19,1.25
2014.10.15 14:09:28.229,0.79861,0.79869,2.32,2.29
2014.10.15 14:09:28.280,0.79859,0.79869,1.34,2.29
2014.10.15 14:09:28.838,0.79859,0.7987,1.34,4.16
2014.10.15 14:09:29.244,0.79863,0.79871,1.00,3.79
2014.10.15 14:09:29.346,0.79863,0.79871,1.01,2.29
2014.10.15 14:09:29.915,0.79863,0.79872,1.00,1.10
2014.10.15 14:09:29.966,0.79863,0.79872,1.07,1.00
2014.10.15 14:09:30.170,0.79861,0.79873,2.59,1.26
2014.10.15 14:09:30.679,0.7986,0.79869,1.40,2.10
2014.10.15 14:09:31.034,0.79858,0.79868,2.59,1.19
2014.10.15 14:09:31.745,0.79858,0.7987,2.59,1.29
2014.10.15 14:09:31.899,0.7986,0.79869,2.32,1.25
2014.10.15 14:09:32.000,0.79859,0.79869,1.01,1.76
2014.10.15 14:09:32.356,0.79857,0.79868,1.84,1.29
2014.10.15 14:09:32.712,0.79858,0.79868,1.09,1.29
2014.10.15 14:09:32.763,0.79858,0.79869,1.84,1.76
2014.10.15 14:09:33.376,0.79858,0.79869,1.19,1.84
2014.10.15 14:09:33.682,0.7986,0.79871,1.19,1.34
2014.10.15 14:09:33.991,0.79861,0.79871,1.25,1.36
2014.10.15 14:09:34.093,0.79862,0.79873,1.29,2.59
2014.10.15 14:09:34.195,0.79866,0.79873,1.00,1.76
2014.10.15 14:09:34.450,0.79864,0.79876,1.17,1.40
2014.10.15 14:09:34.964,0.79864,0.79874,1.26,1.19
2014.10.15 14:09:35.980,0.7987,0.79876,1.00,1.84
2014.10.15 14:09:36.082,0.79867,0.79876,1.10,1.54
2014.10.15 14:09:36.184,0.79865,0.79871,2.25,1.00
2014.10.15 14:09:36.235,0.79863,0.79871,1.84,1.00
2014.10.15 14:09:36.388,0.79863,0.79874,1.36,2.51
2014.10.15 14:09:36.947,0.79862,0.79874,1.39,1.34
2014.10.15 14:09:37.101,0.79865,0.79874,1.19,1.36
2014.10.15 14:09:37.203,0.79863,0.79875,1.76,1.40
2014.10.15 14:09:37.711,0.79866,0.79875,1.25,2.44
2014.10.15 14:09:37.915,0.79864,0.79873,1.26,3.64
2014.10.15 14:09:38.118,0.79861,0.79871,1.26,1.32
2014.10.15 14:09:38.627,0.79859,0.79869,3.26,1.19
2014.10.15 14:09:38.730,0.79856,0.79869,3.26,1.01
2014.10.15 14:09:39.237,0.79858,0.79871,1.84,3.26
2014.10.15 14:09:39.638,0.7986,0.79872,1.10,1.34
2014.10.15 14:09:39.740,0.79861,0.79872,1.69,1.34
2014.10.15 14:09:40.756,0.79862,0.79872,1.19,1.34
2014.10.15 14:09:41.164,0.7986,0.79871,1.00,1.40
2014.10.15 14:09:41.676,0.79861,0.79871,1.25,1.84
2014.10.15 14:09:42.290,0.79859,0.79871,1.10,1.40
2014.10.15 14:09:42.443,0.79858,0.79869,1.00,1.15
2014.10.15 14:09:42.748,0.79862,0.7987,1.00,1.17
2014.10.15 14:09:43.255,0.79858,0.79871,4.01,1.40
2014.10.15 14:09:43.762,0.7986,0.7987,1.25,1.17
2014.10.15 14:09:44.287,0.79861,0.79869,1.25,1.29
2014.10.15 14:09:45.068,0.7986,0.79869,1.36,1.19
2014.10.15 14:09:45.122,0.79862,0.79872,1.57,1.76
2014.10.15 14:09:45.173,0.79864,0.79872,1.00,1.76
2014.10.15 14:09:45.685,0.79862,0.79873,1.65,1.01
2014.10.15 14:09:45.990,0.79862,0.79872,1.00,2.59
2014.10.15 14:09:46.497,0.79863,0.79871,1.00,1.19
2014.10.15 14:09:46.884,0.7986,0.79869,1.29,1.00
2014.10.15 14:09:47.391,0.79861,0.79873,1.19,4.01
2014.10.15 14:09:47.543,0.79861,0.79874,1.26,3.34
2014.10.15 14:09:48.051,0.79863,0.79873,1.00,1.34
2014.10.15 14:09:48.255,0.79862,0.7987,1.25,1.00
2014.10.15 14:09:48.762,0.79861,0.79869,1.00,1.25
2014.10.15 14:09:49.322,0.79863,0.7987,1.00,1.84
2014.10.15 14:09:49.525,0.79864,0.79872,1.17,1.00
2014.10.15 14:09:50.035,0.79865,0.79873,1.10,1.10
2014.10.15 14:09:50.341,0.79865,0.79875,1.84,1.25
2014.10.15 14:09:50.645,0.79867,0.79875,1.07,1.00
