2012.04.12 23:00:00.679,0.82617,0.8263,1.50,1.13
2012.04.12 23:00:01.103,0.82617,0.8263,1.50,1.13
2012.04.12 23:00:01.692,0.82617,0.8263,1.50,1.13
2012.04.12 23:00:02.581,0.82617,0.82629,1.50,1.13
2012.04.12 23:00:05.365,0.82617,0.8263,1.50,1.13
2012.04.12 23:00:06.180,0.82617,0.8263,1.50,1.13
2012.04.12 23:00:06.505,0.82617,0.8263,1.50,1.13
2012.04.12 23:00:44.374,0.82618,0.8263,1.50,1.13
2012.04.12 23:00:53.497,0.82617,0.8263,1.50,1.13
2012.04.12 23:00:55.308,0.82617,0.82628,1.50,1.13
2012.04.12 23:00:57.361,0.82617,0.82628,1.50,1.13
2012.04.12 23:00:57.924,0.82617,0.82628,1.50,1.13
2012.04.12 23:00:58.534,0.82617,0.82628,1.50,1.13
2012.04.12 23:00:59.295,0.82617,0.82628,1.50,1.13
2012.04.12 23:01:00.500,0.82617,0.82633,2.63,1.13
2012.04.12 23:01:03.477,0.82617,0.82632,1.50,1.13
2012.04.12 23:01:04.705,0.82617,0.82633,2.63,1.13
2012.04.12 23:01:05.758,0.8262,0.82634,1.88,1.13
2012.04.12 23:01:06.277,0.82617,0.82628,1.50,1.13
2012.04.12 23:01:06.636,0.82617,0.82628,1.50,1.13
2012.04.12 23:01:07.205,0.82618,0.82631,1.50,1.13
2012.04.12 23:01:07.295,0.82618,0.82631,1.50,1.13
2012.04.12 23:01:07.799,0.82618,0.82634,2.63,1.13
2012.04.12 23:01:08.015,0.82624,0.82638,1.88,1.88
2012.04.12 23:01:08.227,0.82624,0.82638,1.88,1.13
2012.04.12 23:01:08.934,0.82622,0.82638,1.88,1.13
2012.04.12 23:01:09.437,0.82622,0.82638,1.88,1.13
2012.04.12 23:01:11.015,0.82622,0.82638,1.88,1.13
2012.04.12 23:01:11.748,0.82622,0.82638,1.88,1.13
2012.04.12 23:01:12.817,0.82622,0.82638,1.88,1.13
2012.04.12 23:01:14.257,0.82622,0.82638,1.88,1.13
2012.04.12 23:01:14.528,0.82622,0.82638,1.88,1.13
2012.04.12 23:01:46.391,0.82626,0.8264,1.88,1.13
2012.04.12 23:01:49.158,0.82626,0.8264,1.88,1.13
2012.04.12 23:01:49.965,0.82626,0.8264,1.88,1.13
2012.04.12 23:02:04.629,0.82626,0.8264,1.88,1.13
2012.04.12 23:02:05.173,0.82626,0.8264,1.88,1.13
2012.04.12 23:02:12.908,0.82626,0.82642,1.88,1.88
2012.04.12 23:02:17.656,0.82625,0.82641,1.88,1.88
2012.04.12 23:02:26.322,0.82624,0.8264,1.88,1.13
2012.04.12 23:02:27.848,0.82625,0.82641,1.88,1.13
2012.04.12 23:02:28.412,0.82625,0.82641,1.88,1.88
2012.04.12 23:02:28.560,0.82625,0.82641,1.88,1.13
2012.04.12 23:02:29.107,0.82628,0.82642,1.13,1.13
2012.04.12 23:02:30.153,0.82627,0.82641,1.88,1.13
2012.04.12 23:02:33.368,0.82625,0.82641,1.88,1.13
2012.04.12 23:02:33.947,0.82625,0.82641,1.88,1.13
2012.04.12 23:02:34.424,0.82625,0.82641,1.88,1.13
2012.04.12 23:02:38.090,0.82627,0.82641,1.88,1.13
2012.04.12 23:02:38.599,0.82627,0.82641,1.88,1.13
2012.04.12 23:02:38.874,0.82624,0.82638,1.88,1.13
2012.04.12 23:02:39.451,0.82624,0.82638,1.88,1.13
2012.04.12 23:02:39.529,0.82625,0.82641,1.88,1.13
2012.04.12 23:02:40.663,0.82625,0.82641,1.88,1.13
2012.04.12 23:02:40.812,0.82622,0.82636,2.63,1.13
2012.04.12 23:02:41.239,0.82622,0.82636,1.88,1.13
2012.04.12 23:02:42.306,0.82619,0.82635,1.88,1.13
2012.04.12 23:02:43.206,0.82619,0.82635,1.88,1.13
2012.04.12 23:02:43.726,0.82618,0.82634,3.38,1.13
2012.04.12 23:02:44.381,0.82618,0.82634,3.38,1.13
2012.04.12 23:02:54.457,0.82618,0.82632,1.50,1.13
2012.04.12 23:02:59.638,0.82619,0.82635,1.88,1.13
2012.04.12 23:03:00.061,0.82619,0.82635,2.63,1.13
2012.04.12 23:03:00.397,0.82623,0.82637,1.88,1.13
2012.04.12 23:03:00.733,0.82619,0.82634,1.50,1.13
2012.04.12 23:03:00.811,0.82619,0.82634,1.50,1.13
2012.04.12 23:03:01.203,0.82622,0.82638,1.88,1.13
2012.04.12 23:03:01.799,0.82622,0.82638,2.63,1.13
2012.04.12 23:03:11.759,0.82624,0.82638,1.88,1.13
2012.04.12 23:03:12.288,0.82624,0.82638,1.88,1.13
2012.04.12 23:03:14.276,0.82624,0.82638,1.88,1.13
2012.04.12 23:03:14.626,0.82624,0.82638,1.88,1.13
2012.04.12 23:03:16.738,0.82623,0.82637,1.88,1.13
2012.04.12 23:03:28.301,0.82623,0.82639,1.88,1.13
2012.04.12 23:03:44.267,0.82623,0.82639,1.88,1.13
2012.04.12 23:03:45.279,0.82623,0.82639,1.88,1.13
2012.04.12 23:03:45.763,0.82625,0.8264,1.88,1.13
2012.04.12 23:03:46.055,0.82627,0.8264,1.50,1.13
2012.04.12 23:03:58.966,0.82627,0.8264,1.50,1.13
2012.04.12 23:04:12.818,0.82627,0.8264,1.50,1.13
2012.04.12 23:04:13.434,0.82627,0.82639,1.50,1.13
2012.04.12 23:04:14.104,0.82627,0.82639,1.50,1.13
2012.04.12 23:04:16.223,0.82627,0.8264,1.50,1.13
2012.04.12 23:04:16.440,0.82628,0.82642,1.88,1.13
2012.04.12 23:04:16.997,0.82628,0.82642,1.88,1.13
2012.04.12 23:04:26.171,0.82628,0.82644,1.88,1.13
2012.04.12 23:04:26.730,0.82628,0.82644,3.38,1.13
2012.04.12 23:04:26.940,0.82628,0.82644,2.63,1.13
2012.04.12 23:04:34.890,0.8263,0.82644,1.88,1.13
2012.04.12 23:04:35.404,0.8263,0.82644,1.88,1.13
2012.04.12 23:04:39.478,0.82628,0.82641,1.50,1.13
2012.04.12 23:04:39.817,0.82627,0.82641,3.38,1.13
2012.04.12 23:04:44.488,0.82629,0.82645,1.88,1.13
2012.04.12 23:04:44.560,0.82629,0.82645,1.88,1.13
2012.04.12 23:04:45.132,0.82629,0.82645,1.88,1.13
2012.04.12 23:04:45.369,0.8263,0.82645,1.50,1.13
2012.04.12 23:04:59.982,0.8263,0.82641,1.13,1.13
2012.04.12 23:05:00.267,0.82626,0.82638,2.25,1.13
2012.04.12 23:05:00.339,0.82626,0.82638,1.50,1.13
2012.04.12 23:05:00.538,0.82626,0.82638,1.50,1.13
2012.04.12 23:05:01.124,0.82626,0.82638,1.50,1.13
2012.04.12 23:05:01.858,0.82626,0.82637,1.50,1.13
2012.04.12 23:05:02.482,0.82626,0.82637,1.50,1.13
2012.04.12 23:05:03.181,0.82626,0.82637,1.50,1.13
2012.04.12 23:05:03.764,0.82626,0.82637,1.50,1.13
2012.04.12 23:05:18.425,0.82623,0.82637,1.13,1.13
2012.04.12 23:05:18.505,0.82621,0.82637,2.63,1.13
2012.04.12 23:05:19.056,0.8262,0.82633,1.88,1.13
2012.04.12 23:05:21.861,0.8262,0.82632,1.88,1.13
2012.04.12 23:06:18.453,0.82619,0.82632,1.13,1.13
2012.04.12 23:06:22.385,0.82619,0.82632,1.13,1.13
2012.04.12 23:06:35.302,0.82619,0.82632,2.25,1.13
2012.04.12 23:06:38.911,0.82619,0.82632,1.50,1.13
2012.04.12 23:07:06.333,0.82619,0.82632,1.50,1.13
2012.04.12 23:07:10.928,0.8262,0.82632,1.13,1.13
2012.04.12 23:07:11.011,0.82621,0.82636,1.50,1.13
2012.04.12 23:07:13.721,0.82622,0.82637,1.50,1.13
2012.04.12 23:07:17.986,0.82622,0.82637,1.50,1.13
2012.04.12 23:07:26.272,0.8262,0.82631,1.50,1.13
2012.04.12 23:07:26.344,0.82618,0.82631,1.50,1.13
2012.04.12 23:07:26.622,0.82618,0.82631,1.50,1.13
2012.04.12 23:07:26.693,0.82617,0.82631,4.50,1.13
2012.04.12 23:07:27.417,0.82619,0.82634,1.13,1.88
2012.04.12 23:07:36.027,0.8262,0.82634,1.50,1.13
2012.04.12 23:07:36.817,0.8262,0.82634,1.88,1.13
2012.04.12 23:07:37.323,0.8262,0.82634,1.88,1.13
2012.04.12 23:07:38.102,0.8262,0.82634,1.88,1.13
2012.04.12 23:08:00.657,0.82618,0.82634,2.25,1.13
2012.04.12 23:08:04.158,0.82618,0.82632,2.25,1.13
2012.04.12 23:08:04.768,0.82618,0.82632,2.25,1.13
2012.04.12 23:08:07.110,0.82618,0.82632,1.50,1.13
2012.04.12 23:08:10.691,0.82618,0.82632,2.25,1.88
2012.04.12 23:08:11.939,0.82618,0.82631,1.13,1.13
2012.04.12 23:08:13.477,0.82617,0.82633,3.75,1.88
2012.04.12 23:08:15.738,0.82618,0.82633,1.13,1.88
2012.04.12 23:08:16.260,0.82617,0.82629,1.13,1.13
2012.04.12 23:08:16.847,0.82616,0.82629,2.63,1.13
2012.04.12 23:08:26.081,0.82617,0.8263,1.13,1.88
2012.04.12 23:09:01.381,0.82617,0.8263,1.13,1.88
2012.04.12 23:09:02.974,0.82617,0.8263,1.13,1.88
2012.04.12 23:09:12.597,0.82617,0.82631,3.00,1.88
2012.04.12 23:09:18.919,0.82618,0.8263,1.13,1.88
2012.04.12 23:10:01.119,0.82617,0.8263,1.13,1.88
2012.04.12 23:10:02.007,0.82617,0.8263,1.88,1.88
2012.04.12 23:10:02.221,0.82618,0.82632,2.63,1.13
2012.04.12 23:10:02.807,0.82618,0.82632,3.75,1.13
2012.04.12 23:10:03.477,0.82618,0.82631,1.88,1.13
2012.04.12 23:10:05.240,0.8262,0.82634,1.88,1.13
2012.04.12 23:10:06.289,0.82619,0.82633,2.25,1.13
2012.04.12 23:10:06.846,0.82618,0.82632,1.88,1.13
2012.04.12 23:10:10.221,0.8262,0.82634,1.13,1.13
2012.04.12 23:10:42.595,0.8262,0.82634,1.88,1.13
2012.04.12 23:10:47.527,0.82621,0.82634,1.50,1.88
2012.04.12 23:10:51.146,0.8262,0.82634,2.63,1.88
2012.04.12 23:10:55.109,0.82622,0.82635,1.50,2.25
2012.04.12 23:10:55.508,0.8262,0.82635,1.88,2.25
2012.04.12 23:10:56.359,0.82619,0.82631,1.50,1.13
2012.04.12 23:11:00.977,0.82618,0.82631,2.25,1.13
2012.04.12 23:11:10.788,0.82618,0.82631,2.25,1.13
2012.04.12 23:11:11.554,0.82618,0.82631,2.25,1.13
2012.04.12 23:11:21.051,0.82618,0.82633,2.63,1.13
2012.04.12 23:11:21.126,0.82619,0.82633,2.25,1.13
2012.04.12 23:11:27.947,0.82619,0.82634,3.00,1.13
2012.04.12 23:11:33.007,0.82619,0.82634,3.00,1.13
2012.04.12 23:11:46.389,0.82619,0.82635,4.13,2.63
2012.04.12 23:11:49.739,0.82626,0.82637,1.13,2.25
2012.04.12 23:11:50.027,0.82623,0.82637,1.50,2.63
2012.04.12 23:11:50.573,0.82625,0.82637,1.50,1.13
2012.04.12 23:11:50.663,0.82622,0.82637,1.50,2.63
2012.04.12 23:11:51.403,0.82622,0.82636,1.50,1.13
2012.04.12 23:12:05.346,0.82622,0.82636,1.50,1.13
2012.04.12 23:12:05.702,0.82626,0.82639,1.50,2.25
2012.04.12 23:12:05.984,0.82624,0.82637,1.50,1.13
2012.04.12 23:12:06.845,0.82621,0.82636,1.88,1.50
2012.04.12 23:12:07.360,0.82621,0.82635,1.88,1.13
2012.04.12 23:12:07.892,0.82621,0.82635,2.63,1.13
2012.04.12 23:12:19.645,0.82622,0.82635,1.50,1.13
2012.04.12 23:12:19.797,0.82625,0.82638,1.13,1.50
2012.04.12 23:12:20.402,0.82625,0.82639,1.88,2.63
2012.04.12 23:12:20.478,0.82625,0.82639,3.38,1.13
2012.04.12 23:12:20.998,0.82626,0.82639,1.50,1.13
2012.04.12 23:12:25.208,0.82627,0.82643,1.13,2.63
2012.04.12 23:12:25.749,0.82628,0.82643,1.50,1.13
2012.04.12 23:12:35.950,0.82626,0.82642,3.38,1.13
2012.04.12 23:12:42.987,0.82626,0.82642,3.38,1.13
2012.04.12 23:12:55.241,0.82623,0.82634,1.50,1.13
2012.04.12 23:12:55.384,0.82622,0.82634,3.00,1.13
2012.04.12 23:12:55.465,0.82623,0.82638,1.88,1.50
2012.04.12 23:12:56.015,0.82623,0.82638,1.88,1.50
2012.04.12 23:12:56.527,0.82623,0.82637,1.88,1.50
2012.04.12 23:12:57.091,0.82623,0.82638,1.13,1.50
2012.04.12 23:13:00.650,0.82623,0.82637,1.88,1.13
2012.04.12 23:13:04.493,0.82623,0.82636,1.88,1.50
2012.04.12 23:13:06.563,0.82622,0.82638,3.38,1.13
2012.04.12 23:13:07.077,0.82622,0.82638,3.38,1.13
2012.04.12 23:13:22.158,0.82624,0.82638,1.13,1.13
2012.04.12 23:13:26.415,0.82624,0.82638,1.88,1.13
2012.04.12 23:13:26.939,0.82624,0.82638,1.13,1.13
2012.04.12 23:13:27.840,0.82624,0.82637,1.13,1.50
2012.04.12 23:13:28.168,0.82626,0.82637,1.13,1.50
2012.04.12 23:13:30.076,0.82624,0.82637,1.13,1.50
2012.04.12 23:13:30.365,0.82624,0.8264,1.13,1.13
2012.04.12 23:13:30.446,0.82626,0.8264,1.50,1.13
2012.04.12 23:13:30.802,0.82622,0.82636,3.38,1.13
2012.04.12 23:13:31.351,0.82622,0.82636,1.88,1.13
2012.04.12 23:13:31.680,0.82621,0.82634,2.25,1.13
2012.04.12 23:13:39.466,0.82619,0.82634,2.63,1.13
2012.04.12 23:13:40.270,0.82622,0.82637,1.88,1.50
2012.04.12 23:13:40.345,0.82624,0.82638,1.50,1.13
2012.04.12 23:13:40.689,0.82623,0.82636,2.25,1.13
2012.04.12 23:13:41.202,0.82622,0.82636,3.38,1.13
2012.04.12 23:13:43.840,0.82622,0.82636,2.25,1.13
2012.04.12 23:13:45.656,0.82622,0.82636,2.25,1.13
2012.04.12 23:13:47.255,0.82621,0.82636,2.25,1.13
2012.04.12 23:13:47.740,0.8262,0.82634,2.63,2.25
2012.04.12 23:13:48.488,0.8262,0.82632,2.63,1.13
2012.04.12 23:13:48.974,0.8262,0.82635,1.88,3.38
2012.04.12 23:13:49.520,0.8262,0.82635,1.88,2.63
2012.04.12 23:13:51.688,0.8262,0.82635,1.88,2.63
2012.04.12 23:13:53.096,0.82622,0.82635,1.50,1.13
2012.04.12 23:13:53.311,0.8262,0.82635,1.13,2.63
2012.04.12 23:13:53.729,0.82619,0.82633,2.25,1.13
2012.04.12 23:13:54.352,0.82621,0.82633,1.50,1.13
2012.04.12 23:13:54.878,0.82622,0.82633,1.50,1.13
2012.04.12 23:13:57.247,0.8262,0.82633,2.63,1.13
2012.04.12 23:13:57.796,0.82621,0.82633,1.50,1.13
2012.04.12 23:13:58.842,0.82621,0.82635,2.63,1.88
2012.04.12 23:14:16.704,0.82619,0.82634,3.00,1.88
2012.04.12 23:14:16.779,0.82624,0.82634,1.50,1.13
2012.04.12 23:14:17.208,0.82622,0.82634,1.50,1.13
2012.04.12 23:14:23.091,0.82621,0.82634,1.50,1.13
2012.04.12 23:15:16.618,0.8262,0.82634,1.50,1.13
2012.04.12 23:15:17.023,0.82618,0.82633,1.13,1.50
2012.04.12 23:15:17.578,0.82619,0.82634,1.50,1.88
2012.04.12 23:15:17.712,0.82619,0.82634,1.50,1.13
2012.04.12 23:15:20.749,0.82619,0.82631,1.50,1.13
2012.04.12 23:15:21.259,0.82617,0.82631,3.38,1.13
2012.04.12 23:15:31.629,0.82619,0.82631,1.50,1.13
2012.04.12 23:15:31.704,0.8262,0.82634,1.13,1.13
2012.04.12 23:15:31.780,0.82623,0.82634,1.50,1.13
2012.04.12 23:15:32.719,0.82623,0.82635,1.50,1.13
2012.04.12 23:15:33.254,0.82624,0.82635,1.50,1.13
2012.04.12 23:15:33.851,0.82623,0.82635,1.50,1.13
2012.04.12 23:15:35.328,0.82623,0.82634,1.50,1.13
2012.04.12 23:15:56.970,0.82623,0.82636,1.50,1.13
2012.04.12 23:16:20.612,0.8262,0.82636,3.38,2.63
2012.04.12 23:16:22.039,0.82621,0.82636,2.25,1.13
2012.04.12 23:17:16.767,0.82621,0.82636,2.44,1.13
2012.04.12 23:17:17.344,0.82621,0.82636,2.44,1.13
2012.04.12 23:17:18.180,0.8262,0.82636,3.57,1.13
2012.04.12 23:17:18.393,0.82619,0.82631,3.38,1.13
2012.04.12 23:17:18.612,0.82619,0.82631,3.38,1.13
2012.04.12 23:17:19.627,0.8262,0.82634,1.88,1.13
2012.04.12 23:17:19.819,0.8262,0.82634,1.88,1.13
2012.04.12 23:17:20.566,0.82621,0.82635,2.07,1.13
2012.04.12 23:17:21.111,0.82621,0.82635,2.07,1.13
2012.04.12 23:17:49.618,0.82622,0.82635,2.25,1.13
2012.04.12 23:17:53.091,0.82624,0.8264,3.38,2.82
2012.04.12 23:17:53.714,0.82627,0.8264,1.50,1.13
2012.04.12 23:17:54.228,0.82627,0.8264,2.25,1.13
2012.04.12 23:17:54.580,0.82623,0.82637,2.63,1.13
2012.04.12 23:17:55.148,0.82623,0.82637,2.63,1.13
2012.04.12 23:18:07.500,0.82626,0.8264,2.25,1.13
2012.04.12 23:18:08.168,0.82626,0.8264,2.25,1.13
2012.04.12 23:18:10.578,0.82627,0.82643,1.88,1.88
2012.04.12 23:18:20.222,0.82625,0.82637,2.25,1.13
2012.04.12 23:18:20.739,0.82623,0.82637,2.07,1.13
2012.04.12 23:18:32.642,0.82623,0.82635,1.69,1.13
2012.04.12 23:18:35.775,0.82627,0.82637,1.13,1.13
2012.04.12 23:19:01.609,0.8263,0.82638,1.13,1.13
2012.04.12 23:19:15.308,0.82627,0.82638,1.50,1.13
2012.04.12 23:19:34.648,0.82628,0.8264,1.13,1.13
2012.04.12 23:19:34.849,0.82628,0.8264,1.13,1.13
2012.04.12 23:19:34.978,0.82628,0.8264,1.13,1.13
2012.04.12 23:19:37.198,0.82628,0.8264,1.13,1.13
2012.04.12 23:19:37.925,0.82628,0.8264,1.13,1.13
2012.04.12 23:19:42.546,0.82628,0.8264,1.13,1.13
2012.04.12 23:19:42.917,0.82628,0.8264,1.13,1.13
2012.04.12 23:20:52.399,0.82628,0.8264,1.50,1.13
2012.04.12 23:20:52.937,0.82628,0.8264,1.50,1.13
2012.04.12 23:21:13.708,0.82627,0.8264,3.00,1.13
2012.04.12 23:21:23.829,0.82627,0.82642,3.00,1.13
2012.04.12 23:21:23.971,0.82627,0.82642,3.00,1.13
2012.04.12 23:21:24.799,0.82627,0.82642,3.00,1.13
2012.04.12 23:21:24.939,0.82628,0.82642,1.88,1.13
2012.04.12 23:21:39.949,0.82628,0.82643,3.38,1.69
2012.04.12 23:21:40.522,0.82628,0.82644,4.88,2.63
2012.04.12 23:21:40.879,0.82628,0.82642,4.88,1.50
2012.04.12 23:21:40.951,0.82628,0.82644,4.88,2.63
2012.04.12 23:21:47.152,0.82631,0.82646,1.50,3.38
2012.04.12 23:21:47.426,0.8263,0.82643,2.25,1.13
2012.04.12 23:21:49.331,0.8263,0.82644,1.88,2.25
2012.04.12 23:21:59.992,0.8263,0.82643,1.88,1.50
2012.04.12 23:22:10.489,0.82628,0.82643,2.63,2.25
2012.04.12 23:22:10.831,0.82628,0.82643,2.63,2.25
2012.04.12 23:22:11.372,0.82627,0.82642,2.25,1.88
2012.04.12 23:22:11.510,0.82626,0.82641,1.88,1.50
2012.04.12 23:22:12.117,0.82626,0.8264,1.88,1.50
2012.04.12 23:22:12.645,0.82626,0.82639,1.13,1.50
2012.04.12 23:22:12.920,0.82628,0.82642,1.50,3.38
2012.04.12 23:22:13.259,0.82626,0.82641,1.13,1.50
2012.04.12 23:22:14.428,0.82626,0.8264,1.13,1.50
2012.04.12 23:22:15.014,0.82626,0.82639,1.13,1.50
2012.04.12 23:22:17.209,0.82626,0.82641,1.13,1.69
2012.04.12 23:22:18.700,0.82626,0.82639,1.13,1.50
2012.04.12 23:22:18.891,0.82627,0.82641,1.50,2.44
2012.04.12 23:22:21.712,0.82628,0.82639,1.13,1.50
2012.04.12 23:22:22.446,0.82628,0.82642,1.13,3.38
2012.04.12 23:22:22.979,0.82628,0.8264,1.13,1.50
2012.04.12 23:22:23.675,0.82628,0.82641,1.13,1.69
2012.04.12 23:22:33.271,0.82628,0.8264,1.13,1.50
2012.04.12 23:22:46.809,0.82626,0.8264,1.88,1.69
2012.04.12 23:22:47.120,0.82626,0.82637,1.88,1.50
2012.04.12 23:22:47.931,0.82625,0.82638,1.88,1.50
2012.04.12 23:22:53.232,0.82625,0.82638,1.88,1.50
2012.04.12 23:22:54.461,0.82625,0.82638,1.88,1.50
2012.04.12 23:22:55.926,0.82625,0.82635,1.88,1.50
2012.04.12 23:22:56.823,0.82625,0.82636,2.63,1.50
2012.04.12 23:22:57.360,0.82625,0.82637,2.63,1.50
2012.04.12 23:22:57.716,0.82623,0.82634,2.63,1.50
2012.04.12 23:22:57.866,0.82623,0.82633,2.63,1.50
2012.04.12 23:22:59.572,0.82623,0.82633,2.63,1.50
2012.04.12 23:23:01.019,0.82623,0.82633,2.82,1.50
2012.04.12 23:23:10.768,0.82623,0.82635,2.82,1.50
2012.04.12 23:23:38.095,0.82625,0.82635,1.13,1.50
2012.04.12 23:23:48.375,0.82628,0.82635,1.13,1.50
2012.04.12 23:23:48.902,0.82628,0.82636,1.13,1.50
2012.04.12 23:23:49.252,0.8263,0.82638,1.13,1.50
2012.04.12 23:23:49.326,0.8263,0.82645,1.13,2.25
2012.04.12 23:23:50.065,0.82628,0.82643,1.88,2.25
2012.04.12 23:24:03.641,0.82628,0.82641,3.00,1.50
2012.04.12 23:24:32.982,0.8263,0.82642,1.13,1.50
2012.04.12 23:24:33.451,0.8263,0.8264,1.13,1.50
2012.04.12 23:24:34.104,0.8263,0.82641,1.13,1.50
2012.04.12 23:24:34.656,0.8263,0.82639,1.13,1.50
2012.04.12 23:24:35.258,0.8263,0.8264,1.13,1.50
2012.04.12 23:24:51.352,0.8263,0.82642,1.13,2.25
2012.04.12 23:24:54.828,0.8263,0.82644,1.88,2.63
2012.04.12 23:25:00.373,0.8263,0.82644,1.88,2.82
2012.04.12 23:25:00.511,0.8263,0.8264,1.88,1.50
2012.04.12 23:25:00.863,0.82624,0.82638,1.50,1.50
2012.04.12 23:25:01.073,0.82623,0.82638,1.88,1.50
2012.04.12 23:25:01.592,0.82623,0.82638,1.88,1.50
2012.04.12 23:25:03.406,0.82627,0.82638,1.13,1.50
2012.04.12 23:25:06.981,0.82627,0.82638,1.88,1.50
2012.04.12 23:25:07.464,0.82627,0.8264,1.88,1.50
2012.04.12 23:25:07.616,0.82627,0.82637,1.88,1.50
2012.04.12 23:25:08.155,0.82627,0.8264,1.88,2.25
2012.04.12 23:25:08.440,0.82627,0.82636,1.13,1.50
2012.04.12 23:25:28.805,0.82627,0.82636,2.07,1.50
2012.04.12 23:25:29.022,0.82631,0.82641,1.13,2.25
2012.04.12 23:25:29.533,0.82631,0.82641,2.63,1.50
2012.04.12 23:25:29.612,0.82631,0.82644,2.63,1.50
2012.04.12 23:25:29.758,0.82634,0.82645,3.00,1.13
2012.04.12 23:25:30.250,0.82634,0.82648,2.25,3.38
2012.04.12 23:25:32.476,0.82634,0.82648,2.25,3.38
2012.04.12 23:25:32.833,0.82636,0.82645,1.50,1.13
2012.04.12 23:25:33.326,0.82633,0.82645,2.25,1.13
2012.04.12 23:25:33.891,0.82634,0.82645,1.50,1.13
2012.04.12 23:25:41.470,0.82634,0.82648,2.25,3.38
2012.04.12 23:25:42.079,0.82637,0.82648,1.13,1.50
2012.04.12 23:25:42.162,0.82638,0.82652,3.19,3.00
2012.04.12 23:25:42.312,0.82639,0.82652,1.50,2.25
2012.04.12 23:25:42.874,0.82639,0.82654,3.19,2.63
2012.04.12 23:25:44.312,0.82639,0.82653,3.19,1.50
2012.04.12 23:25:44.995,0.82639,0.82654,3.19,1.88
2012.04.12 23:25:45.349,0.82639,0.82653,1.69,2.25
2012.04.12 23:25:45.879,0.82639,0.82653,1.69,2.25
2012.04.12 23:25:47.326,0.82639,0.82651,1.50,1.13
2012.04.12 23:25:47.476,0.82637,0.82651,2.44,1.13
2012.04.12 23:25:47.552,0.82636,0.82649,1.69,1.50
2012.04.12 23:25:47.623,0.82636,0.82651,3.19,1.13
2012.04.12 23:25:47.830,0.82636,0.82651,3.19,1.88
2012.04.12 23:25:47.900,0.82636,0.82649,1.69,1.50
2012.04.12 23:25:48.857,0.82636,0.8265,3.19,1.50
2012.04.12 23:25:49.383,0.82636,0.8265,3.19,2.25
2012.04.12 23:25:50.295,0.82635,0.82649,3.38,2.25
2012.04.12 23:25:50.820,0.82634,0.82648,1.32,3.38
2012.04.12 23:25:55.552,0.82634,0.82648,3.57,3.38
2012.04.12 23:25:55.910,0.82632,0.82643,3.38,1.13
2012.04.12 23:25:56.062,0.82632,0.82643,1.50,1.13
2012.04.12 23:25:56.621,0.82628,0.8264,3.00,1.13
2012.04.12 23:25:56.706,0.82628,0.8264,2.25,1.13
2012.04.12 23:25:56.787,0.82628,0.82638,2.25,1.13
2012.04.12 23:25:56.867,0.82625,0.82637,1.50,1.50
2012.04.12 23:25:57.432,0.82625,0.82638,1.50,2.63
2012.04.12 23:26:00.044,0.82624,0.82638,1.50,2.63
2012.04.12 23:26:00.262,0.82624,0.82638,3.00,1.13
2012.04.12 23:26:00.832,0.82625,0.82639,4.88,1.50
2012.04.12 23:26:00.912,0.82628,0.82641,1.13,2.63
2012.04.12 23:26:01.060,0.82629,0.82644,2.82,2.25
2012.04.12 23:26:01.688,0.8263,0.82645,2.44,1.13
2012.04.12 23:26:01.775,0.82634,0.82645,2.25,1.13
2012.04.12 23:26:04.281,0.82632,0.82642,2.25,1.13
2012.04.12 23:26:11.767,0.82633,0.82642,2.25,1.13
2012.04.12 23:26:13.444,0.82633,0.82645,2.25,1.13
2012.04.12 23:26:13.604,0.82637,0.82645,1.50,1.13
2012.04.12 23:26:14.232,0.82637,0.82645,2.25,1.13
2012.04.12 23:26:15.081,0.82633,0.82646,3.19,1.13
2012.04.12 23:26:15.291,0.82634,0.82648,3.57,1.50
2012.04.12 23:26:15.361,0.82636,0.8265,2.25,2.63
2012.04.12 23:26:15.772,0.82636,0.8265,2.25,2.63
2012.04.12 23:26:17.165,0.82637,0.82649,2.25,1.13
2012.04.12 23:26:19.412,0.82637,0.82649,2.25,1.13
2012.04.12 23:26:19.482,0.82638,0.82652,2.25,1.13
2012.04.12 23:26:19.990,0.82639,0.82652,2.25,1.13
2012.04.12 23:26:23.108,0.82639,0.82654,1.88,1.50
2012.04.12 23:26:23.663,0.8264,0.82655,1.50,1.13
2012.04.12 23:26:23.812,0.8264,0.82655,1.50,1.13
2012.04.12 23:26:24.632,0.82641,0.82655,1.50,1.13
2012.04.12 23:26:24.912,0.82646,0.8266,2.07,2.63
2012.04.12 23:26:25.251,0.82646,0.8266,2.07,2.63
2012.04.12 23:26:31.439,0.82648,0.8266,2.25,1.13
2012.04.12 23:26:32.976,0.82648,0.82662,2.07,2.63
2012.04.12 23:26:33.335,0.82648,0.82662,3.57,1.13
2012.04.12 23:26:33.900,0.82652,0.82662,2.25,1.13
2012.04.12 23:26:34.930,0.82651,0.82661,2.25,1.13
2012.04.12 23:26:35.451,0.82651,0.82661,2.25,1.13
2012.04.12 23:26:36.374,0.82653,0.82661,2.25,1.13
2012.04.12 23:26:36.934,0.82653,0.82661,2.25,1.13
2012.04.12 23:26:37.668,0.82651,0.82658,2.25,1.13
2012.04.12 23:26:38.213,0.82653,0.82658,1.50,1.13
2012.04.12 23:26:38.342,0.82653,0.8266,1.50,1.13
2012.04.12 23:26:44.694,0.82653,0.82662,1.50,1.13
2012.04.12 23:26:44.843,0.82653,0.82666,1.50,1.88
2012.04.12 23:26:45.126,0.82653,0.82666,2.25,1.13
2012.04.12 23:26:45.477,0.82655,0.82662,1.50,1.13
2012.04.12 23:27:07.992,0.82655,0.82661,1.50,1.13
2012.04.12 23:27:12.630,0.82655,0.82664,1.50,1.13
2012.04.12 23:27:19.807,0.82656,0.8267,1.13,2.07
2012.04.12 23:27:20.377,0.82655,0.82668,2.25,1.88
2012.04.12 23:27:20.667,0.82653,0.82663,2.25,1.13
2012.04.12 23:27:21.222,0.82653,0.82663,2.25,1.13
2012.04.12 23:27:21.927,0.82654,0.82663,2.25,1.13
2012.04.12 23:27:38.550,0.82656,0.82663,1.50,1.13
2012.04.12 23:27:38.749,0.8265,0.82663,2.44,1.13
2012.04.12 23:27:40.301,0.8265,0.82664,3.57,1.13
2012.04.12 23:27:45.593,0.8265,0.82663,2.44,1.13
2012.04.12 23:28:16.212,0.82654,0.82667,1.50,1.88
2012.04.12 23:28:16.611,0.82655,0.82667,2.25,1.13
2012.04.12 23:28:16.752,0.82658,0.82672,1.13,3.00
2012.04.12 23:28:17.093,0.82658,0.82672,1.13,1.88
2012.04.12 23:28:18.100,0.82657,0.8267,1.50,1.88
2012.04.12 23:28:29.254,0.82657,0.8267,1.50,1.88
2012.04.12 23:28:29.563,0.82655,0.82671,1.88,1.88
2012.04.12 23:28:30.115,0.82655,0.8267,1.13,2.25
2012.04.12 23:28:39.093,0.82653,0.82667,1.88,1.88
2012.04.12 23:28:52.591,0.82652,0.82666,1.88,1.88
2012.04.12 23:28:52.873,0.82649,0.82664,2.44,1.88
2012.04.12 23:28:53.821,0.82648,0.82664,3.00,1.13
2012.04.12 23:28:54.183,0.82649,0.82661,1.50,1.13
2012.04.12 23:28:54.404,0.82647,0.82661,2.25,1.13
2012.04.12 23:28:54.761,0.82647,0.82661,2.25,1.88
2012.04.12 23:28:56.828,0.82647,0.82657,2.25,1.13
2012.04.12 23:28:57.554,0.82645,0.82657,2.25,1.88
2012.04.12 23:28:59.556,0.82646,0.82657,1.50,1.13
2012.04.12 23:29:00.640,0.82645,0.8266,2.25,1.88
2012.04.12 23:29:00.730,0.82648,0.8266,1.50,1.13
2012.04.12 23:29:01.273,0.82648,0.82661,1.50,1.88
2012.04.12 23:29:12.444,0.82648,0.82661,1.50,2.63
2012.04.12 23:29:12.513,0.82645,0.82657,2.25,1.13
2012.04.12 23:29:13.313,0.82641,0.82656,2.07,1.50
2012.04.12 23:29:13.966,0.82641,0.82655,2.07,1.50
2012.04.12 23:29:14.043,0.82639,0.82653,3.75,1.13
2012.04.12 23:29:14.251,0.82642,0.82655,2.07,1.50
2012.04.12 23:29:14.810,0.82643,0.82656,2.25,1.13
2012.04.12 23:29:15.681,0.82643,0.82652,2.25,1.13
2012.04.12 23:29:16.197,0.82638,0.82652,2.44,1.13
2012.04.12 23:29:16.720,0.82638,0.82652,2.44,1.13
2012.04.12 23:29:17.846,0.82638,0.82652,2.44,1.13
2012.04.12 23:29:18.942,0.82639,0.82655,1.88,3.38
2012.04.12 23:29:19.481,0.82642,0.82655,2.25,1.13
2012.04.12 23:29:19.740,0.82644,0.82655,1.50,1.13
2012.04.12 23:29:22.479,0.82644,0.82656,1.50,1.88
2012.04.12 23:29:37.723,0.82645,0.82657,1.50,1.88
2012.04.12 23:29:38.281,0.82645,0.82657,1.50,1.13
2012.04.12 23:29:44.860,0.82644,0.82657,2.25,1.13
2012.04.12 23:29:45.528,0.82645,0.82657,1.50,1.88
2012.04.12 23:29:47.950,0.82646,0.82657,1.50,1.88
2012.04.12 23:29:48.019,0.82644,0.82657,2.25,1.88
2012.04.12 23:30:01.121,0.82642,0.82654,2.25,1.13
2012.04.12 23:30:01.663,0.82638,0.82654,2.07,1.13
2012.04.12 23:30:02.613,0.82638,0.82654,2.07,1.88
2012.04.12 23:30:27.911,0.8264,0.82654,1.88,1.88
2012.04.12 23:30:29.441,0.8264,0.82656,1.88,3.38
2012.04.12 23:30:35.010,0.82641,0.82653,2.25,1.13
2012.04.12 23:30:35.389,0.82639,0.82653,2.07,1.13
2012.04.12 23:30:38.782,0.82639,0.82649,2.07,1.50
2012.04.12 23:30:39.409,0.82635,0.82649,2.07,1.13
2012.04.12 23:30:39.994,0.82637,0.8265,3.38,1.50
2012.04.12 23:30:40.145,0.82637,0.82653,3.38,3.38
2012.04.12 23:30:40.664,0.82637,0.82653,4.88,2.63
2012.04.12 23:31:06.114,0.82641,0.82653,1.32,1.50
2012.04.12 23:31:06.811,0.82641,0.82652,1.13,1.50
2012.04.12 23:31:06.880,0.82641,0.82654,1.13,2.25
2012.04.12 23:31:06.951,0.82638,0.82652,2.07,1.13
2012.04.12 23:31:11.114,0.82638,0.82652,2.07,2.63
2012.04.12 23:31:37.619,0.82641,0.82654,1.88,2.25
2012.04.12 23:31:38.172,0.82641,0.82655,2.07,3.38
2012.04.12 23:31:39.577,0.82642,0.82656,2.07,1.88
2012.04.12 23:32:14.848,0.82642,0.82657,2.07,2.25
2012.04.12 23:32:16.139,0.82642,0.82658,3.38,1.88
2012.04.12 23:32:16.702,0.82642,0.82658,3.38,1.88
2012.04.12 23:32:17.209,0.82642,0.82658,3.38,1.88
2012.04.12 23:32:22.800,0.82644,0.82658,2.07,1.88
2012.04.12 23:32:25.311,0.82644,0.82658,3.57,1.13
2012.04.12 23:32:25.837,0.82644,0.82658,3.57,1.13
2012.04.12 23:32:28.713,0.82644,0.82658,3.57,1.13
2012.04.12 23:32:29.049,0.82644,0.82658,2.07,1.13
2012.04.12 23:32:29.569,0.82646,0.82658,1.50,1.13
2012.04.12 23:32:30.293,0.82646,0.82662,3.57,3.38
2012.04.12 23:32:30.432,0.82649,0.82662,1.13,2.25
2012.04.12 23:32:30.508,0.82649,0.82662,1.13,2.25
2012.04.12 23:32:30.726,0.82647,0.82661,2.25,1.88
2012.04.12 23:32:31.641,0.82645,0.82659,2.44,1.13
2012.04.12 23:32:35.533,0.82646,0.82659,2.25,1.88
2012.04.12 23:32:35.838,0.82648,0.82663,1.13,2.25
2012.04.12 23:32:36.197,0.8265,0.82664,2.25,1.88
2012.04.12 23:32:36.348,0.82648,0.82664,1.88,1.88
2012.04.12 23:32:36.633,0.82649,0.82664,1.50,1.88
2012.04.12 23:32:37.397,0.82648,0.82663,1.88,2.25
2012.04.12 23:32:37.930,0.82648,0.82663,1.13,2.25
2012.04.12 23:32:38.469,0.82648,0.82663,1.13,2.25
2012.04.12 23:32:47.988,0.82649,0.8266,1.13,1.50
2012.04.12 23:32:48.360,0.82649,0.82662,1.13,2.25
2012.04.12 23:32:50.371,0.82649,0.82661,1.13,2.25
2012.04.12 23:32:50.522,0.82647,0.82661,1.88,3.38
2012.04.12 23:32:51.418,0.82647,0.82661,1.32,3.38
2012.04.12 23:32:51.931,0.82647,0.82661,2.07,3.38
2012.04.12 23:33:02.314,0.82647,0.82661,1.88,2.25
2012.04.12 23:33:02.605,0.82647,0.82662,2.25,2.25
2012.04.12 23:33:03.112,0.8265,0.82664,1.13,3.38
2012.04.12 23:33:03.652,0.8265,0.82664,1.13,3.38
2012.04.12 23:33:10.564,0.8265,0.82664,1.13,1.88
2012.04.12 23:33:11.317,0.82652,0.82664,1.50,1.88
2012.04.12 23:33:11.731,0.82649,0.82664,2.44,1.13
2012.04.12 23:33:12.268,0.82649,0.82664,2.44,1.88
2012.04.12 23:33:12.820,0.8265,0.82664,1.13,1.88
2012.04.12 23:33:13.530,0.8265,0.82664,2.07,1.88
2012.04.12 23:33:18.010,0.82651,0.82664,1.50,1.88
2012.04.12 23:33:18.807,0.8265,0.82664,2.07,1.88
2012.04.12 23:33:24.111,0.82649,0.82663,3.57,1.88
2012.04.12 23:33:24.674,0.82649,0.82661,1.13,1.50
2012.04.12 23:33:25.238,0.82649,0.82661,1.13,2.25
2012.04.12 23:33:26.531,0.82646,0.82662,2.07,1.88
2012.04.12 23:33:43.305,0.82646,0.82661,1.88,2.25
2012.04.12 23:34:07.165,0.82646,0.8266,1.13,1.88
2012.04.12 23:34:10.805,0.82646,0.8266,1.32,1.88
2012.04.12 23:34:11.341,0.82646,0.82659,1.32,2.25
2012.04.12 23:34:11.604,0.82644,0.82659,2.07,2.25
2012.04.12 23:34:14.691,0.82644,0.82659,2.07,2.25
2012.04.12 23:34:19.781,0.82646,0.82659,1.13,2.25
2012.04.12 23:34:25.232,0.82644,0.82659,2.07,2.25
2012.04.12 23:34:25.658,0.82648,0.82662,1.13,2.82
2012.04.12 23:34:26.014,0.82648,0.82662,1.88,1.88
2012.04.12 23:34:26.489,0.8265,0.82662,1.69,1.88
2012.04.12 23:34:26.570,0.8265,0.82662,2.44,1.88
2012.04.12 23:34:26.713,0.82653,0.82662,1.50,1.88
2012.04.12 23:34:28.558,0.82651,0.82662,1.69,1.13
2012.04.12 23:34:31.962,0.82651,0.82666,1.69,1.88
2012.04.12 23:34:32.093,0.82653,0.82666,1.50,1.88
2012.04.12 23:34:32.827,0.8265,0.82666,4.32,3.38
2012.04.12 23:34:33.252,0.82653,0.82666,1.50,1.88
2012.04.12 23:34:34.423,0.82652,0.82665,2.44,1.88
2012.04.12 23:34:38.214,0.82654,0.82668,1.50,1.88
2012.04.12 23:34:38.410,0.82652,0.82668,3.57,3.38
2012.04.12 23:34:38.484,0.82652,0.82668,3.57,3.38
2012.04.12 23:34:38.811,0.82652,0.82668,3.57,3.38
2012.04.12 23:34:39.122,0.82656,0.82668,1.13,2.25
2012.04.12 23:34:41.481,0.82652,0.82668,3.57,1.88
2012.04.12 23:34:42.000,0.82653,0.82668,2.44,1.88
2012.04.12 23:34:43.410,0.82652,0.82668,1.88,3.38
2012.04.12 23:34:45.680,0.82654,0.82668,1.50,1.88
2012.04.12 23:34:52.612,0.82652,0.82668,3.38,1.88
2012.04.12 23:34:55.493,0.82654,0.82668,2.63,1.88
2012.04.12 23:34:56.980,0.82655,0.8267,1.13,2.25
2012.04.12 23:35:00.240,0.82654,0.82667,1.50,1.88
2012.04.12 23:35:00.782,0.82654,0.82667,1.50,1.88
2012.04.12 23:35:01.399,0.82654,0.82667,1.50,1.88
2012.04.12 23:35:09.086,0.82653,0.82667,2.63,1.88
2012.04.12 23:35:10.299,0.82654,0.82667,1.50,1.88
2012.04.12 23:35:10.843,0.82653,0.82667,2.63,1.88
2012.04.12 23:35:17.880,0.82654,0.82667,1.50,1.88
2012.04.12 23:35:28.448,0.82655,0.82667,1.50,1.88
2012.04.12 23:35:33.221,0.82655,0.82667,1.50,1.88
2012.04.12 23:35:34.869,0.82654,0.82667,1.50,1.88
2012.04.12 23:35:36.060,0.82655,0.82667,1.50,1.88
2012.04.12 23:35:39.787,0.82654,0.82667,1.50,1.88
2012.04.12 23:35:41.920,0.82654,0.82667,1.50,1.88
2012.04.12 23:35:42.252,0.8265,0.82666,2.63,3.38
2012.04.12 23:35:42.590,0.8265,0.82666,1.13,2.63
2012.04.12 23:35:42.913,0.82648,0.82663,1.13,2.25
2012.04.12 23:35:43.371,0.82648,0.82664,3.38,2.07
2012.04.12 23:35:43.440,0.82648,0.82664,3.38,2.07
2012.04.12 23:35:44.169,0.82651,0.82665,1.13,2.07
2012.04.12 23:35:53.152,0.82653,0.82665,1.50,2.25
2012.04.12 23:35:53.222,0.82651,0.82665,2.63,2.25
2012.04.12 23:35:54.910,0.82651,0.82663,1.50,2.07
2012.04.12 23:35:54.980,0.82649,0.82663,2.63,2.07
2012.04.12 23:35:55.490,0.8265,0.82663,1.50,2.07
2012.04.12 23:35:56.021,0.8265,0.82663,1.50,2.07
2012.04.12 23:35:56.089,0.82652,0.82663,1.50,2.07
2012.04.12 23:35:56.638,0.82652,0.82663,1.50,2.07
2012.04.12 23:35:57.431,0.82652,0.82663,1.50,1.88
2012.04.12 23:35:57.770,0.82654,0.82663,1.50,1.88
2012.04.12 23:35:59.103,0.82652,0.82668,1.88,2.07
2012.04.12 23:35:59.501,0.82653,0.82668,2.25,2.07
2012.04.12 23:36:00.439,0.82653,0.82669,4.13,2.07
2012.04.12 23:36:00.991,0.82656,0.82669,1.50,2.07
2012.04.12 23:36:07.643,0.82656,0.82671,1.50,2.07
2012.04.12 23:36:08.161,0.82655,0.8267,1.88,2.44
2012.04.12 23:36:08.231,0.82655,0.8267,1.13,2.44
2012.04.12 23:36:08.752,0.82655,0.8267,1.88,2.44
2012.04.12 23:36:09.876,0.82654,0.82669,2.25,1.88
2012.04.12 23:36:10.440,0.82653,0.82669,2.63,3.38
2012.04.12 23:36:10.791,0.82656,0.8267,1.50,2.07
2012.04.12 23:36:12.489,0.82657,0.82669,1.50,1.88
2012.04.12 23:36:12.860,0.82655,0.82669,1.50,1.88
2012.04.12 23:36:34.201,0.82655,0.82666,1.50,1.13
2012.04.12 23:36:34.760,0.82655,0.82665,1.50,1.43
2012.04.12 23:36:42.554,0.82654,0.82665,1.50,1.43
2012.04.12 23:36:43.132,0.82653,0.82663,1.13,1.43
2012.04.12 23:36:50.171,0.82653,0.82663,1.13,1.13
2012.04.12 23:36:58.669,0.82653,0.82663,1.13,1.13
2012.04.12 23:36:58.815,0.82651,0.82663,1.50,1.43
2012.04.12 23:36:59.399,0.82651,0.82664,1.50,2.18
2012.04.12 23:36:59.487,0.8265,0.82663,1.13,1.05
2012.04.12 23:37:00.813,0.8265,0.82663,2.63,1.05
2012.04.12 23:37:02.380,0.8265,0.82663,2.63,1.05
2012.04.12 23:37:12.842,0.8265,0.82664,2.63,2.18
2012.04.12 23:37:24.177,0.8265,0.82662,1.50,1.88
2012.04.12 23:37:24.606,0.82647,0.82658,1.50,1.13
2012.04.12 23:37:25.189,0.82645,0.82656,2.25,1.13
2012.04.12 23:37:25.492,0.82643,0.82656,1.50,1.88
2012.04.12 23:37:25.565,0.8264,0.82656,3.38,3.38
2012.04.12 23:37:26.167,0.8264,0.82655,1.88,2.25
2012.04.12 23:37:26.760,0.82638,0.82654,1.88,1.88
2012.04.12 23:37:28.212,0.82637,0.82653,3.38,1.13
2012.04.12 23:37:28.358,0.82635,0.82649,1.88,1.13
2012.04.12 23:37:28.503,0.82635,0.82649,1.88,1.13
2012.04.12 23:37:29.439,0.82636,0.8265,1.88,1.13
2012.04.12 23:37:30.414,0.8264,0.82652,1.13,1.50
2012.04.12 23:37:31.241,0.8264,0.82653,1.88,1.50
2012.04.12 23:37:31.640,0.8264,0.82653,1.88,1.50
2012.04.12 23:37:31.964,0.8264,0.82655,2.07,2.25
2012.04.12 23:37:32.176,0.82646,0.82656,1.50,1.88
2012.04.12 23:37:32.325,0.82646,0.8266,2.25,1.88
2012.04.12 23:37:32.401,0.82648,0.8266,1.50,1.88
2012.04.12 23:37:32.543,0.82648,0.8266,1.50,1.88
2012.04.12 23:37:38.117,0.82647,0.82662,2.25,1.88
2012.04.12 23:37:59.841,0.82647,0.82662,1.50,1.88
2012.04.12 23:38:00.200,0.82647,0.82662,2.25,1.88
2012.04.12 23:38:07.627,0.82647,0.82662,1.50,1.88
2012.04.12 23:38:08.375,0.82646,0.82662,1.88,1.88
2012.04.12 23:38:20.189,0.82646,0.8266,1.88,1.13
2012.04.12 23:38:24.788,0.82646,0.8266,1.88,1.88
2012.04.12 23:38:25.248,0.82646,0.82659,1.88,1.05
2012.04.12 23:38:42.318,0.82648,0.82659,1.50,1.05
2012.04.12 23:38:42.875,0.82649,0.82659,1.50,1.05
2012.04.12 23:38:48.135,0.82647,0.8266,2.25,1.88
2012.04.12 23:39:11.301,0.82648,0.8266,2.25,2.18
2012.04.12 23:39:12.319,0.82648,0.8266,1.50,1.88
2012.04.12 23:39:12.925,0.82647,0.8266,2.25,1.13
2012.04.12 23:39:17.459,0.82647,0.8266,2.25,1.43
2012.04.12 23:39:18.275,0.82648,0.8266,1.50,1.43
2012.04.12 23:39:22.430,0.82648,0.8266,1.50,1.13
2012.04.12 23:39:35.040,0.82651,0.82663,1.50,1.88
2012.04.12 23:39:35.465,0.82651,0.82667,3.38,4.32
2012.04.12 23:39:35.990,0.82653,0.82667,2.25,2.82
2012.04.12 23:39:39.194,0.82653,0.82665,1.50,1.88
2012.04.12 23:39:39.333,0.82649,0.82665,1.88,3.38
2012.04.12 23:39:41.371,0.82649,0.82662,2.25,1.13
2012.04.12 23:39:41.934,0.82648,0.82662,3.38,1.13
2012.04.12 23:39:44.693,0.82648,0.82661,2.25,1.13
2012.04.12 23:39:45.288,0.82649,0.82661,2.25,1.13
2012.04.12 23:39:47.437,0.82649,0.82661,1.50,1.13
2012.04.12 23:39:50.500,0.82651,0.82661,1.50,1.13
2012.04.12 23:40:00.346,0.82649,0.82661,1.50,1.13
2012.04.12 23:40:08.840,0.82649,0.82661,2.25,1.13
2012.04.12 23:40:09.682,0.82649,0.82661,2.25,1.13
2012.04.12 23:40:12.219,0.82649,0.82661,2.25,1.13
2012.04.12 23:40:16.518,0.82649,0.82661,1.50,1.13
2012.04.12 23:40:35.061,0.82647,0.82661,3.38,1.13
2012.04.12 23:40:35.777,0.82649,0.82661,1.50,1.13
2012.04.12 23:40:37.881,0.82648,0.82661,2.25,1.13
2012.04.12 23:40:42.482,0.8265,0.82664,1.13,2.25
2012.04.12 23:40:43.043,0.8265,0.82665,1.88,2.25
2012.04.12 23:40:43.183,0.8265,0.82665,1.88,2.25
2012.04.12 23:40:44.565,0.82647,0.82662,3.19,1.13
2012.04.12 23:40:45.296,0.82646,0.82662,3.38,2.63
2012.04.12 23:41:44.868,0.82646,0.82662,1.13,1.13
2012.04.12 23:41:47.398,0.82646,0.82661,1.13,1.50
2012.04.12 23:41:47.728,0.82646,0.82661,1.88,2.25
2012.04.12 23:42:02.863,0.82646,0.82661,2.07,2.25
2012.04.12 23:42:03.221,0.82643,0.82656,1.50,1.13
2012.04.12 23:42:03.874,0.82641,0.82656,2.44,1.88
2012.04.12 23:42:04.445,0.8264,0.82656,3.57,1.88
2012.04.12 23:42:05.005,0.8264,0.82656,3.57,1.88
2012.04.12 23:42:27.359,0.8265,0.82658,1.13,2.25
2012.04.12 23:42:27.641,0.82646,0.82657,1.50,1.88
2012.04.12 23:42:27.865,0.82652,0.82663,1.13,2.25
2012.04.12 23:42:28.353,0.82652,0.82666,1.88,3.38
2012.04.12 23:42:34.139,0.82652,0.82666,1.13,1.88
2012.04.12 23:42:34.352,0.82649,0.82662,1.50,1.88
2012.04.12 23:42:34.911,0.82648,0.82662,3.38,1.88
2012.04.12 23:42:36.120,0.82648,0.82662,2.63,1.88
2012.04.12 23:42:41.420,0.82647,0.82661,1.88,1.88
2012.04.12 23:42:44.091,0.82647,0.82661,2.07,1.13
2012.04.12 23:42:46.443,0.82645,0.82659,3.57,1.13
2012.04.12 23:42:46.992,0.82645,0.82659,1.88,1.88
2012.04.12 23:42:51.149,0.82642,0.82656,4.32,1.13
2012.04.12 23:42:51.440,0.82643,0.82656,2.44,1.88
2012.04.12 23:42:51.993,0.82642,0.82656,1.88,1.88
2012.04.12 23:42:55.593,0.82641,0.82655,1.88,1.13
2012.04.12 23:42:56.141,0.82641,0.82654,1.88,1.50
2012.04.12 23:42:56.813,0.82641,0.82655,1.88,1.88
2012.04.12 23:43:04.002,0.82641,0.82654,1.88,1.50
2012.04.12 23:43:11.138,0.82641,0.82655,1.88,3.38
2012.04.12 23:43:31.973,0.82641,0.82655,1.13,3.38
2012.04.12 23:44:16.813,0.82641,0.82655,1.13,3.38
2012.04.12 23:44:17.093,0.82641,0.82652,1.13,2.25
2012.04.12 23:44:17.653,0.82641,0.8265,1.13,1.50
2012.04.12 23:44:20.565,0.82637,0.8265,1.88,1.50
2012.04.12 23:44:21.098,0.82635,0.8265,1.88,2.25
2012.04.12 23:44:26.360,0.82635,0.8265,1.88,1.50
2012.04.12 23:44:30.551,0.82635,0.8265,1.88,2.25
2012.04.12 23:44:38.011,0.82635,0.82649,1.88,1.88
2012.04.12 23:44:38.261,0.82635,0.82649,1.88,1.88
2012.04.12 23:44:38.753,0.82639,0.8265,1.13,2.25
2012.04.12 23:44:39.175,0.82639,0.82652,1.13,2.25
2012.04.12 23:44:39.816,0.82639,0.82651,1.13,1.50
2012.04.12 23:44:40.521,0.82639,0.82653,1.13,2.25
2012.04.12 23:44:41.045,0.82638,0.82653,1.88,2.25
2012.04.12 23:44:41.546,0.82638,0.82652,1.13,2.25
2012.04.12 23:45:04.053,0.82638,0.82652,1.88,2.25
2012.04.12 23:45:05.182,0.82639,0.82652,1.13,2.25
2012.04.12 23:45:10.605,0.82638,0.82652,1.88,2.25
2012.04.12 23:45:11.480,0.8264,0.82652,1.13,2.25
2012.04.12 23:45:21.515,0.82639,0.82652,1.13,2.25
2012.04.12 23:45:36.369,0.82637,0.82652,1.88,2.25
2012.04.12 23:45:36.693,0.82637,0.82652,1.88,2.25
2012.04.12 23:45:38.254,0.82635,0.82651,1.88,1.88
2012.04.12 23:45:44.092,0.82635,0.82649,1.88,3.38
2012.04.12 23:45:48.049,0.82634,0.82647,1.13,2.63
2012.04.12 23:45:48.402,0.82631,0.82646,1.88,1.50
2012.04.12 23:45:48.868,0.82634,0.82647,1.50,1.88
2012.04.12 23:45:49.023,0.82633,0.82647,1.50,2.07
2012.04.12 23:45:50.082,0.82632,0.82647,1.50,2.07
2012.04.12 23:45:59.171,0.82631,0.82645,1.50,2.07
2012.04.12 23:46:05.903,0.82632,0.82645,1.50,2.07
2012.04.12 23:46:11.663,0.82631,0.82645,1.50,2.07
2012.04.12 23:46:13.207,0.8263,0.82645,2.25,1.88
2012.04.12 23:46:13.421,0.8263,0.82645,2.25,1.88
2012.04.12 23:46:19.300,0.82631,0.82645,1.50,1.88
2012.04.12 23:46:20.453,0.82629,0.82645,3.38,1.88
2012.04.12 23:46:21.234,0.82629,0.82645,3.38,1.88
2012.04.12 23:46:24.929,0.82631,0.82645,1.50,1.88
2012.04.12 23:46:25.446,0.8263,0.82645,2.25,1.88
2012.04.12 23:46:30.749,0.82631,0.82645,1.50,2.07
2012.04.12 23:46:31.305,0.8263,0.82645,2.25,2.07
2012.04.12 23:46:31.832,0.82631,0.82644,1.13,2.44
2012.04.12 23:46:33.092,0.82627,0.82641,2.63,1.13
2012.04.12 23:46:33.647,0.82627,0.82641,2.63,1.88
2012.04.12 23:46:35.052,0.82627,0.82641,1.13,1.88
2012.04.12 23:46:35.553,0.82627,0.82641,1.13,1.88
2012.04.12 23:46:36.755,0.82627,0.82641,3.38,1.88
2012.04.12 23:46:37.264,0.82627,0.82641,3.38,1.13
2012.04.12 23:46:50.023,0.82632,0.82643,1.13,2.25
2012.04.12 23:46:50.582,0.82632,0.82645,1.13,2.25
2012.04.12 23:46:50.654,0.82632,0.82645,1.13,2.25
2012.04.12 23:46:52.092,0.82632,0.82645,1.13,2.25
2012.04.12 23:46:56.491,0.82634,0.82645,1.13,2.25
2012.04.12 23:46:57.373,0.82634,0.82648,1.13,2.44
2012.04.12 23:46:57.901,0.82634,0.82647,1.13,2.25
2012.04.12 23:47:02.503,0.82633,0.82647,1.13,2.25
2012.04.12 23:47:02.857,0.82633,0.82644,1.13,2.25
2012.04.12 23:47:05.506,0.82631,0.82644,1.13,2.25
2012.04.12 23:47:07.142,0.82631,0.82645,1.13,2.25
2012.04.12 23:47:10.165,0.82631,0.82644,1.13,2.25
2012.04.12 23:47:10.545,0.82633,0.82645,1.13,2.25
2012.04.12 23:47:15.784,0.82632,0.82642,1.13,2.25
2012.04.12 23:47:18.513,0.82632,0.82642,1.13,2.25
2012.04.12 23:47:25.701,0.82631,0.82642,1.13,2.25
2012.04.12 23:47:32.498,0.82631,0.82642,1.13,2.25
2012.04.12 23:47:33.713,0.82631,0.82643,1.13,1.50
2012.04.12 23:47:34.022,0.82631,0.82643,1.13,1.50
2012.04.12 23:47:35.482,0.82631,0.82643,1.13,1.50
2012.04.12 23:47:39.701,0.82629,0.82637,1.50,1.50
2012.04.12 23:47:39.844,0.82628,0.82636,1.13,1.50
2012.04.12 23:47:40.579,0.8263,0.82642,1.13,2.83
2012.04.12 23:47:41.121,0.8263,0.82646,1.13,3.57
2012.04.12 23:47:41.192,0.8263,0.82642,1.13,3.00
2012.04.12 23:47:41.511,0.8263,0.82642,1.13,1.50
2012.04.12 23:47:46.716,0.8263,0.82642,1.13,1.50
2012.04.12 23:47:46.868,0.82628,0.82642,1.50,1.50
2012.04.12 23:47:46.948,0.82627,0.82642,1.13,2.25
2012.04.12 23:47:48.431,0.82626,0.82641,1.13,2.44
2012.04.12 23:47:51.013,0.82626,0.82641,1.13,2.44
2012.04.12 23:47:51.437,0.82624,0.8264,1.13,3.38
2012.04.12 23:47:51.781,0.82624,0.82638,1.88,2.25
2012.04.12 23:47:52.901,0.82626,0.82638,1.13,2.25
2012.04.12 23:47:56.610,0.82627,0.8264,1.13,2.25
2012.04.12 23:47:57.403,0.82627,0.82635,1.13,1.50
2012.04.12 23:47:57.675,0.82625,0.82633,1.13,1.50
2012.04.12 23:48:06.194,0.82625,0.82633,1.13,1.50
2012.04.12 23:48:08.939,0.82629,0.82635,1.13,1.50
2012.04.12 23:48:09.013,0.82629,0.82638,1.13,2.08
2012.04.12 23:48:09.228,0.82629,0.82638,1.13,1.33
2012.04.12 23:48:09.573,0.82629,0.82641,1.13,2.25
2012.04.12 23:48:10.136,0.82629,0.82642,1.13,1.50
2012.04.12 23:48:22.891,0.82627,0.82642,2.63,1.50
2012.04.12 23:48:23.432,0.82627,0.82639,1.13,2.25
2012.04.12 23:48:33.678,0.82627,0.82641,1.13,2.25
2012.04.12 23:48:35.696,0.82627,0.82641,1.13,2.25
2012.04.12 23:48:35.917,0.8263,0.82642,1.13,2.25
2012.04.12 23:48:36.352,0.8263,0.82645,1.13,2.25
2012.04.12 23:48:37.704,0.8263,0.8264,1.13,1.50
2012.04.12 23:48:38.254,0.8263,0.8264,1.13,2.25
2012.04.12 23:48:38.762,0.82631,0.8264,1.13,2.25
2012.04.12 23:48:39.753,0.82633,0.8264,1.13,2.25
2012.04.12 23:48:40.643,0.82633,0.82644,1.13,2.25
2012.04.12 23:48:43.498,0.82635,0.82646,1.13,2.25
2012.04.12 23:48:43.572,0.82635,0.82646,1.13,2.25
2012.04.12 23:48:44.081,0.82635,0.82646,1.13,2.25
2012.04.12 23:49:02.064,0.82635,0.82647,1.13,2.44
2012.04.12 23:49:02.649,0.82635,0.82646,1.13,2.25
2012.04.12 23:49:07.356,0.82635,0.82648,1.13,2.44
2012.04.12 23:49:13.000,0.82635,0.82648,1.88,2.44
2012.04.12 23:49:13.503,0.82635,0.82649,1.13,1.88
2012.04.12 23:49:14.617,0.82636,0.8265,1.13,2.25
2012.04.12 23:49:27.278,0.82637,0.8265,1.13,2.25
2012.04.12 23:49:31.495,0.82637,0.82651,1.13,2.25
2012.04.12 23:49:33.147,0.82637,0.8265,1.13,2.25
2012.04.12 23:49:33.719,0.82638,0.82652,1.13,3.00
2012.04.12 23:49:33.801,0.82636,0.8265,1.13,1.88
2012.04.12 23:49:34.713,0.82636,0.8265,1.13,3.57
2012.04.12 23:49:34.791,0.82636,0.8265,1.13,3.94
2012.04.12 23:49:34.861,0.82634,0.8265,2.63,3.94
2012.04.12 23:49:38.319,0.82634,0.8265,1.13,3.75
2012.04.12 23:49:45.329,0.82634,0.82648,1.13,1.88
2012.04.12 23:50:01.951,0.82633,0.82646,1.50,1.88
2012.04.12 23:50:02.497,0.82633,0.82646,1.50,1.88
2012.04.12 23:50:02.988,0.82631,0.82642,1.50,1.50
2012.04.12 23:50:03.066,0.82631,0.82642,1.50,1.50
2012.04.12 23:50:03.418,0.82629,0.82642,2.63,1.50
2012.04.12 23:50:04.159,0.82628,0.82642,1.13,1.50
2012.04.12 23:50:04.716,0.82628,0.82643,1.13,2.07
2012.04.12 23:50:05.275,0.82627,0.82638,1.13,1.50
2012.04.12 23:50:09.312,0.82626,0.8264,1.13,2.25
2012.04.12 23:50:09.814,0.82626,0.8264,1.13,2.25
2012.04.12 23:50:10.131,0.82626,0.8264,1.13,2.25
2012.04.12 23:50:10.692,0.82625,0.8264,1.13,2.25
2012.04.12 23:50:12.217,0.82628,0.82638,1.13,2.25
2012.04.12 23:50:12.577,0.82628,0.82641,1.13,2.25
2012.04.12 23:50:12.793,0.82628,0.82639,1.13,2.25
2012.04.12 23:50:13.172,0.82626,0.82638,1.13,2.25
2012.04.12 23:50:15.002,0.82626,0.82634,1.13,2.25
2012.04.12 23:50:15.979,0.82625,0.82634,1.13,2.25
2012.04.12 23:50:20.633,0.82626,0.82638,1.13,2.25
2012.04.12 23:50:22.661,0.82625,0.82638,1.13,2.25
2012.04.12 23:50:25.464,0.8262,0.82634,1.88,2.25
2012.04.12 23:50:25.677,0.8262,0.82636,1.13,3.38
2012.04.12 23:50:26.083,0.82624,0.82637,1.13,1.50
2012.04.12 23:50:26.294,0.82624,0.82638,1.13,3.00
2012.04.12 23:50:27.192,0.82625,0.82637,1.13,2.25
2012.04.12 23:50:29.016,0.82625,0.82638,1.13,1.13
2012.04.12 23:50:29.520,0.82626,0.82638,1.13,1.13
2012.04.12 23:50:30.536,0.82627,0.82638,1.13,1.13
2012.04.12 23:50:31.277,0.82629,0.82642,1.13,1.13
2012.04.12 23:50:31.360,0.82629,0.82642,1.13,1.13
2012.04.12 23:50:32.845,0.82628,0.82641,1.13,1.13
2012.04.12 23:50:34.870,0.82628,0.82641,1.13,1.13
2012.04.12 23:50:37.922,0.82629,0.82643,1.13,3.57
2012.04.12 23:50:51.443,0.82625,0.82634,2.63,1.50
2012.04.12 23:50:57.638,0.82627,0.82635,1.13,1.50
2012.04.12 23:51:11.541,0.82626,0.82634,1.88,1.50
2012.04.12 23:51:20.143,0.82626,0.82636,1.13,1.88
2012.04.12 23:51:20.679,0.82626,0.82637,1.88,2.63
2012.04.12 23:51:20.760,0.82629,0.8264,1.13,1.13
2012.04.12 23:51:21.811,0.82629,0.8264,1.13,1.13
2012.04.12 23:51:25.090,0.82629,0.8264,1.13,1.13
2012.04.12 23:51:30.175,0.82629,0.82642,1.13,1.88
2012.04.12 23:51:32.919,0.8263,0.82642,1.13,1.88
2012.04.12 23:51:33.424,0.8263,0.82642,1.13,1.88
2012.04.12 23:51:40.333,0.8263,0.82642,1.13,2.25
2012.04.12 23:51:40.617,0.8263,0.82643,1.13,2.25
2012.04.12 23:51:41.664,0.82631,0.82645,1.13,2.25
2012.04.12 23:51:42.071,0.82631,0.82645,1.13,2.25
2012.04.12 23:52:08.235,0.82631,0.82645,1.13,2.25
2012.04.12 23:52:12.190,0.82631,0.82647,1.13,3.38
2012.04.12 23:52:12.701,0.82631,0.82647,1.13,3.38
2012.04.12 23:52:17.181,0.82632,0.82647,1.50,1.88
2012.04.12 23:52:17.692,0.82631,0.82647,2.63,3.38
2012.04.12 23:52:26.340,0.82631,0.82647,1.13,3.38
2012.04.12 23:52:26.964,0.82631,0.82647,1.13,3.38
2012.04.12 23:52:33.766,0.82633,0.82647,1.13,2.07
2012.04.12 23:52:38.864,0.82633,0.82647,1.13,1.88
2012.04.12 23:52:39.218,0.82634,0.82649,2.25,2.07
2012.04.12 23:52:39.438,0.82634,0.82649,2.25,2.07
2012.04.12 23:52:40.009,0.82634,0.82647,1.50,2.25
2012.04.12 23:52:43.643,0.82635,0.82647,2.63,2.25
2012.04.12 23:52:45.116,0.82635,0.82646,2.63,1.50
2012.04.12 23:52:53.140,0.82637,0.82646,1.13,1.50
2012.04.12 23:53:01.333,0.82638,0.82652,1.13,4.13
2012.04.12 23:53:04.991,0.82637,0.82651,1.13,2.25
2012.04.12 23:53:09.936,0.82634,0.82648,1.13,3.38
2012.04.12 23:53:10.232,0.82636,0.82646,1.13,2.25
2012.04.12 23:53:10.456,0.82636,0.82648,1.13,2.25
2012.04.12 23:53:10.823,0.82639,0.8265,1.13,2.25
2012.04.12 23:53:11.424,0.82639,0.82651,1.13,1.13
2012.04.12 23:53:11.497,0.82637,0.82651,1.13,2.25
2012.04.12 23:53:12.416,0.82635,0.82651,3.38,3.75
2012.04.12 23:53:12.572,0.82635,0.82649,1.13,2.25
2012.04.12 23:53:13.442,0.82635,0.82649,1.13,2.82
2012.04.12 23:53:13.995,0.82634,0.82648,1.88,1.88
2012.04.12 23:53:15.828,0.82633,0.82648,1.50,2.07
2012.04.12 23:53:16.332,0.82634,0.82648,1.50,2.07
2012.04.12 23:53:27.352,0.82632,0.82645,1.50,1.88
2012.04.12 23:53:28.003,0.82632,0.82645,1.50,1.88
2012.04.12 23:53:28.757,0.82631,0.82645,2.63,1.88
2012.04.12 23:53:31.627,0.8263,0.82643,1.50,1.88
2012.04.12 23:53:31.984,0.8263,0.82644,1.50,1.69
2012.04.12 23:53:32.058,0.82626,0.82644,2.25,3.19
2012.04.12 23:53:32.343,0.82625,0.82641,1.50,1.69
2012.04.12 23:53:32.486,0.82623,0.82639,2.25,2.25
2012.04.12 23:53:33.365,0.82624,0.8264,1.50,2.44
2012.04.12 23:53:39.103,0.82623,0.82639,2.25,2.25
2012.04.12 23:53:41.340,0.82623,0.82641,2.25,3.38
2012.04.12 23:53:43.425,0.82626,0.82641,1.50,1.32
2012.04.12 23:53:43.972,0.82627,0.82641,1.50,1.13
2012.04.12 23:53:46.173,0.82627,0.8264,1.50,1.50
2012.04.12 23:53:46.390,0.82626,0.82642,1.50,1.50
2012.04.12 23:53:49.314,0.82626,0.82642,1.50,2.63
2012.04.12 23:53:49.595,0.82621,0.82638,1.50,2.25
2012.04.12 23:53:49.874,0.82621,0.82638,1.50,2.44
2012.04.12 23:53:50.788,0.82618,0.82634,3.00,1.50
2012.04.12 23:53:52.501,0.82618,0.82636,3.00,2.44
2012.04.12 23:53:57.711,0.8262,0.82634,1.69,1.50
2012.04.12 23:54:00.504,0.8262,0.82636,1.69,2.25
2012.04.12 23:54:01.755,0.82619,0.82635,1.69,1.50
2012.04.12 23:54:12.214,0.82621,0.82636,1.69,2.25
2012.04.12 23:54:13.443,0.82621,0.82636,1.69,1.50
2012.04.12 23:54:14.001,0.82623,0.82638,1.50,2.25
2012.04.12 23:54:20.065,0.82622,0.82636,1.50,2.25
2012.04.12 23:54:20.208,0.8262,0.82636,2.82,2.25
2012.04.12 23:54:20.777,0.82618,0.82636,3.00,2.44
2012.04.12 23:54:20.858,0.82618,0.82636,3.00,2.44
2012.04.12 23:54:20.939,0.82618,0.82636,3.00,2.44
2012.04.12 23:54:23.752,0.82619,0.82635,1.50,2.25
2012.04.12 23:54:24.308,0.82618,0.82634,3.00,2.25
2012.04.12 23:54:24.702,0.82621,0.82638,1.50,1.69
2012.04.12 23:54:25.254,0.8262,0.82638,1.50,3.19
2012.04.12 23:54:26.131,0.82622,0.82638,1.50,3.19
2012.04.12 23:54:26.794,0.8262,0.82638,1.50,3.19
2012.04.12 23:54:26.922,0.82622,0.82638,1.13,4.32
2012.04.12 23:54:35.480,0.82624,0.82638,1.13,4.13
2012.04.12 23:54:35.629,0.82624,0.82638,1.13,3.38
2012.04.12 23:54:36.599,0.82624,0.82638,2.63,1.88
2012.04.12 23:54:37.192,0.82624,0.82638,1.13,1.88
2012.04.12 23:54:41.270,0.82623,0.82637,2.63,1.88
2012.04.12 23:54:41.968,0.82626,0.82639,1.13,2.44
2012.04.12 23:54:42.060,0.82626,0.82639,1.13,2.25
2012.04.12 23:54:42.472,0.82626,0.8264,1.13,3.38
2012.04.12 23:54:43.053,0.82627,0.8264,1.13,2.25
2012.04.12 23:54:47.314,0.82626,0.8264,1.13,3.38
2012.04.12 23:55:00.493,0.82627,0.8264,1.13,2.25
2012.04.12 23:55:01.019,0.82627,0.82638,1.13,1.50
2012.04.12 23:55:01.093,0.8263,0.82638,1.13,1.50
2012.04.12 23:55:01.450,0.82633,0.82645,1.13,2.44
2012.04.12 23:55:01.678,0.82633,0.82647,1.13,3.75
2012.04.12 23:55:03.407,0.82633,0.82647,1.13,3.57
2012.04.12 23:55:08.771,0.8263,0.82644,2.63,1.88
2012.04.12 23:55:08.846,0.8263,0.82641,1.50,1.13
2012.04.12 23:55:08.924,0.82625,0.82641,1.88,1.13
2012.04.12 23:55:09.481,0.82625,0.82641,1.13,1.88
2012.04.12 23:55:09.569,0.82628,0.82644,1.13,1.88
2012.04.12 23:55:09.713,0.82628,0.82644,2.63,1.88
2012.04.12 23:55:19.021,0.82628,0.82644,2.63,1.88
2012.04.12 23:55:34.096,0.82628,0.82644,3.38,3.38
2012.04.12 23:55:36.641,0.82629,0.82644,1.50,1.88
2012.04.12 23:55:37.185,0.82628,0.82644,3.38,3.38
2012.04.12 23:55:38.856,0.82629,0.82644,1.50,1.88
2012.04.12 23:55:39.401,0.82628,0.82644,3.38,3.38
2012.04.12 23:55:42.233,0.82628,0.82644,3.38,3.38
2012.04.12 23:55:43.520,0.8263,0.82646,1.13,3.57
2012.04.12 23:55:43.609,0.8263,0.82646,1.88,3.57
2012.04.12 23:55:44.143,0.82632,0.82646,1.50,2.07
2012.04.12 23:55:47.135,0.82633,0.82647,1.13,2.07
2012.04.12 23:55:47.696,0.82633,0.82647,1.13,2.07
2012.04.12 23:55:48.651,0.82634,0.82647,1.50,1.88
2012.04.12 23:55:51.008,0.82633,0.82649,1.88,2.07
2012.04.12 23:55:51.501,0.82634,0.8265,1.13,2.07
2012.04.12 23:55:52.133,0.82634,0.82648,1.88,1.88
2012.04.12 23:55:52.496,0.82636,0.82648,1.50,1.88
2012.04.12 23:55:53.003,0.82635,0.82648,1.50,1.88
2012.04.12 23:55:53.552,0.82636,0.82648,1.50,1.88
2012.04.12 23:55:54.088,0.82635,0.82648,1.50,1.88
2012.04.12 23:55:54.774,0.82634,0.82648,1.13,1.88
2012.04.12 23:56:07.725,0.82635,0.82649,1.13,1.88
2012.04.12 23:56:07.801,0.82635,0.82649,1.13,1.88
2012.04.12 23:56:08.382,0.82635,0.82649,1.13,2.25
2012.04.12 23:56:13.482,0.82635,0.82648,1.13,2.44
2012.04.12 23:56:28.872,0.82634,0.82648,3.38,1.88
2012.04.12 23:56:29.762,0.82634,0.82648,2.63,1.88
2012.04.12 23:56:33.658,0.82634,0.82649,1.13,2.63
2012.04.12 23:56:37.766,0.82633,0.82649,2.63,3.57
2012.04.12 23:56:38.465,0.82634,0.82649,1.50,1.88
2012.04.12 23:56:43.641,0.82633,0.82649,3.38,3.38
2012.04.12 23:56:45.153,0.82632,0.82648,3.38,2.07
2012.04.12 23:56:48.027,0.82632,0.82648,3.38,2.07
2012.04.12 23:56:57.725,0.82634,0.82648,1.13,2.07
2012.04.12 23:56:58.256,0.82634,0.82648,1.13,2.07
2012.04.12 23:56:58.546,0.82638,0.82652,1.13,3.57
2012.04.12 23:57:04.663,0.82636,0.8265,2.63,2.25
2012.04.12 23:57:19.564,0.82635,0.8265,1.88,2.25
2012.04.12 23:57:20.092,0.82635,0.82648,1.13,2.25
2012.04.12 23:57:28.493,0.82634,0.8265,1.88,2.07
2012.04.12 23:57:28.779,0.82632,0.82647,2.25,1.88
2012.04.12 23:57:29.068,0.82635,0.82647,1.50,2.07
2012.04.12 23:57:29.415,0.82633,0.82647,1.50,2.07
2012.04.12 23:57:34.960,0.82633,0.82647,1.50,1.88
2012.04.12 23:57:36.193,0.82634,0.82647,1.50,1.88
2012.04.12 23:57:37.182,0.82634,0.82647,1.50,1.88
2012.04.12 23:57:40.214,0.82635,0.82649,1.13,2.07
2012.04.12 23:57:40.584,0.82635,0.82649,1.13,2.07
2012.04.12 23:57:40.902,0.82635,0.82649,1.13,1.88
2012.04.12 23:57:55.402,0.82635,0.82649,1.13,3.38
2012.04.12 23:58:03.464,0.82634,0.82648,2.63,2.07
2012.04.12 23:58:04.005,0.82634,0.82648,2.63,2.07
2012.04.12 23:58:05.142,0.82634,0.82648,3.38,1.88
2012.04.12 23:58:05.213,0.82634,0.82648,3.38,1.88
2012.04.12 23:58:07.594,0.82637,0.8265,1.13,2.25
2012.04.12 23:58:09.710,0.82637,0.82651,1.13,1.88
2012.04.12 23:58:10.031,0.82639,0.82652,1.13,1.50
2012.04.12 23:58:10.588,0.82639,0.82652,1.13,1.50
2012.04.12 23:58:13.214,0.8264,0.82652,1.13,2.25
2012.04.12 23:58:15.355,0.82642,0.82653,1.13,1.50
2012.04.12 23:58:16.932,0.82639,0.82653,1.13,2.63
2012.04.12 23:58:17.484,0.82639,0.82652,1.13,1.50
2012.04.12 23:58:17.557,0.82639,0.82651,1.13,2.25
2012.04.12 23:58:18.188,0.82639,0.82652,1.13,2.63
2012.04.12 23:58:18.270,0.82636,0.82649,1.13,2.25
2012.04.12 23:58:19.725,0.82636,0.82649,1.13,2.25
2012.04.12 23:58:22.952,0.82636,0.82647,1.13,2.25
2012.04.12 23:58:23.521,0.82637,0.82647,1.13,2.25
2012.04.12 23:58:24.082,0.82637,0.82645,1.13,2.25
2012.04.12 23:58:28.202,0.82636,0.82644,1.13,2.25
2012.04.12 23:58:29.174,0.82636,0.82647,1.13,2.25
2012.04.12 23:58:29.494,0.82636,0.82647,1.13,2.25
2012.04.12 23:58:41.408,0.82633,0.82648,1.88,2.25
2012.04.12 23:58:42.282,0.82633,0.82644,1.88,1.50
2012.04.12 23:58:42.814,0.82632,0.82646,2.82,2.25
2012.04.12 23:58:43.785,0.82635,0.82646,1.13,2.25
2012.04.12 23:58:44.287,0.82641,0.82646,1.13,2.25
2012.04.12 23:58:44.442,0.82641,0.82649,1.13,2.25
2012.04.12 23:58:50.651,0.8264,0.82651,1.13,1.13
2012.04.12 23:58:51.456,0.82644,0.82652,1.13,2.25
2012.04.12 23:58:51.664,0.82638,0.82652,1.13,4.13
2012.04.12 23:58:51.747,0.82638,0.82652,1.13,2.63
2012.04.12 23:58:52.266,0.82638,0.82652,1.13,2.63
2012.04.12 23:58:57.816,0.82638,0.82652,1.13,3.38
2012.04.12 23:58:58.366,0.82639,0.82652,1.13,1.13
2012.04.12 23:59:01.531,0.82638,0.82652,1.13,3.00
2012.04.12 23:59:02.090,0.82638,0.82652,1.13,3.00
2012.04.12 23:59:03.786,0.82638,0.82652,1.13,2.63
2012.04.12 23:59:04.538,0.82638,0.82652,1.13,2.63
2012.04.12 23:59:06.076,0.82638,0.82652,1.13,1.50
2012.04.12 23:59:06.443,0.82636,0.82651,3.00,1.88
2012.04.12 23:59:06.798,0.82636,0.82651,2.25,1.88
2012.04.12 23:59:06.880,0.82638,0.82651,1.50,2.25
2012.04.12 23:59:07.495,0.82637,0.82651,1.50,2.25
2012.04.12 23:59:09.235,0.82638,0.82651,1.13,1.13
2012.04.12 23:59:10.068,0.82638,0.82652,1.13,2.25
2012.04.12 23:59:10.571,0.82639,0.82652,1.13,1.13
2012.04.12 23:59:13.238,0.8264,0.82653,1.13,3.00
2012.04.12 23:59:14.519,0.8264,0.82652,1.88,1.50
2012.04.12 23:59:14.597,0.82643,0.82652,1.13,1.50
2012.04.12 23:59:15.108,0.82647,0.82654,1.13,2.25
2012.04.12 23:59:15.194,0.82647,0.82657,1.13,1.33
2012.04.12 23:59:15.339,0.82647,0.82658,1.13,3.57
2012.04.12 23:59:15.493,0.82647,0.82658,1.13,2.07
2012.04.12 23:59:16.120,0.82647,0.82657,1.13,1.50
2012.04.12 23:59:16.206,0.82645,0.82657,1.13,2.44
2012.04.12 23:59:16.570,0.82645,0.82655,1.13,2.25
2012.04.12 23:59:17.142,0.82642,0.82654,1.13,2.25
2012.04.12 23:59:19.735,0.82643,0.82652,1.13,1.88
2012.04.12 23:59:21.018,0.82643,0.82652,1.13,1.88
2012.04.12 23:59:25.348,0.82642,0.82651,1.13,1.13
2012.04.12 23:59:25.498,0.82642,0.82651,1.13,1.13
2012.04.12 23:59:28.037,0.82642,0.82652,1.13,2.63
2012.04.12 23:59:28.891,0.82642,0.82651,1.13,1.13
2012.04.12 23:59:29.413,0.82641,0.82651,1.13,1.13
2012.04.12 23:59:30.452,0.82641,0.8265,1.13,1.13
2012.04.12 23:59:31.028,0.82641,0.8265,1.13,1.13
2012.04.12 23:59:31.419,0.82638,0.8265,1.88,1.13
2012.04.12 23:59:32.096,0.82638,0.8265,1.88,1.13
2012.04.12 23:59:32.681,0.82638,0.8265,1.13,1.13
2012.04.12 23:59:33.225,0.82637,0.8265,1.50,1.13
2012.04.12 23:59:42.547,0.8264,0.8265,1.13,1.13
2012.04.12 23:59:43.144,0.82639,0.82653,1.13,3.00
2012.04.12 23:59:43.648,0.82639,0.82652,1.13,1.13
2012.04.12 23:59:44.179,0.82639,0.82652,2.63,1.13
2012.04.12 23:59:45.594,0.82639,0.82652,2.63,1.88
2012.04.12 23:59:48.642,0.82642,0.82652,1.13,1.88
2012.04.12 23:59:51.649,0.82642,0.82652,1.13,1.13
