2011.02.23 11:00:00.044,0.84588,0.84599,1.77,2.25
2011.02.23 11:00:00.161,0.84588,0.84599,1.77,2.25
2011.02.23 11:00:02.483,0.84588,0.84598,4.02,1.50
2011.02.23 11:00:09.834,0.84588,0.84599,1.77,1.88
2011.02.23 11:00:14.571,0.84588,0.84597,4.02,1.50
2011.02.23 11:00:16.331,0.84588,0.84598,4.02,2.25
2011.02.23 11:00:19.202,0.84588,0.84595,2.25,2.52
2011.02.23 11:00:19.424,0.84583,0.84593,3.75,1.50
2011.02.23 11:00:19.980,0.84583,0.84594,3.75,1.50
2011.02.23 11:00:25.123,0.84581,0.84593,1.77,1.50
2011.02.23 11:00:25.454,0.84585,0.84593,2.25,1.50
2011.02.23 11:00:25.573,0.84582,0.84593,3.75,1.50
2011.02.23 11:00:25.937,0.84576,0.84589,1.86,1.50
2011.02.23 11:00:26.494,0.84577,0.84588,1.60,2.25
2011.02.23 11:00:26.723,0.84579,0.84589,1.88,1.50
2011.02.23 11:00:27.052,0.84582,0.8459,2.25,1.50
2011.02.23 11:00:27.163,0.84577,0.8459,1.60,3.75
2011.02.23 11:00:27.503,0.84579,0.84589,1.50,1.50
2011.02.23 11:00:28.061,0.84578,0.84589,1.50,1.50
2011.02.23 11:00:28.783,0.84576,0.84589,1.60,1.50
2011.02.23 11:00:29.123,0.84577,0.84582,1.60,2.25
2011.02.23 11:00:29.244,0.84577,0.84584,1.60,2.25
2011.02.23 11:00:29.800,0.84577,0.84583,1.50,2.25
2011.02.23 11:00:31.231,0.84576,0.84583,1.50,2.25
2011.02.23 11:00:32.343,0.84576,0.84581,1.50,2.25
2011.02.23 11:00:32.891,0.84575,0.84581,1.50,2.25
2011.02.23 11:00:34.111,0.84575,0.8458,1.50,2.25
2011.02.23 11:00:34.994,0.84575,0.84586,1.50,1.50
2011.02.23 11:00:35.111,0.84575,0.84586,1.50,1.50
2011.02.23 11:00:35.333,0.84571,0.84583,1.86,3.00
2011.02.23 11:00:35.890,0.84571,0.84584,1.86,3.75
2011.02.23 11:00:36.440,0.84571,0.84584,1.86,3.75
2011.02.23 11:00:37.442,0.84571,0.84584,1.86,3.75
2011.02.23 11:00:39.081,0.84571,0.84584,2.23,1.50
2011.02.23 11:00:39.630,0.84571,0.84587,2.40,2.52
2011.02.23 11:00:40.291,0.84571,0.84587,2.02,3.00
2011.02.23 11:00:40.842,0.8457,0.84584,1.86,1.13
2011.02.23 11:00:41.063,0.84569,0.84586,3.90,3.00
2011.02.23 11:00:41.622,0.84569,0.84583,2.98,2.25
2011.02.23 11:00:42.830,0.84569,0.84582,2.98,1.50
2011.02.23 11:00:43.380,0.8457,0.84583,1.86,2.25
2011.02.23 11:00:44.860,0.8457,0.84582,1.86,1.50
2011.02.23 11:00:45.772,0.8457,0.84582,1.86,1.50
2011.02.23 11:00:47.211,0.84571,0.84583,2.23,1.50
2011.02.23 11:00:47.765,0.8457,0.84583,1.86,1.50
2011.02.23 11:00:48.872,0.84568,0.84581,3.43,1.50
2011.02.23 11:00:49.421,0.84568,0.84581,4.18,1.50
2011.02.23 11:00:49.954,0.84568,0.84581,3.43,1.50
2011.02.23 11:00:50.510,0.84568,0.84582,3.43,3.00
2011.02.23 11:00:51.610,0.84568,0.84581,3.43,1.50
2011.02.23 11:00:52.270,0.84568,0.84581,4.18,1.50
2011.02.23 11:00:52.858,0.84568,0.84581,3.43,1.50
2011.02.23 11:00:53.394,0.84568,0.84582,1.93,3.00
2011.02.23 11:00:53.950,0.84569,0.84581,1.50,1.50
2011.02.23 11:00:54.550,0.84568,0.84581,1.93,1.50
2011.02.23 11:01:00.411,0.8457,0.84582,1.02,3.00
2011.02.23 11:01:01.523,0.8457,0.84584,2.89,2.25
2011.02.23 11:01:02.140,0.84569,0.84581,1.39,1.50
2011.02.23 11:01:03.691,0.84568,0.84581,2.77,1.50
2011.02.23 11:01:04.242,0.84568,0.84581,1.77,1.50
2011.02.23 11:01:06.290,0.84568,0.84581,1.67,1.50
2011.02.23 11:01:06.993,0.84568,0.84581,1.50,1.50
2011.02.23 11:01:09.841,0.84568,0.8458,2.25,1.77
2011.02.23 11:01:10.173,0.84569,0.84582,2.25,3.00
2011.02.23 11:01:10.722,0.84568,0.84581,1.77,1.50
2011.02.23 11:01:12.621,0.84568,0.84582,1.77,5.25
2011.02.23 11:01:15.930,0.84568,0.8458,1.77,1.50
2011.02.23 11:01:16.565,0.84568,0.8458,1.77,3.00
2011.02.23 11:01:17.012,0.84568,0.84579,1.77,3.00
2011.02.23 11:01:17.892,0.84568,0.84579,1.77,3.00
2011.02.23 11:01:18.659,0.84568,0.84578,1.77,1.50
2011.02.23 11:01:20.480,0.84568,0.84578,1.77,1.50
2011.02.23 11:01:21.740,0.84568,0.84578,1.77,2.25
2011.02.23 11:01:22.073,0.84568,0.84578,1.77,1.50
2011.02.23 11:01:22.406,0.84568,0.84574,1.50,1.50
2011.02.23 11:01:22.523,0.84561,0.84574,1.39,1.50
2011.02.23 11:01:22.642,0.84561,0.84575,1.39,1.50
2011.02.23 11:01:23.119,0.84562,0.84575,1.02,2.25
2011.02.23 11:01:29.032,0.84562,0.84576,1.02,2.25
2011.02.23 11:01:30.181,0.84561,0.84575,2.89,1.50
2011.02.23 11:01:30.947,0.84563,0.84576,1.02,3.00
2011.02.23 11:01:31.730,0.84561,0.84576,2.68,3.00
2011.02.23 11:01:32.282,0.8456,0.84574,1.77,1.50
2011.02.23 11:01:33.054,0.8456,0.84575,2.31,3.00
2011.02.23 11:01:34.742,0.8456,0.84575,3.17,4.39
2011.02.23 11:01:34.963,0.84559,0.84573,2.42,2.52
2011.02.23 11:01:35.511,0.84558,0.84573,3.43,4.02
2011.02.23 11:01:36.281,0.84558,0.84571,1.02,1.50
2011.02.23 11:01:36.957,0.84557,0.84571,3.81,1.50
2011.02.23 11:01:37.182,0.84557,0.84571,3.06,1.50
2011.02.23 11:01:40.581,0.84557,0.84573,4.18,3.75
2011.02.23 11:01:41.130,0.84557,0.84572,2.68,1.13
2011.02.23 11:01:41.241,0.84557,0.84572,1.93,2.63
2011.02.23 11:01:41.792,0.84559,0.84573,2.52,6.00
2011.02.23 11:01:41.901,0.84559,0.84573,3.27,4.50
2011.02.23 11:01:42.450,0.84558,0.84572,2.68,4.50
2011.02.23 11:01:43.000,0.84558,0.84572,2.68,3.75
2011.02.23 11:01:43.550,0.84558,0.84572,2.68,4.50
2011.02.23 11:01:44.130,0.84558,0.84572,2.68,3.75
2011.02.23 11:01:44.660,0.84558,0.84572,2.68,4.50
2011.02.23 11:01:46.232,0.84558,0.84571,2.68,2.25
2011.02.23 11:01:46.451,0.84558,0.84571,1.77,2.25
2011.02.23 11:01:46.890,0.84558,0.84569,1.77,3.75
2011.02.23 11:01:50.775,0.84558,0.84567,1.77,2.25
2011.02.23 11:01:51.003,0.84558,0.84567,1.77,1.50
2011.02.23 11:01:51.551,0.84558,0.84569,1.77,1.50
2011.02.23 11:01:52.881,0.84556,0.84567,2.25,2.25
2011.02.23 11:01:54.091,0.84555,0.84567,1.02,2.25
2011.02.23 11:01:56.732,0.84554,0.84567,2.25,2.25
2011.02.23 11:01:57.145,0.84552,0.84565,2.52,2.25
2011.02.23 11:01:57.592,0.84554,0.84564,1.77,1.50
2011.02.23 11:01:58.553,0.84552,0.84564,2.52,1.50
2011.02.23 11:02:00.432,0.84552,0.84562,2.25,1.50
2011.02.23 11:02:00.541,0.84551,0.84563,1.77,3.00
2011.02.23 11:02:01.094,0.84551,0.8456,1.02,1.50
2011.02.23 11:02:01.650,0.84551,0.84559,1.02,1.50
2011.02.23 11:02:01.762,0.84551,0.84561,1.02,1.50
2011.02.23 11:02:02.861,0.84551,0.8456,1.02,1.50
2011.02.23 11:02:02.970,0.84551,0.84562,1.02,1.50
2011.02.23 11:02:03.741,0.84551,0.8456,1.02,1.50
2011.02.23 11:02:04.290,0.84551,0.84561,1.02,1.50
2011.02.23 11:02:09.221,0.84548,0.84559,2.89,1.50
2011.02.23 11:02:11.473,0.84547,0.84559,1.60,2.25
2011.02.23 11:02:12.022,0.84545,0.84557,1.67,2.25
2011.02.23 11:02:13.703,0.84548,0.84557,1.77,1.50
2011.02.23 11:02:14.142,0.84549,0.8456,1.50,1.50
2011.02.23 11:02:14.362,0.84549,0.84558,1.88,1.50
2011.02.23 11:02:14.581,0.84548,0.8456,2.52,1.50
2011.02.23 11:02:14.692,0.8455,0.8456,1.02,1.50
2011.02.23 11:02:14.801,0.84548,0.8456,1.77,1.50
2011.02.23 11:02:15.351,0.84548,0.84561,2.52,2.25
2011.02.23 11:02:16.521,0.84548,0.84562,1.77,2.25
2011.02.23 11:02:16.854,0.84548,0.84562,3.27,1.50
2011.02.23 11:02:17.521,0.84549,0.84561,1.18,1.50
2011.02.23 11:02:17.744,0.8455,0.84561,2.14,1.50
2011.02.23 11:02:19.441,0.8455,0.84561,2.14,1.50
2011.02.23 11:02:20.970,0.8455,0.84562,2.14,1.50
2011.02.23 11:02:21.522,0.84548,0.84561,4.93,1.50
2011.02.23 11:02:21.741,0.8455,0.84561,1.02,1.50
2011.02.23 11:02:26.961,0.84548,0.84561,3.43,1.50
2011.02.23 11:02:27.180,0.84548,0.8456,2.68,1.50
2011.02.23 11:02:27.511,0.84548,0.84558,2.52,1.50
2011.02.23 11:02:28.060,0.84548,0.84558,2.52,1.50
2011.02.23 11:02:31.190,0.84548,0.84557,2.52,1.50
2011.02.23 11:02:32.951,0.84548,0.84558,2.52,1.50
2011.02.23 11:02:38.410,0.84548,0.84557,2.52,1.50
2011.02.23 11:02:38.965,0.84548,0.84558,2.52,1.50
2011.02.23 11:02:39.522,0.84549,0.84558,1.02,1.50
2011.02.23 11:02:42.410,0.84548,0.84558,1.02,1.50
2011.02.23 11:02:46.600,0.84548,0.84556,1.02,1.50
2011.02.23 11:02:47.130,0.84548,0.84556,1.02,1.50
2011.02.23 11:02:50.821,0.84548,0.84558,1.02,1.50
2011.02.23 11:02:51.381,0.84548,0.84558,1.02,1.50
2011.02.23 11:02:58.254,0.84548,0.84558,1.18,1.50
2011.02.23 11:02:58.713,0.84552,0.84559,1.50,1.50
2011.02.23 11:02:59.261,0.84549,0.84559,1.77,1.50
2011.02.23 11:02:59.810,0.84549,0.84559,1.02,1.50
2011.02.23 11:03:04.010,0.84549,0.84558,1.02,1.50
2011.02.23 11:03:04.610,0.84549,0.84559,1.02,1.50
2011.02.23 11:03:05.160,0.84549,0.84558,1.02,1.50
2011.02.23 11:03:06.151,0.84548,0.84558,1.93,1.50
2011.02.23 11:03:09.982,0.84548,0.84558,2.52,1.50
2011.02.23 11:03:13.031,0.84548,0.84558,1.77,1.50
2011.02.23 11:03:13.580,0.84548,0.84559,2.52,1.50
2011.02.23 11:03:16.954,0.84548,0.84559,2.52,1.50
2011.02.23 11:03:17.511,0.84548,0.84559,2.52,2.25
2011.02.23 11:03:18.811,0.84548,0.84557,2.52,1.50
2011.02.23 11:03:20.904,0.84548,0.84556,1.77,2.25
2011.02.23 11:03:21.791,0.84548,0.84554,1.77,1.50
2011.02.23 11:03:22.330,0.84548,0.84555,1.77,1.50
2011.02.23 11:03:32.671,0.84547,0.84554,1.77,1.50
2011.02.23 11:03:35.104,0.84548,0.84554,2.52,1.50
2011.02.23 11:03:35.664,0.84548,0.84553,1.02,2.25
2011.02.23 11:03:36.223,0.84547,0.84555,1.50,1.50
2011.02.23 11:03:36.344,0.84543,0.84554,1.50,1.50
2011.02.23 11:03:36.464,0.84544,0.84554,1.02,1.50
2011.02.23 11:03:36.912,0.84543,0.84553,2.25,1.50
2011.02.23 11:03:37.460,0.84542,0.84553,1.02,1.50
2011.02.23 11:03:37.681,0.84543,0.84554,1.13,2.25
2011.02.23 11:03:38.691,0.84544,0.84554,1.02,1.50
2011.02.23 11:03:39.855,0.84543,0.84555,1.39,1.50
2011.02.23 11:03:40.535,0.84545,0.84557,1.02,2.25
2011.02.23 11:03:40.985,0.84545,0.84557,1.11,2.25
2011.02.23 11:03:41.544,0.84544,0.84559,4.65,2.25
2011.02.23 11:03:41.775,0.84545,0.84557,1.27,1.50
2011.02.23 11:03:42.002,0.84547,0.84559,1.27,2.25
2011.02.23 11:03:42.770,0.84547,0.84559,1.27,1.50
2011.02.23 11:03:46.410,0.84547,0.84557,1.27,1.50
2011.02.23 11:03:46.960,0.84545,0.84557,1.67,1.50
2011.02.23 11:03:49.993,0.84543,0.84555,1.67,2.25
2011.02.23 11:03:50.117,0.84542,0.84555,2.42,2.25
2011.02.23 11:03:50.232,0.84547,0.84555,1.02,1.50
2011.02.23 11:03:50.452,0.84547,0.84558,2.52,1.50
2011.02.23 11:03:51.000,0.84546,0.84558,1.18,2.25
2011.02.23 11:03:52.600,0.84545,0.84558,1.67,1.77
2011.02.23 11:03:52.933,0.84543,0.84557,2.68,4.88
2011.02.23 11:03:53.152,0.84546,0.84557,1.50,2.25
2011.02.23 11:03:53.702,0.84546,0.84556,1.50,1.50
2011.02.23 11:03:55.171,0.84543,0.84556,3.17,2.52
2011.02.23 11:03:55.391,0.84543,0.84554,1.67,1.02
2011.02.23 11:03:55.503,0.84541,0.84554,2.42,1.02
2011.02.23 11:03:56.051,0.8454,0.84552,1.67,1.88
2011.02.23 11:03:56.271,0.84539,0.84552,1.67,1.88
2011.02.23 11:03:57.377,0.84539,0.84552,1.67,1.88
2011.02.23 11:03:57.931,0.84539,0.84552,1.67,1.88
2011.02.23 11:03:59.163,0.84538,0.84552,3.43,2.63
2011.02.23 11:03:59.721,0.84538,0.84552,4.93,1.50
2011.02.23 11:04:00.270,0.84538,0.84552,4.93,1.88
2011.02.23 11:04:01.701,0.84538,0.84552,2.68,4.13
2011.02.23 11:04:02.690,0.84538,0.84552,2.68,1.88
2011.02.23 11:04:03.243,0.8454,0.84555,1.18,4.77
2011.02.23 11:04:04.474,0.84542,0.84554,3.43,1.50
2011.02.23 11:04:05.031,0.84542,0.84556,2.68,2.25
2011.02.23 11:04:06.131,0.84542,0.84555,3.43,1.50
2011.02.23 11:04:06.682,0.84542,0.84553,2.42,1.13
2011.02.23 11:04:06.792,0.84541,0.84553,3.17,1.13
2011.02.23 11:04:11.091,0.84538,0.84553,4.01,1.50
2011.02.23 11:04:14.231,0.84539,0.84554,2.42,1.88
2011.02.23 11:04:14.908,0.84541,0.84554,1.67,1.88
2011.02.23 11:04:17.842,0.84542,0.84556,1.67,3.38
2011.02.23 11:04:18.237,0.84542,0.84557,1.67,3.75
2011.02.23 11:04:18.353,0.84544,0.84557,1.67,3.75
2011.02.23 11:04:19.671,0.84545,0.84557,1.67,4.02
2011.02.23 11:04:22.141,0.84545,0.84557,1.67,2.52
2011.02.23 11:04:25.762,0.84545,0.84557,1.67,2.52
2011.02.23 11:04:27.145,0.84542,0.84557,1.67,5.14
2011.02.23 11:04:29.661,0.84542,0.84555,1.67,1.02
2011.02.23 11:04:31.921,0.84542,0.84555,3.92,1.02
2011.02.23 11:04:32.802,0.84542,0.84555,1.67,1.02
2011.02.23 11:04:34.243,0.84543,0.84557,2.42,1.77
2011.02.23 11:04:37.530,0.84542,0.84555,3.17,1.02
2011.02.23 11:04:37.752,0.84542,0.84557,3.92,4.77
2011.02.23 11:04:40.640,0.84542,0.84552,3.92,1.50
2011.02.23 11:04:40.972,0.84541,0.84552,2.42,1.50
2011.02.23 11:04:41.081,0.84541,0.84555,2.42,1.77
2011.02.23 11:04:41.193,0.84542,0.84554,1.67,1.50
2011.02.23 11:04:42.411,0.84542,0.84554,2.42,1.50
2011.02.23 11:04:43.479,0.84541,0.84553,2.42,2.25
2011.02.23 11:04:43.595,0.84541,0.84553,1.67,2.25
2011.02.23 11:04:47.392,0.84541,0.84553,3.17,1.50
2011.02.23 11:04:47.941,0.8454,0.84553,2.42,1.50
2011.02.23 11:04:50.642,0.8454,0.84553,4.18,1.50
2011.02.23 11:04:50.753,0.84541,0.84553,1.29,1.50
2011.02.23 11:04:51.094,0.84543,0.84557,3.17,2.52
2011.02.23 11:04:51.434,0.84543,0.84556,2.42,1.77
2011.02.23 11:04:51.667,0.84544,0.84556,3.17,1.77
2011.02.23 11:04:53.007,0.84545,0.84557,2.57,1.77
2011.02.23 11:04:53.345,0.84546,0.84557,1.67,1.77
2011.02.23 11:04:53.793,0.84545,0.84557,3.17,1.77
2011.02.23 11:04:54.463,0.84545,0.84557,3.17,1.50
2011.02.23 11:04:55.132,0.84546,0.8456,2.42,1.02
2011.02.23 11:04:55.573,0.84544,0.84558,3.17,1.77
2011.02.23 11:04:55.903,0.84546,0.84561,2.42,2.52
2011.02.23 11:04:56.012,0.84548,0.84561,1.50,2.52
2011.02.23 11:04:56.620,0.84546,0.8456,2.42,4.02
2011.02.23 11:04:56.965,0.84544,0.84557,1.18,1.50
2011.02.23 11:04:57.522,0.84545,0.84559,2.68,2.25
2011.02.23 11:04:57.854,0.84545,0.84556,2.42,1.02
2011.02.23 11:04:58.084,0.84541,0.84556,3.92,1.02
2011.02.23 11:04:58.643,0.84542,0.84556,3.17,1.39
2011.02.23 11:04:58.762,0.84542,0.84553,2.42,2.25
2011.02.23 11:04:58.982,0.84541,0.84553,1.50,2.25
2011.02.23 11:04:59.531,0.84542,0.84553,1.50,3.75
2011.02.23 11:05:00.080,0.84541,0.84553,1.50,3.75
2011.02.23 11:05:00.412,0.84543,0.84553,1.50,3.75
2011.02.23 11:05:00.947,0.84543,0.84553,1.67,1.50
2011.02.23 11:05:01.500,0.84543,0.84554,1.67,1.50
2011.02.23 11:05:01.723,0.84543,0.84556,1.67,1.77
2011.02.23 11:05:02.291,0.84543,0.84555,1.67,1.50
2011.02.23 11:05:03.840,0.84543,0.84557,1.67,4.02
2011.02.23 11:05:05.532,0.84543,0.84556,2.42,1.50
2011.02.23 11:05:05.641,0.84544,0.84556,1.67,1.50
2011.02.23 11:05:05.751,0.84544,0.84558,1.67,1.50
2011.02.23 11:05:06.333,0.84544,0.84557,1.67,1.50
2011.02.23 11:05:08.925,0.84544,0.84554,1.67,1.02
2011.02.23 11:05:09.048,0.84544,0.84552,1.50,1.50
2011.02.23 11:05:09.164,0.84544,0.84552,2.52,1.50
2011.02.23 11:05:09.283,0.84548,0.84559,1.77,2.91
2011.02.23 11:05:09.391,0.84548,0.84561,1.77,2.25
2011.02.23 11:05:09.723,0.84545,0.84561,3.43,3.75
2011.02.23 11:05:09.831,0.84545,0.84561,1.67,4.02
2011.02.23 11:05:10.161,0.84545,0.84561,1.67,4.02
2011.02.23 11:05:10.710,0.84545,0.84558,1.67,1.50
2011.02.23 11:05:11.153,0.84546,0.84558,2.25,1.50
2011.02.23 11:05:11.266,0.84548,0.8456,1.50,1.50
2011.02.23 11:05:13.031,0.84548,0.84562,2.25,3.00
2011.02.23 11:05:13.582,0.84546,0.84561,2.42,4.02
2011.02.23 11:05:14.311,0.84545,0.84561,1.67,1.77
2011.02.23 11:05:15.532,0.84547,0.84561,2.42,1.02
2011.02.23 11:05:16.082,0.84546,0.84561,3.17,1.02
2011.02.23 11:05:18.315,0.84548,0.84562,1.18,2.25
2011.02.23 11:05:19.823,0.84548,0.84563,1.18,4.77
2011.02.23 11:05:19.934,0.84547,0.84562,2.42,1.39
2011.02.23 11:05:20.382,0.84548,0.84563,2.68,4.02
2011.02.23 11:05:20.942,0.84548,0.84563,3.43,4.02
2011.02.23 11:05:22.662,0.84548,0.84561,2.42,1.02
2011.02.23 11:05:22.993,0.84548,0.84562,2.42,2.25
2011.02.23 11:05:23.221,0.84548,0.84562,4.67,1.50
2011.02.23 11:05:23.553,0.84548,0.84562,4.67,2.25
2011.02.23 11:05:25.093,0.84548,0.84562,2.42,1.50
2011.02.23 11:05:28.922,0.84548,0.8456,3.92,1.02
2011.02.23 11:05:29.251,0.84547,0.8456,3.17,2.52
2011.02.23 11:05:29.695,0.84546,0.84557,1.67,1.50
2011.02.23 11:05:29.922,0.84543,0.84557,3.17,3.27
2011.02.23 11:05:30.471,0.84542,0.84555,1.67,1.50
2011.02.23 11:05:31.351,0.84542,0.84554,1.67,1.50
2011.02.23 11:05:31.902,0.84542,0.84555,1.67,1.50
2011.02.23 11:05:33.693,0.84541,0.84554,2.42,1.50
2011.02.23 11:05:34.242,0.84541,0.84555,1.67,1.50
2011.02.23 11:05:35.085,0.84542,0.84556,1.67,1.77
2011.02.23 11:05:37.662,0.84541,0.84555,2.42,1.50
2011.02.23 11:05:38.264,0.84542,0.84556,1.67,1.77
2011.02.23 11:05:38.713,0.84542,0.84553,1.67,1.50
2011.02.23 11:05:39.043,0.8454,0.84553,2.42,1.77
2011.02.23 11:05:39.711,0.8454,0.84553,2.42,1.77
2011.02.23 11:05:42.140,0.8454,0.84553,2.42,1.77
2011.02.23 11:05:42.934,0.84541,0.84553,3.17,1.77
2011.02.23 11:05:43.431,0.84543,0.84556,1.56,1.50
2011.02.23 11:05:43.551,0.84544,0.84558,2.42,4.02
2011.02.23 11:05:47.911,0.84543,0.84557,3.17,4.02
2011.02.23 11:05:48.244,0.84541,0.84553,1.67,2.52
2011.02.23 11:05:48.801,0.84539,0.84553,3.17,2.52
2011.02.23 11:05:52.471,0.8454,0.84553,2.79,2.52
2011.02.23 11:05:52.801,0.84541,0.84553,1.67,2.52
2011.02.23 11:05:53.351,0.8454,0.84553,1.67,2.52
2011.02.23 11:05:53.792,0.84539,0.84552,3.17,1.50
2011.02.23 11:05:53.903,0.84539,0.84553,3.17,3.27
2011.02.23 11:05:54.024,0.84538,0.84547,1.50,2.25
2011.02.23 11:05:54.144,0.84537,0.84545,2.25,1.88
2011.02.23 11:05:55.690,0.84535,0.84547,1.67,3.55
2011.02.23 11:05:56.461,0.84535,0.84545,1.67,1.02
2011.02.23 11:05:56.687,0.84533,0.84545,3.11,1.02
2011.02.23 11:05:59.181,0.84535,0.84547,2.52,2.16
2011.02.23 11:05:59.511,0.84536,0.8455,2.25,2.52
2011.02.23 11:05:59.733,0.84536,0.8455,3.75,2.52
2011.02.23 11:06:00.065,0.84538,0.84547,2.25,1.39
2011.02.23 11:06:00.624,0.84533,0.84546,2.95,2.25
2011.02.23 11:06:01.181,0.84534,0.84546,2.95,2.25
2011.02.23 11:06:01.843,0.84534,0.84548,1.50,2.52
2011.02.23 11:06:02.441,0.84535,0.84548,1.02,2.25
2011.02.23 11:06:02.661,0.84535,0.84547,1.02,1.50
2011.02.23 11:06:04.201,0.84534,0.84547,1.50,3.00
2011.02.23 11:06:05.443,0.84533,0.84546,2.20,1.02
2011.02.23 11:06:06.216,0.84534,0.84545,2.20,2.25
2011.02.23 11:06:06.442,0.84533,0.84545,2.20,1.50
2011.02.23 11:06:07.071,0.84533,0.84546,2.20,1.50
2011.02.23 11:06:07.954,0.84533,0.84547,2.20,2.25
2011.02.23 11:06:08.511,0.84533,0.84546,2.20,1.50
2011.02.23 11:06:09.803,0.84533,0.84545,2.20,3.00
2011.02.23 11:06:09.924,0.84534,0.84542,2.20,1.50
2011.02.23 11:06:10.371,0.84528,0.84542,2.52,2.25
2011.02.23 11:06:10.963,0.84528,0.84541,2.52,1.50
2011.02.23 11:06:11.525,0.84528,0.84542,2.52,2.25
2011.02.23 11:06:12.306,0.84528,0.84542,2.52,2.25
2011.02.23 11:06:15.762,0.8453,0.84542,1.02,2.25
2011.02.23 11:06:16.093,0.84529,0.84544,2.63,1.77
2011.02.23 11:06:16.313,0.84528,0.84542,2.42,1.50
2011.02.23 11:06:16.531,0.84528,0.84542,2.42,2.25
2011.02.23 11:06:18.287,0.84528,0.84542,2.42,2.25
2011.02.23 11:06:28.792,0.84528,0.84542,2.52,2.25
2011.02.23 11:06:29.234,0.8453,0.84542,1.02,2.25
2011.02.23 11:06:29.585,0.84535,0.84547,1.18,1.50
2011.02.23 11:06:29.707,0.84537,0.84549,1.93,4.50
2011.02.23 11:06:29.825,0.84538,0.84552,2.42,5.25
2011.02.23 11:06:29.944,0.84538,0.84552,3.17,3.00
2011.02.23 11:06:30.286,0.84539,0.84553,1.67,3.93
2011.02.23 11:06:31.970,0.8454,0.84553,1.67,2.43
2011.02.23 11:06:32.852,0.8454,0.84553,1.67,2.43
2011.02.23 11:06:34.840,0.8454,0.84552,1.67,2.16
2011.02.23 11:06:35.391,0.84539,0.84552,1.67,2.16
2011.02.23 11:06:36.662,0.84539,0.84551,1.67,1.50
2011.02.23 11:06:45.444,0.84538,0.84552,1.93,2.16
2011.02.23 11:06:45.672,0.84538,0.8455,1.93,1.50
2011.02.23 11:06:46.221,0.84538,0.84551,1.93,1.50
2011.02.23 11:06:47.342,0.84538,0.8455,1.93,1.50
2011.02.23 11:06:47.453,0.84538,0.8455,1.18,1.50
2011.02.23 11:06:47.893,0.84538,0.8455,1.02,3.75
2011.02.23 11:06:48.003,0.84533,0.84547,1.67,2.14
2011.02.23 11:06:48.992,0.84534,0.84549,1.67,1.77
2011.02.23 11:06:49.761,0.84535,0.84549,1.93,3.75
2011.02.23 11:06:49.982,0.84535,0.84549,1.93,3.75
2011.02.23 11:06:50.543,0.84535,0.84549,1.18,1.50
2011.02.23 11:06:51.101,0.84537,0.8455,1.67,3.27
2011.02.23 11:06:51.432,0.84537,0.8455,1.67,3.27
2011.02.23 11:06:53.204,0.84537,0.8455,1.67,3.27
2011.02.23 11:06:53.542,0.84535,0.8455,2.68,3.27
2011.02.23 11:06:53.763,0.84536,0.84549,2.42,3.64
2011.02.23 11:06:54.311,0.84535,0.84548,3.17,3.00
2011.02.23 11:06:57.921,0.84534,0.84548,1.67,3.00
2011.02.23 11:06:58.567,0.84534,0.84548,1.67,3.00
2011.02.23 11:07:00.961,0.84534,0.84548,1.67,4.50
2011.02.23 11:07:01.511,0.84533,0.84548,3.17,4.50
2011.02.23 11:07:01.951,0.84533,0.84547,3.17,1.02
2011.02.23 11:07:02.172,0.84532,0.84547,4.67,2.89
2011.02.23 11:07:03.520,0.84532,0.84547,3.17,2.14
2011.02.23 11:07:04.631,0.84532,0.84547,3.92,3.64
2011.02.23 11:07:05.180,0.84532,0.84547,3.92,2.89
2011.02.23 11:07:05.730,0.84532,0.84547,4.67,3.64
2011.02.23 11:07:08.682,0.84535,0.84547,1.18,1.50
2011.02.23 11:07:08.903,0.84535,0.84547,1.18,1.50
2011.02.23 11:07:11.983,0.84532,0.84547,3.17,4.39
2011.02.23 11:07:12.092,0.84532,0.84547,3.17,4.39
2011.02.23 11:07:12.811,0.84532,0.84547,3.17,2.14
2011.02.23 11:07:13.362,0.84534,0.84547,1.67,1.50
2011.02.23 11:07:15.233,0.84532,0.84547,3.43,1.50
2011.02.23 11:07:16.682,0.84532,0.84548,4.93,4.50
2011.02.23 11:07:17.464,0.84532,0.84547,4.93,1.13
2011.02.23 11:07:17.804,0.84532,0.84545,3.92,1.50
2011.02.23 11:07:18.143,0.84527,0.84539,2.25,1.50
2011.02.23 11:07:18.365,0.84527,0.8454,3.27,3.00
2011.02.23 11:07:18.484,0.84528,0.8454,1.02,2.25
2011.02.23 11:07:18.712,0.84528,0.8454,1.02,2.25
2011.02.23 11:07:19.371,0.84528,0.84542,2.68,1.50
2011.02.23 11:07:19.591,0.84529,0.84543,2.42,4.02
2011.02.23 11:07:19.701,0.84529,0.84543,2.42,3.27
2011.02.23 11:07:20.905,0.84528,0.84543,2.52,5.52
2011.02.23 11:07:21.244,0.84528,0.84541,1.02,2.25
2011.02.23 11:07:24.222,0.84528,0.84542,1.02,3.00
2011.02.23 11:07:25.082,0.84528,0.84542,1.02,3.00
2011.02.23 11:07:25.889,0.84528,0.84543,2.52,7.02
2011.02.23 11:07:26.125,0.84528,0.84542,1.02,1.50
2011.02.23 11:07:27.341,0.84528,0.84542,2.89,1.50
2011.02.23 11:07:29.461,0.84528,0.84542,2.89,1.50
2011.02.23 11:07:30.011,0.84528,0.84542,1.39,1.50
2011.02.23 11:07:30.572,0.84528,0.84542,1.39,1.50
2011.02.23 11:07:32.563,0.84528,0.84543,1.39,4.02
2011.02.23 11:07:33.015,0.84528,0.84543,1.39,4.02
2011.02.23 11:07:33.573,0.84528,0.84543,1.56,4.02
2011.02.23 11:07:34.130,0.84528,0.84543,2.31,4.02
2011.02.23 11:07:35.221,0.84528,0.84543,2.31,4.77
2011.02.23 11:07:35.810,0.84528,0.84543,2.31,4.02
2011.02.23 11:07:36.361,0.84528,0.84543,3.81,4.02
2011.02.23 11:07:38.850,0.84528,0.84543,3.81,3.27
2011.02.23 11:07:40.071,0.84529,0.84543,2.42,3.27
2011.02.23 11:07:40.625,0.84531,0.84543,2.42,1.50
2011.02.23 11:07:40.963,0.84531,0.84546,4.67,1.02
2011.02.23 11:07:41.181,0.84531,0.84542,3.17,1.50
2011.02.23 11:07:42.543,0.84531,0.84542,2.42,1.50
2011.02.23 11:07:42.873,0.84532,0.84542,2.42,1.50
2011.02.23 11:07:43.644,0.8453,0.84542,2.42,1.50
2011.02.23 11:07:51.373,0.8453,0.84542,2.42,1.50
2011.02.23 11:07:51.922,0.8453,0.84542,2.25,1.50
2011.02.23 11:07:52.471,0.8453,0.84542,2.25,1.50
2011.02.23 11:07:53.031,0.84528,0.84542,4.67,1.50
2011.02.23 11:07:53.252,0.84528,0.84542,4.67,1.50
2011.02.23 11:07:53.800,0.84529,0.84542,2.42,1.50
2011.02.23 11:07:59.117,0.84529,0.84542,2.25,2.25
2011.02.23 11:07:59.672,0.84529,0.84542,2.25,2.25
2011.02.23 11:08:00.221,0.84529,0.84542,2.25,2.25
2011.02.23 11:08:12.251,0.84528,0.84542,3.92,2.25
2011.02.23 11:08:17.181,0.84528,0.84542,2.42,2.25
2011.02.23 11:08:17.731,0.84528,0.84542,2.25,3.00
2011.02.23 11:08:26.683,0.84529,0.84542,1.67,1.50
2011.02.23 11:08:27.233,0.8453,0.84542,2.79,1.50
2011.02.23 11:08:27.728,0.84531,0.84542,1.67,1.50
2011.02.23 11:08:28.287,0.84531,0.84542,2.42,1.50
2011.02.23 11:08:28.842,0.84529,0.84542,1.67,1.50
2011.02.23 11:08:29.392,0.8453,0.84542,2.42,1.50
2011.02.23 11:08:34.453,0.8453,0.84542,3.17,1.50
2011.02.23 11:08:35.556,0.84532,0.84542,2.04,1.50
2011.02.23 11:08:36.332,0.8453,0.84542,3.17,1.50
2011.02.23 11:08:36.881,0.8453,0.84542,3.17,1.50
2011.02.23 11:08:39.232,0.8453,0.84542,1.67,1.50
2011.02.23 11:08:39.793,0.8453,0.84542,1.67,1.50
2011.02.23 11:08:40.340,0.84531,0.84542,2.42,1.50
2011.02.23 11:08:41.240,0.84531,0.84542,2.42,1.50
2011.02.23 11:08:41.845,0.8453,0.84542,1.67,1.50
2011.02.23 11:08:45.731,0.84529,0.84543,3.17,2.43
2011.02.23 11:08:47.773,0.84529,0.8454,1.67,1.02
2011.02.23 11:08:48.004,0.84527,0.84541,1.67,1.77
2011.02.23 11:08:48.475,0.84527,0.8454,3.17,1.50
2011.02.23 11:08:48.702,0.84527,0.8454,3.17,1.50
2011.02.23 11:08:51.683,0.84527,0.84542,4.93,3.00
2011.02.23 11:08:51.902,0.84527,0.84542,4.93,3.00
2011.02.23 11:08:53.224,0.84528,0.84543,3.17,3.00
2011.02.23 11:08:55.602,0.84528,0.84534,2.42,1.02
2011.02.23 11:08:55.713,0.84527,0.84534,1.67,1.02
2011.02.23 11:08:56.043,0.84525,0.84539,3.17,1.50
2011.02.23 11:08:56.364,0.84528,0.84542,2.68,1.50
2011.02.23 11:08:56.480,0.84528,0.84543,2.68,4.02
2011.02.23 11:08:56.811,0.84528,0.8454,2.42,1.02
2011.02.23 11:08:57.032,0.84528,0.8454,2.42,1.02
2011.02.23 11:08:58.351,0.84526,0.84535,2.42,1.02
2011.02.23 11:08:58.572,0.84524,0.84533,2.63,1.77
2011.02.23 11:09:00.393,0.84524,0.84533,2.63,1.77
2011.02.23 11:09:00.610,0.84525,0.84537,2.42,4.02
2011.02.23 11:09:00.724,0.84525,0.84537,3.17,3.00
2011.02.23 11:09:01.281,0.84525,0.84538,3.92,1.50
2011.02.23 11:09:01.832,0.84525,0.8454,3.17,2.89
2011.02.23 11:09:02.052,0.84525,0.84539,3.17,3.27
2011.02.23 11:09:02.610,0.84525,0.84537,2.25,1.50
2011.02.23 11:09:05.250,0.84525,0.84537,2.25,1.77
2011.02.23 11:09:13.816,0.84525,0.84537,2.25,1.50
2011.02.23 11:09:14.371,0.84525,0.8454,2.42,3.27
2011.02.23 11:09:16.431,0.84525,0.8454,2.42,3.27
2011.02.23 11:09:18.412,0.84527,0.84534,2.79,1.02
2011.02.23 11:09:18.633,0.84526,0.84538,1.50,3.18
2011.02.23 11:09:18.934,0.84527,0.84538,3.17,2.52
2011.02.23 11:09:19.491,0.84526,0.84537,1.67,1.77
2011.02.23 11:09:20.633,0.84526,0.84537,2.42,1.77
2011.02.23 11:09:21.182,0.84526,0.84535,2.25,1.02
2011.02.23 11:09:21.408,0.84524,0.84533,1.67,1.50
2011.02.23 11:09:21.636,0.84523,0.84536,2.25,1.02
2011.02.23 11:09:21.754,0.84523,0.84537,2.42,1.77
2011.02.23 11:09:25.243,0.84524,0.84533,2.42,1.50
2011.02.23 11:09:25.790,0.84524,0.84533,1.50,1.50
2011.02.23 11:09:27.512,0.84523,0.84533,1.50,1.50
2011.02.23 11:09:28.101,0.84523,0.84533,2.25,1.50
2011.02.23 11:09:28.611,0.84523,0.84533,1.50,1.50
2011.02.23 11:09:29.602,0.84523,0.84531,2.25,1.02
2011.02.23 11:09:30.151,0.84523,0.84531,2.25,1.02
2011.02.23 11:09:32.212,0.84523,0.84533,2.25,1.50
2011.02.23 11:09:32.743,0.84523,0.84533,1.50,1.50
2011.02.23 11:09:35.078,0.84521,0.84533,1.50,2.25
2011.02.23 11:09:35.200,0.84521,0.84533,1.50,4.02
2011.02.23 11:09:35.313,0.84521,0.84533,2.25,2.52
2011.02.23 11:09:38.192,0.84522,0.84533,1.50,1.77
2011.02.23 11:09:38.712,0.8452,0.84533,2.42,1.77
2011.02.23 11:09:39.263,0.8452,0.84533,2.42,2.52
2011.02.23 11:09:39.597,0.8452,0.84533,2.42,1.50
2011.02.23 11:09:40.591,0.84522,0.84533,2.42,1.50
2011.02.23 11:09:42.914,0.84522,0.84534,3.75,2.52
2011.02.23 11:09:43.364,0.84522,0.84536,1.67,1.02
2011.02.23 11:09:43.482,0.84523,0.84537,1.67,1.77
2011.02.23 11:09:44.583,0.84523,0.84537,1.67,1.77
2011.02.23 11:09:47.143,0.84524,0.84537,1.67,1.77
2011.02.23 11:09:47.691,0.84523,0.84537,3.17,1.77
2011.02.23 11:09:48.242,0.84524,0.84537,1.67,1.77
2011.02.23 11:09:48.572,0.84525,0.84537,2.25,1.77
2011.02.23 11:09:49.182,0.84524,0.84537,2.42,1.77
2011.02.23 11:09:49.729,0.84522,0.84537,1.29,2.52
2011.02.23 11:09:50.077,0.84525,0.84537,2.42,1.77
2011.02.23 11:09:50.416,0.84525,0.84537,2.42,1.77
2011.02.23 11:09:52.291,0.84524,0.84537,2.25,2.14
2011.02.23 11:09:52.841,0.84524,0.84537,2.25,3.64
2011.02.23 11:09:57.061,0.84523,0.84537,2.25,2.52
2011.02.23 11:09:57.725,0.8452,0.84535,3.17,5.14
2011.02.23 11:09:58.611,0.84519,0.84535,2.42,2.14
2011.02.23 11:09:59.162,0.84519,0.84535,2.42,2.14
2011.02.23 11:09:59.603,0.84519,0.84535,2.42,2.14
2011.02.23 11:10:00.979,0.84519,0.84533,2.63,1.50
2011.02.23 11:10:01.204,0.8452,0.84535,2.25,3.64
2011.02.23 11:10:02.824,0.84522,0.84536,1.67,1.77
2011.02.23 11:10:03.692,0.84522,0.84536,1.67,1.77
2011.02.23 11:10:04.464,0.84522,0.84537,3.54,4.02
2011.02.23 11:10:04.692,0.84522,0.84537,3.63,4.02
2011.02.23 11:10:04.802,0.84524,0.84537,1.67,4.02
2011.02.23 11:10:05.352,0.84524,0.84537,1.67,1.77
2011.02.23 11:10:05.900,0.84524,0.84537,1.67,1.77
2011.02.23 11:10:07.261,0.84526,0.84537,1.67,1.77
2011.02.23 11:10:07.484,0.84524,0.84537,2.42,1.77
2011.02.23 11:10:07.603,0.84523,0.84537,3.54,1.77
2011.02.23 11:10:08.922,0.84523,0.84536,2.42,1.77
2011.02.23 11:10:09.033,0.84522,0.84533,1.67,1.50
2011.02.23 11:10:09.473,0.84519,0.84533,3.17,2.52
2011.02.23 11:10:11.702,0.8452,0.84532,3.17,1.50
2011.02.23 11:10:12.251,0.8452,0.84533,3.17,1.77
2011.02.23 11:10:14.494,0.8452,0.84533,3.17,3.27
2011.02.23 11:10:15.423,0.8452,0.84532,3.17,1.50
2011.02.23 11:10:16.193,0.8452,0.84532,1.67,1.77
2011.02.23 11:10:16.413,0.8452,0.84533,2.42,1.50
2011.02.23 11:10:16.961,0.84519,0.84532,2.42,1.50
2011.02.23 11:10:20.292,0.8452,0.84532,1.67,1.50
2011.02.23 11:10:20.870,0.84519,0.84532,2.42,1.50
2011.02.23 11:10:24.601,0.84521,0.84532,2.25,1.50
2011.02.23 11:10:26.746,0.8452,0.84532,2.42,1.50
2011.02.23 11:10:28.845,0.84519,0.84532,2.25,2.52
2011.02.23 11:10:28.963,0.84519,0.84532,2.25,1.50
2011.02.23 11:10:29.072,0.84519,0.84533,2.25,2.52
2011.02.23 11:10:29.403,0.84518,0.84527,1.50,1.77
2011.02.23 11:10:29.514,0.84519,0.8453,1.50,1.02
2011.02.23 11:10:29.741,0.8452,0.84532,2.25,3.93
2011.02.23 11:10:31.724,0.84519,0.84527,1.29,1.02
2011.02.23 11:10:31.843,0.84518,0.84527,1.88,1.02
2011.02.23 11:10:32.063,0.84519,0.8453,2.42,1.50
2011.02.23 11:10:32.172,0.8452,0.84533,2.42,2.91
2011.02.23 11:10:32.721,0.8452,0.84532,2.25,2.25
2011.02.23 11:10:36.473,0.8452,0.84533,2.25,1.50
2011.02.23 11:10:37.021,0.8452,0.84533,2.25,1.50
2011.02.23 11:10:39.488,0.8452,0.84533,2.25,1.50
2011.02.23 11:10:56.652,0.84522,0.84533,2.25,1.50
2011.02.23 11:10:59.264,0.84522,0.84533,2.25,1.50
2011.02.23 11:10:59.864,0.84526,0.8454,2.25,3.00
2011.02.23 11:10:59.990,0.84523,0.84536,1.67,1.02
2011.02.23 11:11:00.544,0.84522,0.84537,2.42,2.52
2011.02.23 11:11:00.884,0.84522,0.84536,2.25,1.02
2011.02.23 11:11:01.222,0.84521,0.84536,2.25,1.02
2011.02.23 11:11:02.163,0.84521,0.84537,2.25,5.14
2011.02.23 11:11:04.534,0.84521,0.84535,2.42,1.13
2011.02.23 11:11:05.278,0.84522,0.84537,2.42,5.52
2011.02.23 11:11:05.724,0.84521,0.84535,3.17,1.13
2011.02.23 11:11:06.165,0.84519,0.84532,1.02,1.50
2011.02.23 11:11:06.284,0.84519,0.84532,1.02,1.50
2011.02.23 11:11:06.890,0.84519,0.8453,1.02,1.50
2011.02.23 11:11:07.114,0.84519,0.84532,1.02,3.00
2011.02.23 11:11:08.511,0.84519,0.84532,1.02,3.00
2011.02.23 11:11:08.733,0.84519,0.84533,1.02,3.00
2011.02.23 11:11:09.171,0.84519,0.84534,2.52,1.50
2011.02.23 11:11:09.612,0.84519,0.84535,2.68,3.00
2011.02.23 11:11:09.942,0.84519,0.84534,1.18,2.25
2011.02.23 11:11:10.531,0.84519,0.84532,1.18,1.50
2011.02.23 11:11:11.191,0.84518,0.84532,1.18,1.88
2011.02.23 11:11:11.741,0.84519,0.84532,1.18,1.88
2011.02.23 11:11:12.061,0.84518,0.84532,2.42,2.14
2011.02.23 11:11:12.611,0.84517,0.84531,3.92,1.02
2011.02.23 11:11:13.443,0.84518,0.84532,1.18,1.50
2011.02.23 11:11:13.992,0.84518,0.84532,1.18,1.50
2011.02.23 11:11:14.652,0.84517,0.84531,3.92,1.77
2011.02.23 11:11:16.026,0.8452,0.84533,1.18,2.25
2011.02.23 11:11:16.142,0.8452,0.84536,1.18,6.27
2011.02.23 11:11:16.691,0.84521,0.84536,3.17,2.52
2011.02.23 11:11:19.114,0.84524,0.84537,1.67,2.16
2011.02.23 11:11:19.334,0.84525,0.84537,2.42,2.16
2011.02.23 11:11:19.908,0.84524,0.84537,3.17,2.43
2011.02.23 11:11:21.331,0.84525,0.84537,2.42,2.43
2011.02.23 11:11:21.666,0.84525,0.84538,2.42,1.68
2011.02.23 11:11:21.894,0.84525,0.84537,3.17,2.43
2011.02.23 11:11:22.453,0.84525,0.84537,3.92,1.50
2011.02.23 11:11:22.781,0.84525,0.8454,3.92,1.77
2011.02.23 11:11:23.294,0.84525,0.84538,3.17,1.02
2011.02.23 11:11:23.516,0.84523,0.84538,2.61,2.14
2011.02.23 11:11:23.637,0.84523,0.84538,2.35,2.14
2011.02.23 11:11:24.082,0.84522,0.84536,2.42,4.77
2011.02.23 11:11:24.303,0.8452,0.84532,2.25,2.80
2011.02.23 11:11:24.524,0.84521,0.84532,2.68,2.25
2011.02.23 11:11:24.642,0.84521,0.84535,3.43,1.50
2011.02.23 11:11:25.191,0.84521,0.84535,3.43,1.50
2011.02.23 11:11:25.414,0.84523,0.84535,2.42,1.50
2011.02.23 11:11:25.742,0.84525,0.84538,1.02,2.91
2011.02.23 11:11:26.075,0.84525,0.8454,2.68,2.54
2011.02.23 11:11:26.305,0.84525,0.8454,2.68,2.25
2011.02.23 11:11:26.862,0.84525,0.84542,2.68,6.27
2011.02.23 11:11:26.974,0.84525,0.84542,2.68,5.52
2011.02.23 11:11:28.644,0.84527,0.84539,1.67,2.25
2011.02.23 11:11:28.862,0.84526,0.84538,1.50,1.41
2011.02.23 11:11:29.182,0.84525,0.84539,1.02,1.04
2011.02.23 11:11:29.744,0.84525,0.84539,3.43,1.50
2011.02.23 11:11:31.702,0.84527,0.84541,1.67,3.00
2011.02.23 11:11:32.254,0.84527,0.84541,1.67,1.50
2011.02.23 11:11:32.812,0.84527,0.84542,1.67,1.77
2011.02.23 11:11:33.362,0.84528,0.84541,1.67,2.25
2011.02.23 11:11:35.003,0.84528,0.84542,1.67,3.27
2011.02.23 11:11:37.084,0.84528,0.84542,1.67,1.77
2011.02.23 11:11:38.232,0.84528,0.84542,3.17,1.77
2011.02.23 11:11:39.113,0.84527,0.84542,1.67,3.64
2011.02.23 11:11:43.873,0.84527,0.84541,1.67,5.25
2011.02.23 11:11:44.201,0.84526,0.84537,2.25,3.64
2011.02.23 11:11:44.311,0.84526,0.84536,1.50,1.02
2011.02.23 11:11:44.533,0.84527,0.8454,1.67,1.50
2011.02.23 11:11:45.081,0.84527,0.84541,1.67,1.50
2011.02.23 11:11:46.664,0.84527,0.84542,1.67,4.02
2011.02.23 11:11:47.221,0.84528,0.84542,3.17,4.02
2011.02.23 11:11:49.548,0.84529,0.84542,1.67,1.50
2011.02.23 11:11:50.104,0.84532,0.84543,1.67,1.77
2011.02.23 11:11:50.333,0.84532,0.84542,1.50,3.18
2011.02.23 11:11:50.552,0.8453,0.84542,2.42,3.18
2011.02.23 11:11:50.662,0.8453,0.84542,2.42,3.18
2011.02.23 11:11:51.981,0.8453,0.84544,4.26,1.50
2011.02.23 11:11:52.983,0.84531,0.84545,2.49,1.02
2011.02.23 11:12:04.083,0.8453,0.84542,3.51,1.50
2011.02.23 11:12:04.193,0.8453,0.84544,2.68,3.75
2011.02.23 11:12:04.308,0.84529,0.84542,2.42,5.52
2011.02.23 11:12:04.919,0.84525,0.84537,1.02,1.13
2011.02.23 11:12:05.036,0.84523,0.84535,2.52,1.50
2011.02.23 11:12:05.266,0.84522,0.84534,2.35,1.50
2011.02.23 11:12:05.824,0.84521,0.84534,2.25,1.50
2011.02.23 11:12:05.934,0.84521,0.84534,2.25,1.50
2011.02.23 11:12:06.265,0.8452,0.84532,2.52,1.50
2011.02.23 11:12:06.494,0.84521,0.84534,2.25,1.50
2011.02.23 11:12:06.826,0.84523,0.84535,2.25,1.77
2011.02.23 11:12:07.491,0.84521,0.84535,2.25,1.77
2011.02.23 11:12:07.936,0.8452,0.84535,2.52,1.77
2011.02.23 11:12:08.679,0.8452,0.84534,1.02,2.25
2011.02.23 11:12:09.236,0.8452,0.84532,1.02,1.50
2011.02.23 11:12:09.464,0.84522,0.84535,1.50,1.02
2011.02.23 11:12:09.695,0.84522,0.84536,2.14,1.50
2011.02.23 11:12:10.036,0.84525,0.8454,2.68,3.75
2011.02.23 11:12:10.593,0.84525,0.84541,4.18,2.25
2011.02.23 11:12:11.142,0.84526,0.84542,3.17,5.14
2011.02.23 11:12:11.693,0.84527,0.84542,1.67,4.39
2011.02.23 11:12:13.536,0.84529,0.84542,1.67,2.52
2011.02.23 11:12:14.093,0.84529,0.84542,1.50,2.52
2011.02.23 11:12:14.643,0.84528,0.84542,2.42,2.52
2011.02.23 11:12:15.191,0.84529,0.84542,1.50,2.52
2011.02.23 11:12:16.291,0.84529,0.84542,1.50,2.52
2011.02.23 11:12:16.794,0.84529,0.84542,1.50,1.77
2011.02.23 11:12:18.681,0.84528,0.84542,2.42,2.52
2011.02.23 11:12:19.232,0.84527,0.84542,3.17,4.02
2011.02.23 11:12:19.782,0.84527,0.84542,2.42,2.52
2011.02.23 11:12:21.781,0.84526,0.84542,3.17,2.52
2011.02.23 11:12:22.334,0.84528,0.84542,2.42,1.02
2011.02.23 11:12:22.555,0.84529,0.84543,1.50,5.89
2011.02.23 11:12:23.112,0.84527,0.84543,2.42,5.89
2011.02.23 11:12:24.212,0.84528,0.84542,2.42,1.02
2011.02.23 11:12:24.876,0.84527,0.84542,2.42,2.52
2011.02.23 11:12:25.371,0.84525,0.8454,2.68,1.13
2011.02.23 11:12:25.922,0.84525,0.84539,1.67,1.02
2011.02.23 11:12:26.471,0.84525,0.84539,1.50,1.77
2011.02.23 11:12:26.913,0.84525,0.84539,2.42,1.02
2011.02.23 11:12:28.131,0.84528,0.84542,1.67,1.77
2011.02.23 11:12:28.795,0.84528,0.84541,2.42,1.02
2011.02.23 11:12:29.352,0.84527,0.8454,2.25,1.02
2011.02.23 11:12:30.665,0.84526,0.8454,2.42,3.27
2011.02.23 11:12:31.118,0.84527,0.8454,2.42,1.02
2011.02.23 11:12:31.682,0.84527,0.84542,2.42,2.52
2011.02.23 11:12:34.153,0.84526,0.84539,2.79,1.50
2011.02.23 11:12:34.486,0.84525,0.8454,2.68,4.02
2011.02.23 11:12:35.043,0.84525,0.8454,2.68,4.02
2011.02.23 11:12:35.592,0.84525,0.8454,2.42,4.02
2011.02.23 11:12:35.924,0.84522,0.84536,2.02,1.50
2011.02.23 11:12:36.365,0.84521,0.84534,1.02,1.50
2011.02.23 11:12:37.364,0.84518,0.84531,2.52,1.50
2011.02.23 11:12:37.841,0.84519,0.84532,1.02,1.50
2011.02.23 11:12:38.172,0.84519,0.84532,1.02,1.50
2011.02.23 11:12:40.282,0.84518,0.84533,1.77,2.25
2011.02.23 11:12:40.946,0.8452,0.84534,1.50,1.50
2011.02.23 11:12:41.174,0.84522,0.84535,1.67,1.50
2011.02.23 11:12:41.723,0.84522,0.84537,1.67,2.25
2011.02.23 11:12:42.137,0.84521,0.84537,1.18,2.25
2011.02.23 11:12:42.482,0.84523,0.84538,3.17,4.02
2011.02.23 11:12:43.474,0.84522,0.84538,3.17,3.27
2011.02.23 11:12:44.024,0.84522,0.84538,3.17,1.02
2011.02.23 11:12:44.718,0.84523,0.84538,1.67,1.02
2011.02.23 11:12:45.275,0.84524,0.84538,3.92,1.02
2011.02.23 11:12:45.723,0.84525,0.8454,5.68,1.02
2011.02.23 11:12:46.276,0.84525,0.8454,1.18,1.02
2011.02.23 11:12:46.393,0.84524,0.84539,5.42,1.77
2011.02.23 11:12:46.940,0.84524,0.84539,1.93,1.50
2011.02.23 11:12:47.493,0.84524,0.8454,4.18,1.50
2011.02.23 11:12:48.679,0.84526,0.84541,2.42,3.27
2011.02.23 11:12:48.907,0.84527,0.84541,3.17,1.02
2011.02.23 11:12:49.903,0.84527,0.84541,3.17,1.77
2011.02.23 11:12:50.452,0.84523,0.84537,2.42,1.50
2011.02.23 11:12:50.677,0.84521,0.84537,2.68,1.50
2011.02.23 11:12:51.013,0.84523,0.84537,2.25,1.50
2011.02.23 11:12:51.579,0.84521,0.84537,4.18,2.25
2011.02.23 11:12:51.696,0.84521,0.84536,3.27,1.50
2011.02.23 11:12:52.123,0.84523,0.84539,2.42,2.52
2011.02.23 11:12:52.236,0.84523,0.84538,2.42,1.02
2011.02.23 11:12:52.684,0.84523,0.84539,3.17,1.77
2011.02.23 11:12:53.566,0.84523,0.84539,3.17,1.77
2011.02.23 11:12:53.905,0.84521,0.84534,2.42,1.02
2011.02.23 11:12:55.033,0.84522,0.84536,2.42,1.02
2011.02.23 11:12:56.427,0.84523,0.84538,2.42,4.02
2011.02.23 11:12:57.422,0.84522,0.84537,3.43,1.02
2011.02.23 11:12:58.193,0.84523,0.84537,2.42,2.52
2011.02.23 11:12:58.522,0.84523,0.84537,2.42,1.02
2011.02.23 11:12:59.121,0.84523,0.84538,3.17,1.02
2011.02.23 11:13:00.443,0.84523,0.84537,2.25,1.77
2011.02.23 11:13:00.664,0.84523,0.84535,1.50,2.25
2011.02.23 11:13:01.105,0.84523,0.84537,1.50,1.77
2011.02.23 11:13:01.661,0.84524,0.84537,2.25,1.77
2011.02.23 11:13:02.518,0.84523,0.84537,1.67,1.02
2011.02.23 11:13:02.638,0.84523,0.84537,1.67,1.02
2011.02.23 11:13:03.084,0.84522,0.84537,3.43,1.02
2011.02.23 11:13:03.644,0.84523,0.84537,2.25,1.02
2011.02.23 11:13:03.975,0.84519,0.84534,1.93,1.50
2011.02.23 11:13:04.532,0.84521,0.84534,1.67,1.02
2011.02.23 11:13:05.195,0.84521,0.84534,1.67,1.02
2011.02.23 11:13:05.532,0.84523,0.84534,1.50,1.02
2011.02.23 11:13:05.861,0.84523,0.84538,1.67,2.52
2011.02.23 11:13:06.411,0.84523,0.84538,3.17,1.02
2011.02.23 11:13:08.271,0.84523,0.84538,3.92,1.02
2011.02.23 11:13:08.381,0.84523,0.84538,3.92,1.02
2011.02.23 11:13:08.712,0.84523,0.84538,3.92,1.02
2011.02.23 11:13:10.253,0.84523,0.84538,3.92,1.02
2011.02.23 11:13:10.473,0.84524,0.84538,2.42,1.02
2011.02.23 11:13:10.692,0.84524,0.84538,2.42,1.02
2011.02.23 11:13:11.023,0.84525,0.84538,1.67,1.02
2011.02.23 11:13:11.354,0.84523,0.84537,5.42,1.50
2011.02.23 11:13:11.573,0.84523,0.84538,3.92,1.02
2011.02.23 11:13:12.123,0.84523,0.84538,2.42,2.52
2011.02.23 11:13:12.233,0.84521,0.84538,3.43,2.52
2011.02.23 11:13:12.343,0.84521,0.84538,3.43,2.52
2011.02.23 11:13:12.453,0.84521,0.84538,3.43,2.52
2011.02.23 11:13:12.673,0.84524,0.84539,1.67,1.77
2011.02.23 11:13:13.221,0.84524,0.84539,3.17,3.27
2011.02.23 11:13:13.772,0.84524,0.84539,2.42,4.02
2011.02.23 11:13:14.337,0.84523,0.84538,2.42,1.77
2011.02.23 11:13:14.892,0.84523,0.84538,2.42,2.52
2011.02.23 11:13:17.645,0.84524,0.84539,3.17,1.77
2011.02.23 11:13:18.092,0.84524,0.84539,3.17,1.02
2011.02.23 11:13:18.973,0.84525,0.84541,3.17,3.27
2011.02.23 11:13:19.964,0.84529,0.84541,2.25,1.77
2011.02.23 11:13:20.577,0.84531,0.84541,1.50,1.02
2011.02.23 11:13:21.132,0.8453,0.84541,1.50,1.02
2011.02.23 11:13:21.684,0.84527,0.8454,2.42,1.02
2011.02.23 11:13:22.024,0.84526,0.8454,2.42,1.02
2011.02.23 11:13:22.582,0.84526,0.8454,1.67,1.02
2011.02.23 11:13:23.026,0.84526,0.8454,1.67,1.02
2011.02.23 11:13:23.585,0.84525,0.8454,3.17,1.02
2011.02.23 11:13:23.934,0.84529,0.84542,1.50,3.27
2011.02.23 11:13:24.287,0.84533,0.84543,3.17,1.50
2011.02.23 11:13:24.405,0.84533,0.84547,3.17,1.02
2011.02.23 11:13:24.745,0.84539,0.84548,1.50,3.27
2011.02.23 11:13:25.196,0.84539,0.84549,2.42,1.50
2011.02.23 11:13:25.753,0.8454,0.84553,1.67,4.77
2011.02.23 11:13:26.304,0.84541,0.84553,2.42,3.27
2011.02.23 11:13:26.425,0.84541,0.84553,2.42,2.52
2011.02.23 11:13:27.006,0.84541,0.84552,3.17,1.77
2011.02.23 11:13:27.463,0.84542,0.84552,1.67,1.77
2011.02.23 11:13:28.014,0.84542,0.84552,3.17,1.77
2011.02.23 11:13:28.683,0.84542,0.84552,2.42,1.77
2011.02.23 11:13:29.343,0.84541,0.84552,2.42,1.77
2011.02.23 11:13:29.893,0.84544,0.84552,1.50,1.77
2011.02.23 11:13:30.114,0.84547,0.84559,2.52,3.00
2011.02.23 11:13:30.562,0.84548,0.84561,1.50,1.50
2011.02.23 11:13:31.224,0.8455,0.84562,2.52,2.25
2011.02.23 11:13:31.921,0.84548,0.84562,3.00,2.52
2011.02.23 11:13:32.039,0.84545,0.84563,2.42,4.41
2011.02.23 11:13:32.592,0.84545,0.84561,1.67,1.50
2011.02.23 11:13:33.548,0.84545,0.84561,1.67,1.50
2011.02.23 11:13:34.103,0.84544,0.84562,3.92,3.75
2011.02.23 11:13:34.653,0.84544,0.8456,3.92,1.50
2011.02.23 11:13:34.984,0.84544,0.84561,2.42,2.25
2011.02.23 11:13:35.313,0.84544,0.8456,1.67,1.50
2011.02.23 11:13:35.752,0.84545,0.84559,2.42,2.25
2011.02.23 11:13:36.193,0.84546,0.84559,1.67,1.02
2011.02.23 11:13:36.632,0.84546,0.84559,1.67,1.02
2011.02.23 11:13:38.641,0.84545,0.84559,2.42,1.02
2011.02.23 11:13:39.192,0.84546,0.84559,1.67,1.02
2011.02.23 11:13:40.184,0.84544,0.84559,1.93,1.77
2011.02.23 11:13:40.742,0.84544,0.84559,3.43,1.02
2011.02.23 11:13:41.292,0.84546,0.84559,1.67,1.02
2011.02.23 11:13:43.183,0.84544,0.8456,3.43,2.52
2011.02.23 11:13:43.943,0.84541,0.84556,3.92,1.02
2011.02.23 11:13:44.285,0.84538,0.84551,1.02,1.50
2011.02.23 11:13:44.736,0.84538,0.84553,1.50,2.52
2011.02.23 11:13:46.062,0.84539,0.84553,2.25,1.77
2011.02.23 11:13:46.395,0.8454,0.84553,2.25,1.02
2011.02.23 11:13:46.735,0.84541,0.84556,2.25,4.50
2011.02.23 11:13:47.072,0.84541,0.84556,2.25,4.50
2011.02.23 11:13:47.182,0.84539,0.84556,2.42,3.00
2011.02.23 11:13:48.405,0.84538,0.84552,2.25,2.25
2011.02.23 11:13:49.071,0.84539,0.84554,2.42,2.25
2011.02.23 11:13:49.295,0.8454,0.84554,2.42,2.25
2011.02.23 11:13:49.523,0.8454,0.84554,2.42,1.50
2011.02.23 11:13:50.073,0.84542,0.84557,2.42,1.50
2011.02.23 11:13:50.294,0.84543,0.84559,2.42,3.75
2011.02.23 11:13:50.854,0.84543,0.84559,1.67,3.75
2011.02.23 11:13:50.974,0.84543,0.84559,2.42,6.00
2011.02.23 11:13:51.522,0.84543,0.84558,2.42,1.50
2011.02.23 11:13:52.071,0.84543,0.84559,1.67,6.38
2011.02.23 11:13:53.122,0.84542,0.84559,2.42,3.75
2011.02.23 11:13:55.574,0.8454,0.84557,3.92,2.63
2011.02.23 11:13:56.133,0.84541,0.84556,2.42,1.50
2011.02.23 11:13:56.466,0.84541,0.84557,3.92,2.25
2011.02.23 11:13:56.803,0.84545,0.84559,2.04,1.50
2011.02.23 11:13:57.134,0.84543,0.84558,2.42,2.25
2011.02.23 11:13:57.683,0.84543,0.84559,2.42,3.75
2011.02.23 11:13:59.003,0.84543,0.84559,2.42,3.75
2011.02.23 11:14:01.961,0.84544,0.84558,1.67,1.50
2011.02.23 11:14:02.512,0.84542,0.84556,2.42,1.13
2011.02.23 11:14:03.062,0.84542,0.84556,2.42,1.13
2011.02.23 11:14:03.612,0.84541,0.84558,2.42,5.25
2011.02.23 11:14:03.834,0.84543,0.84557,1.13,2.25
2011.02.23 11:14:03.955,0.84543,0.84557,1.29,2.25
2011.02.23 11:14:04.183,0.84544,0.8456,2.25,1.50
2011.02.23 11:14:04.513,0.84544,0.8456,2.42,1.50
2011.02.23 11:14:06.973,0.84545,0.8456,2.42,1.77
2011.02.23 11:14:07.842,0.84545,0.8456,3.17,1.02
2011.02.23 11:14:08.962,0.84546,0.8456,2.42,1.02
2011.02.23 11:14:10.863,0.84547,0.8456,1.67,1.02
2011.02.23 11:14:11.413,0.84549,0.8456,1.67,1.02
2011.02.23 11:14:12.182,0.84547,0.8456,3.17,1.02
2011.02.23 11:14:13.724,0.84547,0.8456,2.42,1.02
2011.02.23 11:14:14.256,0.84547,0.84561,2.42,1.77
2011.02.23 11:14:19.682,0.84547,0.84562,3.17,2.14
2011.02.23 11:14:21.127,0.84547,0.8456,2.42,1.02
2011.02.23 11:14:21.352,0.84546,0.84559,1.67,1.13
2011.02.23 11:14:21.463,0.84544,0.84558,1.67,2.14
2011.02.23 11:14:21.574,0.84544,0.84558,1.67,2.14
2011.02.23 11:14:21.685,0.84544,0.84559,1.67,1.50
2011.02.23 11:14:21.802,0.84543,0.84559,5.79,1.50
2011.02.23 11:14:21.912,0.84545,0.84559,1.67,1.50
2011.02.23 11:14:24.504,0.84543,0.84556,3.00,1.13
2011.02.23 11:14:24.843,0.84541,0.84553,2.25,1.50
2011.02.23 11:14:25.832,0.84539,0.84553,5.04,1.50
2011.02.23 11:14:26.276,0.84539,0.84552,2.79,1.50
2011.02.23 11:14:26.616,0.84538,0.84553,1.13,1.50
2011.02.23 11:14:27.173,0.84539,0.84553,1.50,2.25
2011.02.23 11:14:27.284,0.84539,0.84552,1.50,1.50
2011.02.23 11:14:27.732,0.84539,0.84553,1.50,1.50
2011.02.23 11:14:29.342,0.84539,0.84554,2.42,1.50
2011.02.23 11:14:29.894,0.84541,0.84555,2.25,1.50
2011.02.23 11:14:30.893,0.84541,0.84555,1.50,1.50
2011.02.23 11:14:31.442,0.84541,0.84556,2.25,2.63
2011.02.23 11:14:31.882,0.84541,0.84556,2.42,2.63
2011.02.23 11:14:32.874,0.84542,0.84558,2.42,2.25
2011.02.23 11:14:33.213,0.84545,0.84559,3.17,1.13
2011.02.23 11:14:33.761,0.84545,0.84558,2.42,1.13
2011.02.23 11:14:34.352,0.84545,0.84558,2.42,1.13
2011.02.23 11:14:34.682,0.84545,0.84558,2.42,1.13
2011.02.23 11:14:34.902,0.84545,0.84558,3.17,1.13
2011.02.23 11:14:35.234,0.84546,0.84561,1.67,1.50
2011.02.23 11:14:37.727,0.84544,0.84559,3.17,1.13
2011.02.23 11:14:38.283,0.84545,0.84559,2.42,1.13
2011.02.23 11:14:38.507,0.84546,0.84561,2.42,3.38
2011.02.23 11:14:39.832,0.84546,0.84561,3.17,3.38
2011.02.23 11:14:42.462,0.84546,0.8456,1.67,1.50
2011.02.23 11:14:42.683,0.84544,0.84559,3.92,1.13
2011.02.23 11:14:43.232,0.84544,0.84559,3.17,1.88
2011.02.23 11:14:45.587,0.84544,0.84559,3.17,2.63
2011.02.23 11:14:46.033,0.84545,0.84559,3.17,1.50
2011.02.23 11:14:46.252,0.84545,0.84561,3.17,4.50
2011.02.23 11:14:46.802,0.84545,0.8456,3.17,3.00
2011.02.23 11:14:47.351,0.84545,0.8456,3.17,3.00
2011.02.23 11:14:48.843,0.84545,0.8456,3.17,2.25
2011.02.23 11:14:48.952,0.84545,0.8456,3.17,1.50
2011.02.23 11:14:49.503,0.84547,0.84562,2.42,3.27
2011.02.23 11:14:50.052,0.84551,0.84562,1.50,1.77
2011.02.23 11:14:50.273,0.84551,0.84562,1.50,1.77
2011.02.23 11:14:50.824,0.84548,0.84562,4.67,1.77
2011.02.23 11:14:51.374,0.84549,0.84562,1.67,1.77
2011.02.23 11:14:53.543,0.8455,0.84562,2.42,1.77
2011.02.23 11:14:54.092,0.84551,0.84562,1.50,1.77
2011.02.23 11:14:54.984,0.84548,0.84562,3.92,1.77
2011.02.23 11:14:55.102,0.84548,0.84562,3.75,1.77
2011.02.23 11:14:55.216,0.84548,0.84558,1.50,1.02
2011.02.23 11:14:55.772,0.84548,0.84561,1.50,1.77
2011.02.23 11:14:56.820,0.84545,0.84558,1.67,1.02
2011.02.23 11:14:56.940,0.84544,0.8456,3.17,4.02
2011.02.23 11:14:57.174,0.84546,0.8456,2.25,1.02
2011.02.23 11:14:57.724,0.84547,0.8456,1.67,1.02
2011.02.23 11:14:58.053,0.84548,0.84563,2.42,4.30
2011.02.23 11:14:58.163,0.84546,0.84561,3.17,1.02
2011.02.23 11:14:58.475,0.84546,0.84561,3.17,1.77
2011.02.23 11:14:59.361,0.84548,0.84562,2.42,2.25
2011.02.23 11:14:59.912,0.8455,0.84562,2.42,1.50
2011.02.23 11:15:00.022,0.8455,0.84562,2.42,1.50
2011.02.23 11:15:00.576,0.84549,0.84561,2.25,1.50
2011.02.23 11:15:01.025,0.84546,0.8456,1.50,1.77
2011.02.23 11:15:01.477,0.84547,0.84561,2.42,2.52
2011.02.23 11:15:02.032,0.84547,0.84561,2.42,1.02
2011.02.23 11:15:02.142,0.84547,0.84562,3.43,1.02
2011.02.23 11:15:02.471,0.84549,0.84563,2.42,1.77
2011.02.23 11:15:03.318,0.8455,0.84562,2.42,2.52
2011.02.23 11:15:03.663,0.84549,0.84562,2.42,2.52
2011.02.23 11:15:04.221,0.84553,0.84562,1.67,2.52
2011.02.23 11:15:04.338,0.84553,0.84567,2.42,2.52
2011.02.23 11:15:04.783,0.84554,0.84567,2.42,2.52
2011.02.23 11:15:07.094,0.84555,0.84567,2.42,3.27
2011.02.23 11:15:07.642,0.84553,0.84566,3.17,1.02
2011.02.23 11:15:08.191,0.84553,0.84566,1.67,1.77
2011.02.23 11:15:08.657,0.84553,0.84565,1.50,1.02
2011.02.23 11:15:10.435,0.84551,0.84565,2.42,1.02
2011.02.23 11:15:10.994,0.84551,0.84565,2.42,1.39
2011.02.23 11:15:11.871,0.84554,0.84566,1.77,2.25
2011.02.23 11:15:11.983,0.84554,0.84567,2.52,2.25
2011.02.23 11:15:12.095,0.84554,0.84568,4.02,1.50
2011.02.23 11:15:12.214,0.84554,0.84564,1.50,1.39
2011.02.23 11:15:12.432,0.84551,0.84563,4.88,1.77
2011.02.23 11:15:12.872,0.84551,0.84565,2.25,1.02
2011.02.23 11:15:13.422,0.84552,0.84564,2.42,1.02
2011.02.23 11:15:13.972,0.84552,0.84567,2.25,4.77
2011.02.23 11:15:15.774,0.84554,0.84566,2.63,1.02
2011.02.23 11:15:16.333,0.84554,0.84567,2.42,1.02
2011.02.23 11:15:17.102,0.84551,0.84566,3.17,1.02
2011.02.23 11:15:17.777,0.84549,0.84564,2.68,1.02
2011.02.23 11:15:18.338,0.84552,0.84566,2.42,2.52
2011.02.23 11:15:18.787,0.84552,0.84562,1.50,1.50
2011.02.23 11:15:19.137,0.84547,0.8456,2.42,2.52
2011.02.23 11:15:19.257,0.84544,0.84557,5.04,2.25
2011.02.23 11:15:19.815,0.84544,0.84558,3.81,1.13
2011.02.23 11:15:22.504,0.84544,0.84561,3.06,4.39
2011.02.23 11:15:22.833,0.84544,0.84559,3.06,1.50
2011.02.23 11:15:23.162,0.84544,0.84561,1.56,4.39
2011.02.23 11:15:23.781,0.84545,0.8456,2.42,1.50
2011.02.23 11:15:24.224,0.84544,0.84559,3.81,2.63
2011.02.23 11:15:24.332,0.84544,0.84559,2.68,2.63
2011.02.23 11:15:25.411,0.84546,0.84559,2.25,1.13
2011.02.23 11:15:26.181,0.84544,0.84559,6.22,1.13
2011.02.23 11:15:27.546,0.84544,0.84559,6.22,1.13
2011.02.23 11:15:27.884,0.84544,0.84559,6.22,1.13
2011.02.23 11:15:28.554,0.84544,0.84559,6.22,1.13
2011.02.23 11:15:29.362,0.84544,0.84559,6.22,1.13
2011.02.23 11:15:30.472,0.84544,0.84559,6.22,1.13
2011.02.23 11:15:31.170,0.84544,0.84559,6.22,1.13
2011.02.23 11:15:31.943,0.84544,0.84561,4.18,4.39
2011.02.23 11:15:32.492,0.84546,0.84561,1.67,1.39
2011.02.23 11:15:35.452,0.84546,0.84562,3.17,5.14
2011.02.23 11:15:36.664,0.84547,0.84562,3.17,2.52
2011.02.23 11:15:37.223,0.8455,0.84564,1.67,3.93
2011.02.23 11:15:37.664,0.8455,0.84565,1.67,2.43
2011.02.23 11:15:37.785,0.84551,0.84568,2.42,4.39
2011.02.23 11:15:43.603,0.84554,0.84568,3.17,3.64
2011.02.23 11:15:43.931,0.84553,0.84568,3.17,4.39
2011.02.23 11:15:45.439,0.84551,0.84567,3.92,1.77
2011.02.23 11:15:46.786,0.84548,0.84562,1.76,1.50
2011.02.23 11:15:47.232,0.84546,0.84562,3.43,1.88
2011.02.23 11:15:47.566,0.84547,0.84563,2.42,1.02
2011.02.23 11:15:48.114,0.84549,0.84565,3.17,4.39
2011.02.23 11:15:51.660,0.8455,0.84565,3.92,1.77
2011.02.23 11:15:52.212,0.84552,0.84566,3.17,1.77
2011.02.23 11:15:53.623,0.84554,0.84566,3.00,1.77
2011.02.23 11:15:54.172,0.84553,0.84567,3.17,3.93
2011.02.23 11:15:56.225,0.8455,0.84565,1.67,2.89
2011.02.23 11:15:56.782,0.84549,0.84563,1.67,1.77
2011.02.23 11:15:57.136,0.84549,0.84561,1.67,1.50
2011.02.23 11:15:57.694,0.84549,0.84563,1.67,1.77
2011.02.23 11:15:58.244,0.84548,0.84563,1.67,1.77
2011.02.23 11:16:00.296,0.84548,0.84562,1.67,1.50
2011.02.23 11:16:01.952,0.84548,0.84563,1.67,1.77
2011.02.23 11:16:09.561,0.84548,0.84563,4.93,1.50
2011.02.23 11:16:10.832,0.84548,0.84563,4.93,2.25
2011.02.23 11:16:11.382,0.84548,0.84563,4.18,3.00
2011.02.23 11:16:11.797,0.84548,0.84563,3.43,3.00
2011.02.23 11:16:12.469,0.84549,0.84563,2.42,2.25
2011.02.23 11:16:15.312,0.84551,0.84565,1.67,2.52
2011.02.23 11:16:15.864,0.8455,0.84564,3.92,2.25
2011.02.23 11:16:16.194,0.84549,0.84563,4.67,3.75
2011.02.23 11:16:16.524,0.84547,0.84563,3.92,4.02
2011.02.23 11:16:17.112,0.84547,0.84562,3.92,1.50
2011.02.23 11:16:19.792,0.84549,0.84563,1.67,4.02
2011.02.23 11:16:20.816,0.84547,0.84562,1.67,2.25
2011.02.23 11:16:21.430,0.84547,0.8456,1.67,3.00
2011.02.23 11:16:22.204,0.84547,0.84562,1.67,2.25
2011.02.23 11:16:25.254,0.84547,0.84563,3.92,4.77
2011.02.23 11:16:26.113,0.84549,0.84563,2.42,4.02
2011.02.23 11:16:26.883,0.84551,0.84563,2.42,2.52
2011.02.23 11:16:27.542,0.84553,0.84567,2.42,1.02
2011.02.23 11:16:28.093,0.84553,0.84567,2.42,1.02
2011.02.23 11:16:28.698,0.84554,0.84567,2.42,1.02
2011.02.23 11:16:29.253,0.84553,0.84567,2.42,1.02
2011.02.23 11:16:30.242,0.84553,0.84567,2.42,1.02
2011.02.23 11:16:30.793,0.84553,0.84567,2.42,1.02
2011.02.23 11:16:31.340,0.84555,0.84564,1.67,1.02
2011.02.23 11:16:32.242,0.84555,0.84567,1.67,2.25
2011.02.23 11:16:33.235,0.84555,0.84569,1.67,2.52
2011.02.23 11:16:33.462,0.84556,0.84569,2.42,1.02
2011.02.23 11:16:34.013,0.84557,0.84569,2.42,1.02
2011.02.23 11:16:35.933,0.84558,0.84569,1.67,1.02
2011.02.23 11:16:36.044,0.84558,0.84569,1.67,1.02
2011.02.23 11:16:36.591,0.84558,0.84569,1.67,1.02
2011.02.23 11:16:37.453,0.84558,0.84572,1.67,2.25
2011.02.23 11:16:38.002,0.84558,0.84572,2.42,2.25
2011.02.23 11:16:41.754,0.84558,0.84572,3.92,2.25
2011.02.23 11:16:41.866,0.8456,0.84572,2.42,1.50
2011.02.23 11:16:41.984,0.8456,0.84572,2.42,2.25
2011.02.23 11:16:42.435,0.84561,0.84569,1.88,1.02
2011.02.23 11:16:42.553,0.84561,0.84569,1.29,1.02
2011.02.23 11:16:42.772,0.8456,0.84572,2.42,2.52
2011.02.23 11:16:42.993,0.84561,0.84572,1.29,2.52
2011.02.23 11:16:44.785,0.84561,0.84572,1.29,2.52
2011.02.23 11:16:47.423,0.84561,0.84571,1.13,1.02
2011.02.23 11:16:47.532,0.84559,0.84571,2.79,1.02
2011.02.23 11:16:47.753,0.84559,0.84571,2.42,1.02
2011.02.23 11:16:48.302,0.84559,0.84571,2.42,1.02
2011.02.23 11:16:48.743,0.84559,0.84572,2.42,2.25
2011.02.23 11:16:48.962,0.8456,0.84572,1.29,2.25
2011.02.23 11:16:53.474,0.84559,0.84572,2.79,2.25
2011.02.23 11:16:53.693,0.84561,0.84572,2.42,2.25
2011.02.23 11:16:54.024,0.8456,0.84572,2.42,2.25
2011.02.23 11:16:56.291,0.8456,0.84572,2.79,2.25
2011.02.23 11:16:56.403,0.84563,0.84575,1.29,4.77
2011.02.23 11:16:56.732,0.84565,0.84575,1.29,1.02
2011.02.23 11:16:57.063,0.84565,0.84579,1.29,1.50
2011.02.23 11:16:57.173,0.84568,0.8458,2.04,3.75
2011.02.23 11:16:57.723,0.8457,0.8458,1.29,2.52
2011.02.23 11:16:59.173,0.84568,0.84582,2.79,2.52
2011.02.23 11:17:02.093,0.84568,0.84579,2.04,1.50
2011.02.23 11:17:02.312,0.84565,0.84577,4.44,3.27
2011.02.23 11:17:02.423,0.84565,0.84577,3.69,2.52
2011.02.23 11:17:02.643,0.84565,0.84578,3.54,1.02
2011.02.23 11:17:02.755,0.84566,0.84578,1.67,1.02
2011.02.23 11:17:07.026,0.84568,0.8458,1.29,1.02
2011.02.23 11:17:08.183,0.84568,0.8458,2.79,1.02
2011.02.23 11:17:08.731,0.84568,0.8458,2.79,1.02
2011.02.23 11:17:09.283,0.84569,0.84583,2.04,2.52
2011.02.23 11:17:09.834,0.8457,0.84582,1.29,2.25
2011.02.23 11:17:10.382,0.8457,0.84582,1.29,2.25
2011.02.23 11:17:20.024,0.8457,0.84583,1.29,2.52
2011.02.23 11:17:21.171,0.84572,0.84583,1.29,2.52
2011.02.23 11:17:29.631,0.8457,0.84583,2.79,2.52
2011.02.23 11:17:31.062,0.84571,0.84582,1.29,1.50
2011.02.23 11:17:31.724,0.84572,0.84582,1.29,1.50
2011.02.23 11:17:32.282,0.84571,0.84582,1.29,1.50
2011.02.23 11:17:37.713,0.84569,0.84583,3.92,2.52
2011.02.23 11:17:37.933,0.84569,0.84583,1.29,2.52
2011.02.23 11:17:38.633,0.84571,0.84583,1.29,2.52
2011.02.23 11:17:39.543,0.8457,0.84583,1.67,2.52
2011.02.23 11:17:39.875,0.84569,0.84583,3.54,2.52
2011.02.23 11:17:40.432,0.84568,0.84583,2.04,2.52
2011.02.23 11:17:42.074,0.84568,0.84583,1.67,2.52
2011.02.23 11:17:42.182,0.84568,0.84582,1.67,1.13
2011.02.23 11:17:45.433,0.84568,0.84583,2.42,4.02
2011.02.23 11:17:46.085,0.84567,0.84582,2.42,1.50
2011.02.23 11:17:46.782,0.84567,0.84582,2.42,1.50
2011.02.23 11:17:47.272,0.84567,0.84583,2.42,4.77
2011.02.23 11:17:47.382,0.84567,0.84583,2.42,4.77
2011.02.23 11:17:48.512,0.84567,0.84583,3.92,4.77
2011.02.23 11:17:49.285,0.84567,0.84583,3.17,4.77
2011.02.23 11:17:55.192,0.84567,0.84581,3.92,2.25
2011.02.23 11:17:57.143,0.84568,0.84581,1.93,2.25
2011.02.23 11:17:57.703,0.84568,0.84581,1.67,2.25
2011.02.23 11:17:59.482,0.84567,0.84581,3.92,2.25
2011.02.23 11:18:00.346,0.84567,0.84581,4.67,2.25
2011.02.23 11:18:01.231,0.84567,0.84581,3.92,2.25
2011.02.23 11:18:01.563,0.84567,0.84582,2.42,2.25
2011.02.23 11:18:02.141,0.84567,0.84583,2.42,4.77
2011.02.23 11:18:02.724,0.84567,0.84582,2.42,3.00
2011.02.23 11:18:03.276,0.84566,0.84575,2.42,1.50
2011.02.23 11:18:03.612,0.84565,0.84575,1.18,1.50
2011.02.23 11:18:03.724,0.84564,0.84577,2.68,1.50
2011.02.23 11:18:05.743,0.84564,0.84578,2.68,1.50
2011.02.23 11:18:08.153,0.84564,0.84578,2.27,3.64
2011.02.23 11:18:08.483,0.84564,0.84577,1.52,3.64
2011.02.23 11:18:09.033,0.84563,0.84577,1.67,2.14
2011.02.23 11:18:09.604,0.84562,0.84577,2.68,2.14
2011.02.23 11:18:10.714,0.84562,0.84576,3.43,3.00
2011.02.23 11:18:14.165,0.84563,0.84577,1.67,2.89
2011.02.23 11:18:14.502,0.84562,0.84575,1.18,2.25
2011.02.23 11:18:15.245,0.84562,0.84576,1.18,2.25
2011.02.23 11:18:15.803,0.84562,0.84576,1.18,2.25
2011.02.23 11:18:16.026,0.84562,0.84576,1.18,2.25
2011.02.23 11:18:16.255,0.84562,0.84573,1.29,1.02
2011.02.23 11:18:16.802,0.84561,0.84573,2.79,2.52
2011.02.23 11:18:17.302,0.84561,0.84573,2.79,2.52
2011.02.23 11:18:17.745,0.84563,0.84573,2.04,2.25
2011.02.23 11:18:17.865,0.84565,0.84578,1.67,2.52
2011.02.23 11:18:18.318,0.84563,0.84578,3.92,2.52
2011.02.23 11:18:18.874,0.84562,0.84577,1.93,2.52
2011.02.23 11:18:19.422,0.84562,0.84577,2.68,2.52
2011.02.23 11:18:20.192,0.84563,0.84577,2.42,2.52
2011.02.23 11:18:20.693,0.84563,0.84577,2.42,1.77
2011.02.23 11:18:22.304,0.84563,0.84575,1.67,1.50
2011.02.23 11:18:23.511,0.84562,0.84575,1.18,2.25
2011.02.23 11:18:24.963,0.84562,0.84575,1.93,2.25
2011.02.23 11:18:25.184,0.84562,0.84577,1.93,2.56
2011.02.23 11:18:25.297,0.84562,0.84575,1.56,1.50
2011.02.23 11:18:25.633,0.84562,0.84575,2.31,1.50
2011.02.23 11:18:26.182,0.84564,0.84576,1.67,2.25
2011.02.23 11:18:26.637,0.84564,0.84577,1.67,2.56
2011.02.23 11:18:27.342,0.84564,0.84577,1.67,2.56
2011.02.23 11:18:27.864,0.84564,0.84577,2.42,2.56
2011.02.23 11:18:31.095,0.84565,0.84577,2.04,1.81
2011.02.23 11:18:31.643,0.84565,0.84578,2.79,1.02
2011.02.23 11:18:34.813,0.84567,0.84579,1.67,1.77
2011.02.23 11:18:37.006,0.84566,0.84577,1.50,2.14
2011.02.23 11:18:37.562,0.84562,0.84576,1.93,1.50
2011.02.23 11:18:38.164,0.84564,0.84577,3.17,2.52
2011.02.23 11:18:38.716,0.84563,0.84578,2.42,1.77
2011.02.23 11:18:39.273,0.84563,0.84576,2.42,1.50
2011.02.23 11:18:41.993,0.84563,0.84576,2.42,1.50
2011.02.23 11:18:44.476,0.84563,0.84577,2.42,1.02
2011.02.23 11:18:45.242,0.84564,0.84578,3.92,1.77
2011.02.23 11:18:49.953,0.84565,0.84578,1.67,2.14
2011.02.23 11:18:50.503,0.84564,0.84577,2.42,1.77
2011.02.23 11:18:50.833,0.84562,0.84575,1.93,1.13
2011.02.23 11:18:50.944,0.84561,0.84574,1.18,1.13
2011.02.23 11:18:51.163,0.84562,0.84572,1.02,1.50
2011.02.23 11:18:51.712,0.84562,0.84573,1.02,1.50
2011.02.23 11:18:52.593,0.84562,0.84573,1.02,1.50
2011.02.23 11:18:56.603,0.84562,0.84573,1.02,1.50
2011.02.23 11:18:58.252,0.84562,0.84574,1.18,1.88
2011.02.23 11:19:01.503,0.84562,0.84574,1.18,1.88
2011.02.23 11:19:05.602,0.84562,0.84573,1.18,1.50
2011.02.23 11:19:06.151,0.84561,0.84573,1.18,1.50
2011.02.23 11:19:07.953,0.84562,0.84573,1.18,1.88
2011.02.23 11:19:08.615,0.84559,0.8457,1.67,1.50
2011.02.23 11:19:09.165,0.84558,0.84572,2.25,3.00
2011.02.23 11:19:09.285,0.84559,0.84573,1.18,1.50
2011.02.23 11:19:09.624,0.84559,0.84571,1.18,1.13
2011.02.23 11:19:09.738,0.84558,0.84571,4.02,1.65
2011.02.23 11:19:10.087,0.84558,0.8457,1.50,3.27
2011.02.23 11:19:10.425,0.8455,0.84566,3.17,1.88
2011.02.23 11:19:10.771,0.8455,0.84567,3.17,3.00
2011.02.23 11:19:10.887,0.84551,0.84567,1.67,1.88
2011.02.23 11:19:11.338,0.84551,0.84565,1.67,1.50
2011.02.23 11:19:11.858,0.84552,0.84566,1.67,1.50
2011.02.23 11:19:13.183,0.84552,0.84567,1.67,2.25
2011.02.23 11:19:14.065,0.84552,0.84566,2.42,1.50
2011.02.23 11:19:15.723,0.84551,0.84566,3.92,1.50
2011.02.23 11:19:19.315,0.8455,0.84566,3.17,2.25
2011.02.23 11:19:19.863,0.8455,0.84566,3.17,2.25
2011.02.23 11:19:21.104,0.84552,0.84566,1.67,1.50
2011.02.23 11:19:21.646,0.84552,0.84565,1.67,1.50
2011.02.23 11:19:24.723,0.84552,0.84566,1.67,1.50
2011.02.23 11:19:25.242,0.84551,0.84566,3.17,2.25
2011.02.23 11:19:31.915,0.84553,0.84566,2.42,1.50
2011.02.23 11:19:36.063,0.84553,0.84568,2.68,2.25
2011.02.23 11:19:40.613,0.84553,0.84566,1.02,1.50
2011.02.23 11:19:42.422,0.84553,0.84567,1.02,2.25
2011.02.23 11:19:44.612,0.84554,0.84569,2.42,3.00
2011.02.23 11:19:53.263,0.84554,0.84569,1.67,1.50
2011.02.23 11:19:56.354,0.84553,0.84568,3.43,2.25
2011.02.23 11:19:56.795,0.84554,0.84569,3.92,2.25
2011.02.23 11:19:57.452,0.84554,0.84569,3.17,2.25
2011.02.23 11:20:04.775,0.84554,0.8457,4.67,1.02
2011.02.23 11:20:04.901,0.84554,0.8457,7.22,1.02
2011.02.23 11:20:05.235,0.84559,0.84574,2.31,2.91
2011.02.23 11:20:05.356,0.84562,0.84574,1.67,2.91
2011.02.23 11:20:05.582,0.84562,0.84575,2.42,1.50
2011.02.23 11:20:06.028,0.84563,0.84576,1.67,1.02
2011.02.23 11:20:06.366,0.84568,0.84579,1.67,1.50
2011.02.23 11:20:06.485,0.84568,0.84581,2.42,1.77
2011.02.23 11:20:09.245,0.84568,0.84581,2.42,4.39
2011.02.23 11:20:10.812,0.84567,0.84581,1.67,1.02
2011.02.23 11:20:12.222,0.84567,0.84581,1.67,1.02
2011.02.23 11:20:12.443,0.84567,0.84582,2.42,2.80
2011.02.23 11:20:12.995,0.84568,0.84582,1.67,1.68
2011.02.23 11:20:13.333,0.84571,0.84582,1.67,1.68
2011.02.23 11:20:15.845,0.84569,0.84582,3.17,1.68
2011.02.23 11:20:16.404,0.84568,0.84581,3.92,1.02
2011.02.23 11:20:16.513,0.84568,0.84582,3.92,1.68
2011.02.23 11:20:18.543,0.8457,0.84582,1.67,1.68
2011.02.23 11:20:21.866,0.8457,0.84582,1.67,1.68
2011.02.23 11:20:22.351,0.84569,0.84581,1.67,1.13
2011.02.23 11:20:22.471,0.84567,0.84581,2.42,1.88
2011.02.23 11:20:22.694,0.84567,0.84581,2.42,1.88
2011.02.23 11:20:24.121,0.84568,0.84581,2.42,1.88
2011.02.23 11:20:24.674,0.84566,0.84581,3.17,1.88
2011.02.23 11:20:25.232,0.84567,0.84581,1.67,1.88
2011.02.23 11:20:29.294,0.84566,0.84581,3.17,1.88
2011.02.23 11:20:29.802,0.84566,0.84581,1.67,1.88
2011.02.23 11:20:31.544,0.84566,0.84581,1.67,1.88
2011.02.23 11:20:32.103,0.84566,0.84581,1.67,1.88
2011.02.23 11:20:33.903,0.84567,0.84581,1.67,1.50
2011.02.23 11:20:34.123,0.84567,0.84581,2.42,1.50
2011.02.23 11:20:34.672,0.84568,0.84581,2.42,1.50
2011.02.23 11:20:38.086,0.84568,0.84581,2.42,1.50
2011.02.23 11:20:38.417,0.84568,0.84581,1.67,1.50
2011.02.23 11:20:39.000,0.84567,0.84582,2.42,1.41
2011.02.23 11:20:39.116,0.84566,0.84582,3.17,1.41
2011.02.23 11:20:39.452,0.84566,0.8458,1.67,2.25
2011.02.23 11:20:39.673,0.84565,0.8458,3.43,2.52
2011.02.23 11:20:42.382,0.84565,0.8458,2.68,2.52
2011.02.23 11:20:50.633,0.84567,0.8458,1.67,1.02
2011.02.23 11:20:51.204,0.84567,0.8458,2.42,1.02
2011.02.23 11:20:51.754,0.84566,0.8458,2.42,1.02
2011.02.23 11:20:52.197,0.84566,0.8458,2.42,1.02
2011.02.23 11:20:52.753,0.84566,0.8458,2.42,1.02
2011.02.23 11:20:52.976,0.84565,0.8458,2.52,2.52
2011.02.23 11:20:53.419,0.84564,0.8458,2.68,2.52
2011.02.23 11:20:53.539,0.84564,0.8458,2.68,2.52
2011.02.23 11:20:54.098,0.84563,0.84577,3.27,1.50
2011.02.23 11:20:54.772,0.84563,0.84577,2.68,2.25
2011.02.23 11:20:55.654,0.84563,0.84576,1.77,2.25
2011.02.23 11:20:55.986,0.84563,0.84577,1.93,2.25
2011.02.23 11:20:56.543,0.84563,0.84578,3.43,3.00
2011.02.23 11:20:58.585,0.84564,0.84579,2.68,3.00
2011.02.23 11:20:59.246,0.84565,0.84579,1.93,1.88
2011.02.23 11:20:59.802,0.84563,0.84579,3.43,4.88
2011.02.23 11:21:00.380,0.84564,0.84579,1.18,4.88
2011.02.23 11:21:05.713,0.84564,0.8458,2.68,1.77
2011.02.23 11:21:11.225,0.84565,0.84578,2.68,1.50
2011.02.23 11:21:12.165,0.84565,0.8458,3.43,1.02
2011.02.23 11:21:12.621,0.84567,0.8458,1.67,1.02
2011.02.23 11:21:13.723,0.84566,0.8458,1.67,1.02
2011.02.23 11:21:15.447,0.84567,0.8458,1.67,1.02
2011.02.23 11:21:15.897,0.84567,0.84581,2.49,1.02
2011.02.23 11:21:16.127,0.84569,0.84582,3.17,2.52
2011.02.23 11:21:16.246,0.84569,0.84582,1.67,3.00
2011.02.23 11:21:16.805,0.84569,0.8458,1.67,1.02
2011.02.23 11:21:17.297,0.84566,0.8458,2.42,1.02
2011.02.23 11:21:17.764,0.84568,0.84581,1.67,1.02
2011.02.23 11:21:18.423,0.84568,0.84583,2.42,5.52
2011.02.23 11:21:18.646,0.84572,0.84582,1.50,1.02
2011.02.23 11:21:19.863,0.8457,0.84582,2.42,1.02
2011.02.23 11:21:20.195,0.8457,0.84582,2.42,2.91
2011.02.23 11:21:20.644,0.84571,0.84584,1.67,2.52
2011.02.23 11:21:21.303,0.84573,0.84584,1.67,1.02
2011.02.23 11:21:21.853,0.84574,0.84584,1.67,1.02
2011.02.23 11:21:22.211,0.84574,0.84585,2.79,1.02
2011.02.23 11:21:23.535,0.84578,0.84586,1.50,1.02
2011.02.23 11:21:23.765,0.84578,0.84589,1.67,2.52
2011.02.23 11:21:23.885,0.84578,0.8459,1.67,1.50
2011.02.23 11:21:24.116,0.8458,0.84592,2.42,2.25
2011.02.23 11:21:24.454,0.84585,0.84599,1.50,1.50
2011.02.23 11:21:25.004,0.84586,0.846,1.50,1.77
2011.02.23 11:21:25.224,0.84587,0.846,1.02,1.50
2011.02.23 11:21:25.773,0.84585,0.846,5.68,1.50
2011.02.23 11:21:26.439,0.84589,0.84602,1.02,2.91
2011.02.23 11:21:27.003,0.84589,0.84602,1.02,2.91
2011.02.23 11:21:29.284,0.84588,0.84602,4.02,1.41
2011.02.23 11:21:29.942,0.84588,0.84602,2.52,2.16
2011.02.23 11:21:30.383,0.84586,0.846,3.17,1.02
2011.02.23 11:21:30.827,0.84588,0.84603,2.42,3.18
2011.02.23 11:21:31.263,0.84592,0.84604,1.50,1.02
2011.02.23 11:21:31.378,0.84589,0.84604,1.02,2.52
2011.02.23 11:21:31.603,0.84589,0.84604,1.02,2.52
2011.02.23 11:21:33.143,0.84589,0.84604,1.02,1.77
2011.02.23 11:21:34.284,0.84589,0.84604,1.77,1.77
2011.02.23 11:21:35.165,0.84588,0.84602,3.27,1.50
2011.02.23 11:21:36.052,0.84588,0.84602,1.77,1.50
2011.02.23 11:21:36.598,0.84588,0.84603,3.27,3.75
2011.02.23 11:21:36.942,0.84588,0.84596,1.02,1.50
2011.02.23 11:21:38.175,0.84581,0.84593,1.50,2.25
2011.02.23 11:21:39.494,0.84581,0.84593,1.50,1.50
2011.02.23 11:21:40.372,0.84581,0.84593,1.50,2.25
2011.02.23 11:21:42.318,0.84583,0.84597,3.92,2.25
2011.02.23 11:21:42.822,0.84583,0.84597,3.75,3.27
2011.02.23 11:21:43.412,0.84583,0.84597,3.75,4.02
2011.02.23 11:21:43.962,0.84583,0.84597,3.75,4.02
2011.02.23 11:21:45.614,0.84583,0.84597,2.25,4.77
2011.02.23 11:21:46.163,0.84583,0.84595,1.50,1.50
2011.02.23 11:21:54.301,0.84583,0.84597,2.42,4.02
2011.02.23 11:22:09.499,0.84583,0.84596,2.42,2.25
2011.02.23 11:22:09.625,0.84585,0.84598,1.02,3.00
2011.02.23 11:22:10.175,0.84585,0.84598,1.18,1.50
2011.02.23 11:22:12.534,0.84585,0.84598,1.02,2.25
2011.02.23 11:22:13.634,0.84584,0.84597,1.18,3.00
2011.02.23 11:22:14.240,0.84585,0.84597,1.02,3.00
2011.02.23 11:22:14.793,0.84585,0.84598,1.02,2.25
2011.02.23 11:22:15.453,0.84585,0.84599,1.02,3.00
2011.02.23 11:22:16.005,0.84585,0.84598,1.18,1.50
2011.02.23 11:22:17.016,0.84585,0.84598,1.02,1.50
2011.02.23 11:22:17.139,0.84585,0.846,2.68,1.02
2011.02.23 11:22:17.693,0.84586,0.84601,3.17,1.02
2011.02.23 11:22:18.316,0.84586,0.846,2.42,1.02
2011.02.23 11:22:20.272,0.84585,0.846,3.43,1.77
2011.02.23 11:22:20.953,0.84586,0.84601,2.42,1.77
2011.02.23 11:22:21.504,0.84587,0.846,1.67,1.02
2011.02.23 11:22:24.414,0.84586,0.84601,2.42,1.77
2011.02.23 11:22:25.184,0.84588,0.84602,2.42,1.02
2011.02.23 11:22:25.403,0.84585,0.84598,1.67,2.52
2011.02.23 11:22:25.514,0.84585,0.84598,1.67,2.52
2011.02.23 11:22:26.504,0.84585,0.84597,1.67,1.02
2011.02.23 11:22:28.993,0.84585,0.84598,1.67,2.52
2011.02.23 11:22:29.656,0.84586,0.84598,1.02,2.25
2011.02.23 11:22:29.994,0.8459,0.84603,1.67,1.02
2011.02.23 11:22:30.327,0.84594,0.84607,1.02,3.00
2011.02.23 11:22:30.554,0.84595,0.84607,1.18,1.50
2011.02.23 11:22:31.114,0.84596,0.84607,1.93,1.50
2011.02.23 11:22:31.335,0.84597,0.84607,1.67,1.50
2011.02.23 11:22:31.883,0.84597,0.84609,1.67,2.16
2011.02.23 11:22:32.219,0.84599,0.84611,1.67,2.16
2011.02.23 11:22:32.454,0.84597,0.8461,2.42,2.16
2011.02.23 11:22:33.006,0.84598,0.8461,1.67,2.16
2011.02.23 11:22:33.234,0.84596,0.84609,1.67,1.41
2011.02.23 11:22:33.345,0.84593,0.84609,5.94,1.41
2011.02.23 11:22:33.465,0.84593,0.84608,5.04,1.41
2011.02.23 11:22:34.344,0.84593,0.84608,1.67,1.41
2011.02.23 11:22:34.895,0.84592,0.84607,1.67,2.25
2011.02.23 11:22:35.003,0.84591,0.84607,4.67,2.25
2011.02.23 11:22:36.103,0.8459,0.84605,2.42,1.88
2011.02.23 11:22:36.449,0.84589,0.84605,1.18,1.88
2011.02.23 11:22:37.434,0.84589,0.84604,2.68,1.50
2011.02.23 11:22:41.644,0.8459,0.84604,2.42,1.50
2011.02.23 11:22:42.194,0.84589,0.84604,1.18,1.50
2011.02.23 11:22:42.743,0.84588,0.84603,1.18,1.50
2011.02.23 11:22:43.508,0.84588,0.84603,1.93,1.50
2011.02.23 11:22:45.975,0.84586,0.846,2.68,1.50
2011.02.23 11:22:46.316,0.84586,0.84601,1.18,2.25
2011.02.23 11:22:46.873,0.84587,0.84602,2.68,1.50
2011.02.23 11:22:46.983,0.84589,0.84602,1.18,1.50
2011.02.23 11:22:47.094,0.84589,0.84602,1.18,1.50
2011.02.23 11:22:49.354,0.8459,0.84605,2.42,1.50
2011.02.23 11:22:49.391,0.8459,0.84605,3.92,1.50
2011.02.23 11:22:49.943,0.84591,0.84605,2.42,1.50
2011.02.23 11:22:50.706,0.84593,0.84605,2.42,1.50
2011.02.23 11:22:51.043,0.84593,0.84608,6.17,1.68
2011.02.23 11:22:51.594,0.84595,0.84606,1.67,1.02
2011.02.23 11:22:52.144,0.84594,0.84606,1.67,1.02
2011.02.23 11:22:52.475,0.84593,0.84604,1.67,1.50
2011.02.23 11:22:52.589,0.84589,0.84604,2.68,3.75
2011.02.23 11:22:52.705,0.84589,0.846,1.50,2.25
2011.02.23 11:22:52.815,0.84586,0.846,1.50,2.25
2011.02.23 11:22:53.242,0.84589,0.84604,1.67,4.13
2011.02.23 11:22:53.467,0.84589,0.84604,3.17,1.50
2011.02.23 11:22:53.586,0.84589,0.84606,3.92,3.00
2011.02.23 11:22:54.036,0.84589,0.84604,3.17,1.13
2011.02.23 11:22:54.705,0.8459,0.846,1.67,1.13
2011.02.23 11:22:54.924,0.84589,0.84604,2.42,1.50
2011.02.23 11:22:55.254,0.8459,0.84604,1.67,3.00
2011.02.23 11:22:55.803,0.84589,0.84603,2.42,3.00
2011.02.23 11:22:56.354,0.84589,0.84602,1.50,1.50
2011.02.23 11:22:56.924,0.84588,0.846,1.50,1.50
2011.02.23 11:22:57.253,0.84587,0.846,1.50,1.50
2011.02.23 11:22:59.843,0.84586,0.846,1.50,1.50
2011.02.23 11:23:01.366,0.84586,0.84599,1.50,1.50
2011.02.23 11:23:01.595,0.84584,0.84598,2.42,1.50
2011.02.23 11:23:01.924,0.84585,0.84597,1.50,1.50
2011.02.23 11:23:02.477,0.84584,0.84595,2.25,1.50
2011.02.23 11:23:03.033,0.84583,0.84594,2.25,1.50
2011.02.23 11:23:03.806,0.84585,0.84596,1.50,1.50
2011.02.23 11:23:03.927,0.84587,0.84601,1.67,2.25
2011.02.23 11:23:04.442,0.84588,0.84602,1.67,1.50
2011.02.23 11:23:04.993,0.84588,0.84602,1.67,1.50
2011.02.23 11:23:05.767,0.84585,0.84599,1.67,1.50
2011.02.23 11:23:05.888,0.84585,0.84596,1.50,1.50
2011.02.23 11:23:06.118,0.84583,0.84597,6.38,1.50
2011.02.23 11:23:06.674,0.84585,0.84597,1.50,1.50
2011.02.23 11:23:08.543,0.84583,0.84596,6.54,1.50
2011.02.23 11:23:10.745,0.84585,0.84596,1.50,1.50
2011.02.23 11:23:11.298,0.84586,0.84599,1.88,1.50
2011.02.23 11:23:11.418,0.84587,0.84601,3.17,2.25
2011.02.23 11:23:11.756,0.84592,0.84606,1.67,2.25
2011.02.23 11:23:11.983,0.84594,0.84607,3.17,2.25
2011.02.23 11:23:13.930,0.84591,0.84607,2.68,2.25
2011.02.23 11:23:14.597,0.84589,0.84603,3.43,2.25
2011.02.23 11:23:14.933,0.8459,0.84601,1.50,1.02
2011.02.23 11:23:15.043,0.84588,0.84601,1.50,1.02
2011.02.23 11:23:15.602,0.84588,0.84601,1.50,1.02
2011.02.23 11:23:16.152,0.84589,0.84601,1.50,1.02
2011.02.23 11:23:16.702,0.8459,0.84601,1.50,1.02
2011.02.23 11:23:17.565,0.8459,0.84601,1.50,1.02
2011.02.23 11:23:18.003,0.84587,0.84601,1.67,1.02
2011.02.23 11:23:18.554,0.84587,0.84601,1.67,1.02
2011.02.23 11:23:19.103,0.84589,0.84601,1.50,1.02
2011.02.23 11:23:19.634,0.84588,0.84601,1.67,1.02
2011.02.23 11:23:20.514,0.84587,0.84601,1.67,1.02
2011.02.23 11:23:21.082,0.84587,0.84601,1.67,1.02
2011.02.23 11:23:22.534,0.84587,0.84601,1.50,3.27
2011.02.23 11:23:22.645,0.84587,0.846,1.50,1.50
2011.02.23 11:23:22.764,0.84585,0.84597,1.50,1.50
2011.02.23 11:23:23.313,0.84583,0.84598,4.02,1.50
2011.02.23 11:23:24.813,0.84583,0.84597,3.27,1.50
2011.02.23 11:23:26.399,0.84585,0.84597,1.50,1.50
2011.02.23 11:23:27.425,0.84586,0.84597,1.50,1.50
2011.02.23 11:23:27.545,0.84586,0.846,2.42,1.50
2011.02.23 11:23:27.774,0.84587,0.84601,1.67,1.77
2011.02.23 11:23:28.323,0.84587,0.84601,1.67,1.02
2011.02.23 11:23:32.624,0.84587,0.84601,1.67,1.02
2011.02.23 11:23:34.308,0.84587,0.84601,1.67,1.02
2011.02.23 11:23:34.536,0.84586,0.84599,1.50,1.50
2011.02.23 11:23:34.766,0.84585,0.84599,2.04,1.50
2011.02.23 11:23:35.325,0.84586,0.84599,1.67,1.50
2011.02.23 11:23:36.653,0.84586,0.846,1.67,1.50
2011.02.23 11:23:38.424,0.84588,0.846,1.77,1.50
2011.02.23 11:23:38.753,0.84589,0.84602,1.50,1.50
2011.02.23 11:23:38.865,0.84589,0.84602,1.50,1.88
2011.02.23 11:23:39.383,0.84587,0.84602,2.25,2.52
2011.02.23 11:23:39.718,0.84589,0.84603,1.67,2.52
2011.02.23 11:23:41.073,0.84588,0.84602,3.92,1.02
2011.02.23 11:23:42.944,0.84591,0.84602,1.67,1.77
2011.02.23 11:23:43.276,0.84592,0.84605,1.67,1.77
2011.02.23 11:23:44.604,0.84592,0.84605,1.29,1.77
2011.02.23 11:23:44.934,0.84593,0.84605,1.67,1.02
2011.02.23 11:23:45.552,0.84594,0.84608,1.67,1.77
2011.02.23 11:23:46.104,0.84595,0.84608,2.42,1.02
2011.02.23 11:23:46.433,0.84595,0.84608,3.17,1.02
2011.02.23 11:23:46.993,0.84595,0.84608,3.17,1.02
2011.02.23 11:23:52.602,0.84599,0.8461,1.67,1.77
2011.02.23 11:23:54.106,0.84599,0.84611,1.67,1.02
2011.02.23 11:23:54.885,0.846,0.84612,2.42,1.77
2011.02.23 11:23:55.222,0.84601,0.84613,1.67,1.50
2011.02.23 11:23:55.731,0.84601,0.84616,2.42,2.25
2011.02.23 11:23:56.283,0.84601,0.84613,2.42,1.50
2011.02.23 11:23:56.963,0.84601,0.84613,2.42,1.50
2011.02.23 11:24:01.333,0.846,0.84613,1.67,1.50
2011.02.23 11:24:03.208,0.846,0.84613,1.76,1.50
2011.02.23 11:24:03.325,0.84601,0.84613,1.50,1.50
2011.02.23 11:24:03.433,0.84601,0.84613,1.50,1.50
2011.02.23 11:24:03.982,0.84601,0.84613,1.50,1.50
2011.02.23 11:24:04.863,0.84601,0.84613,1.50,1.50
2011.02.23 11:24:06.395,0.84601,0.84613,1.50,1.50
2011.02.23 11:24:06.505,0.84598,0.84613,1.67,1.50
2011.02.23 11:24:07.063,0.84597,0.84611,1.50,1.13
2011.02.23 11:24:07.175,0.84597,0.84609,1.50,1.13
2011.02.23 11:24:07.724,0.84598,0.84611,2.25,3.00
2011.02.23 11:24:08.273,0.84598,0.84611,2.35,1.50
2011.02.23 11:24:09.494,0.84598,0.84612,2.35,1.50
2011.02.23 11:24:09.716,0.84599,0.84612,4.02,1.50
2011.02.23 11:24:12.524,0.84599,0.84611,2.68,1.50
2011.02.23 11:24:12.744,0.84599,0.84611,2.25,3.00
2011.02.23 11:24:13.292,0.84599,0.84611,2.52,1.50
2011.02.23 11:24:13.843,0.84597,0.84611,3.36,1.50
2011.02.23 11:24:21.202,0.84597,0.8461,3.36,1.50
2011.02.23 11:24:22.884,0.84597,0.8461,3.36,1.50
2011.02.23 11:24:23.223,0.84597,0.8461,3.36,1.50
2011.02.23 11:24:24.112,0.84598,0.8461,1.86,1.50
2011.02.23 11:24:24.693,0.84597,0.8461,1.86,1.50
2011.02.23 11:24:25.476,0.84597,0.8461,2.02,1.13
2011.02.23 11:24:25.706,0.84597,0.84608,1.86,1.50
2011.02.23 11:24:26.154,0.846,0.84609,2.25,1.50
2011.02.23 11:24:26.263,0.846,0.84609,2.25,1.50
2011.02.23 11:24:26.814,0.84599,0.8461,2.52,1.50
2011.02.23 11:24:29.153,0.84598,0.8461,1.77,2.25
2011.02.23 11:24:35.063,0.84598,0.8461,2.52,2.25
2011.02.23 11:24:35.400,0.84598,0.84607,1.50,1.50
2011.02.23 11:24:35.952,0.84596,0.84609,4.02,1.50
2011.02.23 11:24:36.384,0.84597,0.84609,1.77,1.50
2011.02.23 11:24:37.005,0.84596,0.84608,2.52,1.50
2011.02.23 11:24:37.553,0.84594,0.84607,1.77,1.50
2011.02.23 11:24:38.392,0.84594,0.84607,1.77,1.50
2011.02.23 11:24:39.374,0.84595,0.84607,1.50,1.50
2011.02.23 11:24:39.922,0.84596,0.84607,2.25,1.50
2011.02.23 11:24:41.875,0.84595,0.84606,1.50,1.50
2011.02.23 11:24:42.097,0.84598,0.84609,1.50,2.25
2011.02.23 11:24:42.215,0.84599,0.84611,1.67,1.02
2011.02.23 11:24:42.662,0.84601,0.84611,2.42,1.02
2011.02.23 11:24:42.996,0.84601,0.84611,2.42,1.02
2011.02.23 11:24:44.514,0.84601,0.84612,2.42,2.25
2011.02.23 11:24:44.845,0.84601,0.84612,1.50,3.75
2011.02.23 11:24:44.956,0.84599,0.84612,2.25,4.88
2011.02.23 11:24:45.076,0.84599,0.84608,2.25,2.25
2011.02.23 11:24:45.200,0.84595,0.84607,2.25,1.88
2011.02.23 11:24:45.316,0.84593,0.84607,3.75,3.93
2011.02.23 11:24:45.657,0.84596,0.84607,2.25,1.50
2011.02.23 11:24:45.774,0.84596,0.84607,2.25,1.50
2011.02.23 11:24:46.322,0.84596,0.84607,2.25,1.50
2011.02.23 11:24:52.274,0.84594,0.84606,1.77,1.50
2011.02.23 11:24:52.823,0.84593,0.84606,5.52,1.50
2011.02.23 11:24:56.223,0.84593,0.84606,3.27,1.50
2011.02.23 11:24:56.745,0.84593,0.84604,1.50,2.25
2011.02.23 11:24:57.075,0.84593,0.84605,3.00,1.50
2011.02.23 11:24:57.624,0.84594,0.84606,2.52,1.50
2011.02.23 11:25:01.356,0.84595,0.84606,1.50,1.88
2011.02.23 11:25:01.586,0.84596,0.84608,2.42,1.50
2011.02.23 11:25:05.516,0.84596,0.84606,3.17,1.13
2011.02.23 11:25:05.735,0.84594,0.84606,2.52,1.13
2011.02.23 11:25:06.393,0.84595,0.84607,2.25,1.50
2011.02.23 11:25:06.832,0.84595,0.84609,3.75,3.00
2011.02.23 11:25:07.353,0.84596,0.84609,1.50,1.50
2011.02.23 11:25:09.474,0.84594,0.84608,2.68,1.50
2011.02.23 11:25:09.914,0.84595,0.84607,2.25,1.50
2011.02.23 11:25:10.134,0.84595,0.84609,1.67,3.00
2011.02.23 11:25:11.883,0.84596,0.84609,2.25,3.00
2011.02.23 11:25:12.216,0.84594,0.84603,1.18,1.88
2011.02.23 11:25:12.774,0.84593,0.84604,3.36,1.13
2011.02.23 11:25:12.997,0.84596,0.84607,2.25,1.50
2011.02.23 11:25:13.114,0.84594,0.84608,1.77,1.50
2011.02.23 11:25:13.442,0.84596,0.84609,2.25,1.50
2011.02.23 11:25:14.284,0.84596,0.84607,2.25,1.13
2011.02.23 11:25:14.615,0.84592,0.84604,1.77,1.50
2011.02.23 11:25:14.834,0.84592,0.84606,4.86,1.88
2011.02.23 11:25:16.485,0.84592,0.84604,4.86,3.00
2011.02.23 11:25:16.816,0.84592,0.84604,2.61,1.50
2011.02.23 11:25:17.373,0.84593,0.84606,1.86,2.63
2011.02.23 11:25:18.364,0.84593,0.84605,1.86,3.75
2011.02.23 11:25:18.474,0.84593,0.84602,1.60,1.02
2011.02.23 11:25:18.586,0.84587,0.84599,1.67,1.13
2011.02.23 11:25:18.705,0.84584,0.84597,1.18,2.63
2011.02.23 11:25:18.814,0.84584,0.84597,1.02,2.63
2011.02.23 11:25:19.368,0.84581,0.84593,2.77,1.13
2011.02.23 11:25:19.925,0.84581,0.84593,1.86,1.13
2011.02.23 11:25:20.694,0.84583,0.84597,1.77,1.50
2011.02.23 11:25:20.915,0.84585,0.84598,2.52,3.00
2011.02.23 11:25:21.133,0.84585,0.84598,3.27,1.88
2011.02.23 11:25:22.172,0.84585,0.84597,1.02,1.50
2011.02.23 11:25:22.614,0.84583,0.84597,1.77,2.63
2011.02.23 11:25:22.724,0.84583,0.84597,1.50,2.63
2011.02.23 11:25:22.833,0.84583,0.84597,1.50,2.63
2011.02.23 11:25:23.383,0.84583,0.84597,1.50,2.63
2011.02.23 11:25:23.934,0.84583,0.84596,1.50,1.50
2011.02.23 11:25:28.503,0.84583,0.84596,1.67,1.50
2011.02.23 11:25:31.333,0.84584,0.84596,1.50,1.50
2011.02.23 11:25:31.883,0.84584,0.84598,2.42,3.00
2011.02.23 11:25:32.543,0.84585,0.84598,1.50,1.50
2011.02.23 11:25:33.094,0.84587,0.84599,1.50,1.50
2011.02.23 11:25:33.425,0.84586,0.84597,1.50,1.13
2011.02.23 11:25:33.756,0.84584,0.84596,1.50,1.13
2011.02.23 11:25:34.094,0.84584,0.84598,1.67,3.00
2011.02.23 11:25:34.423,0.84585,0.84598,1.02,1.50
2011.02.23 11:25:34.752,0.84585,0.84598,1.02,1.50
2011.02.23 11:25:36.686,0.84585,0.84598,1.02,1.50
2011.02.23 11:25:37.026,0.84584,0.84598,1.67,3.00
2011.02.23 11:25:37.254,0.84584,0.84596,1.67,1.50
2011.02.23 11:25:39.860,0.84583,0.84596,1.67,1.50
2011.02.23 11:25:40.413,0.84581,0.84595,1.86,1.50
2011.02.23 11:25:43.225,0.8458,0.84595,4.76,1.50
2011.02.23 11:25:43.665,0.8458,0.84594,1.50,3.00
2011.02.23 11:25:44.423,0.84578,0.84594,2.77,2.25
2011.02.23 11:25:45.014,0.8458,0.84593,1.50,3.38
2011.02.23 11:25:45.135,0.8458,0.84593,2.25,3.38
2011.02.23 11:25:45.257,0.84582,0.84593,1.02,2.63
2011.02.23 11:25:45.826,0.84582,0.84594,1.02,1.88
2011.02.23 11:25:46.734,0.84582,0.84593,1.02,1.13
2011.02.23 11:25:46.843,0.84579,0.84592,1.50,1.50
2011.02.23 11:25:48.833,0.84578,0.84591,3.85,1.50
2011.02.23 11:25:49.967,0.84579,0.84593,2.42,1.13
2011.02.23 11:25:50.193,0.8458,0.84593,2.42,1.13
2011.02.23 11:25:50.415,0.8458,0.84592,2.25,1.50
2011.02.23 11:25:50.747,0.84578,0.84592,3.85,1.50
2011.02.23 11:25:51.143,0.84581,0.84594,1.50,2.63
2011.02.23 11:25:53.204,0.84579,0.84592,2.42,1.13
2011.02.23 11:25:56.323,0.8458,0.84592,1.50,1.13
2011.02.23 11:25:56.661,0.8458,0.84593,1.50,1.88
2011.02.23 11:25:57.216,0.84579,0.84592,2.25,1.13
2011.02.23 11:26:06.433,0.84578,0.8459,2.35,2.63
2011.02.23 11:26:06.984,0.84578,0.8459,1.60,1.50
2011.02.23 11:26:07.563,0.84578,0.8459,1.60,1.50
2011.02.23 11:26:08.285,0.84578,0.8459,1.86,1.50
2011.02.23 11:26:09.456,0.84578,0.84591,2.02,1.50
2011.02.23 11:26:09.686,0.84579,0.84592,1.77,1.13
2011.02.23 11:26:09.805,0.8458,0.84592,1.77,1.13
2011.02.23 11:26:10.023,0.8458,0.84594,1.93,2.25
2011.02.23 11:26:10.243,0.84581,0.84594,1.77,2.25
2011.02.23 11:26:16.564,0.8458,0.84591,1.02,1.50
2011.02.23 11:26:16.674,0.84577,0.84591,4.11,1.50
2011.02.23 11:26:17.883,0.84578,0.8459,1.86,1.50
2011.02.23 11:26:18.875,0.84578,0.8459,1.86,2.25
2011.02.23 11:26:19.206,0.84578,0.84589,1.86,2.25
2011.02.23 11:26:19.433,0.84579,0.84589,1.77,1.50
2011.02.23 11:26:19.654,0.84582,0.84591,1.02,1.50
2011.02.23 11:26:19.767,0.84582,0.84591,1.02,1.50
2011.02.23 11:26:19.995,0.8458,0.84591,2.25,1.50
2011.02.23 11:26:20.340,0.8458,0.84593,1.50,1.50
2011.02.23 11:26:20.453,0.8458,0.84593,1.50,1.50
2011.02.23 11:26:22.522,0.84582,0.84593,1.50,1.50
2011.02.23 11:26:24.326,0.8458,0.84593,1.50,1.50
2011.02.23 11:26:24.666,0.84582,0.84595,1.39,1.50
2011.02.23 11:26:28.374,0.84585,0.84596,1.02,1.50
2011.02.23 11:26:28.483,0.84585,0.84597,1.02,1.88
2011.02.23 11:26:29.034,0.84585,0.84596,1.02,1.50
2011.02.23 11:26:29.579,0.84585,0.84597,1.02,1.88
2011.02.23 11:26:30.133,0.84585,0.84596,1.02,1.88
2011.02.23 11:26:30.733,0.84585,0.84596,1.02,1.88
2011.02.23 11:26:31.282,0.84585,0.84596,1.02,1.88
2011.02.23 11:26:33.072,0.84585,0.84596,1.02,1.13
2011.02.23 11:26:33.654,0.84585,0.84596,1.02,1.88
2011.02.23 11:26:34.510,0.84585,0.84596,1.02,1.13
2011.02.23 11:26:35.314,0.84584,0.84596,1.77,1.50
2011.02.23 11:26:36.784,0.84584,0.84596,2.52,1.88
2011.02.23 11:26:40.223,0.84584,0.84596,2.52,1.88
2011.02.23 11:26:40.773,0.84584,0.84596,2.52,1.88
2011.02.23 11:26:42.266,0.84583,0.84594,3.75,1.50
2011.02.23 11:26:42.853,0.84584,0.84594,1.02,1.50
2011.02.23 11:26:43.185,0.84583,0.84594,3.75,1.50
2011.02.23 11:26:43.295,0.84582,0.84594,1.77,1.50
2011.02.23 11:26:43.844,0.84581,0.84592,1.77,1.50
2011.02.23 11:26:46.967,0.84583,0.84593,1.77,1.50
2011.02.23 11:26:48.183,0.84585,0.84596,2.25,1.13
2011.02.23 11:26:59.763,0.84585,0.84597,1.50,1.13
2011.02.23 11:27:01.353,0.84583,0.84597,8.42,1.13
2011.02.23 11:27:04.750,0.84584,0.84597,2.25,1.13
2011.02.23 11:27:06.185,0.84585,0.84597,1.50,1.88
2011.02.23 11:27:09.465,0.84586,0.84596,1.50,1.13
2011.02.23 11:27:10.994,0.84584,0.84596,2.42,1.13
2011.02.23 11:27:13.953,0.84584,0.84596,2.42,1.13
2011.02.23 11:27:16.772,0.84584,0.84596,2.42,1.13
2011.02.23 11:27:22.014,0.84585,0.84596,4.50,1.13
2011.02.23 11:27:29.497,0.84584,0.84596,2.25,1.88
2011.02.23 11:27:29.724,0.84584,0.84596,6.00,1.13
2011.02.23 11:27:30.622,0.84585,0.84596,2.25,1.13
2011.02.23 11:27:31.178,0.84584,0.84597,4.50,1.13
2011.02.23 11:27:31.295,0.84585,0.84597,2.25,1.13
2011.02.23 11:27:31.954,0.84584,0.84596,2.25,2.63
2011.02.23 11:27:32.174,0.84585,0.84597,2.25,1.13
2011.02.23 11:27:32.723,0.84585,0.84597,2.25,1.88
2011.02.23 11:27:33.473,0.84585,0.84597,2.25,1.88
2011.02.23 11:27:37.060,0.84586,0.84597,1.50,1.88
2011.02.23 11:27:37.622,0.84585,0.84597,2.25,1.88
2011.02.23 11:27:40.625,0.84585,0.84598,2.79,1.13
2011.02.23 11:27:40.747,0.84588,0.846,1.67,2.25
2011.02.23 11:27:41.306,0.84589,0.84601,1.67,1.13
2011.02.23 11:27:41.643,0.84591,0.84601,1.67,1.13
2011.02.23 11:27:42.255,0.8459,0.84601,1.67,1.13
2011.02.23 11:27:43.626,0.8459,0.84601,1.67,1.13
2011.02.23 11:27:44.190,0.8459,0.84601,1.67,1.13
2011.02.23 11:27:44.745,0.8459,0.84601,2.42,1.13
2011.02.23 11:27:48.876,0.84591,0.84601,2.04,1.13
2011.02.23 11:27:49.144,0.84591,0.84601,2.79,1.13
2011.02.23 11:27:50.455,0.84592,0.84605,2.49,1.50
2011.02.23 11:27:50.895,0.84596,0.84607,1.67,1.13
2011.02.23 11:27:51.015,0.84595,0.84608,1.67,1.13
2011.02.23 11:27:51.564,0.84595,0.84608,1.67,1.13
2011.02.23 11:27:52.004,0.84595,0.84608,2.42,1.13
2011.02.23 11:27:53.115,0.84595,0.84611,1.67,3.27
2011.02.23 11:27:53.225,0.84595,0.84608,1.67,1.13
2011.02.23 11:27:53.778,0.84597,0.84608,1.67,1.13
2011.02.23 11:27:54.485,0.84596,0.84608,1.67,1.13
2011.02.23 11:27:55.037,0.84596,0.84608,1.67,1.13
2011.02.23 11:27:56.034,0.84596,0.8461,1.67,1.13
2011.02.23 11:27:56.584,0.84595,0.84609,3.92,1.13
2011.02.23 11:27:57.134,0.84596,0.84612,2.42,2.80
2011.02.23 11:27:57.684,0.84596,0.84608,1.67,1.13
2011.02.23 11:27:58.579,0.84597,0.84608,1.50,1.13
2011.02.23 11:27:59.134,0.84595,0.84608,1.67,1.13
2011.02.23 11:27:59.353,0.84595,0.84609,1.67,1.13
2011.02.23 11:27:59.972,0.84595,0.84609,2.42,1.13
2011.02.23 11:28:01.075,0.84594,0.84609,3.43,1.13
2011.02.23 11:28:01.406,0.84594,0.84606,2.25,1.39
2011.02.23 11:28:01.855,0.84589,0.84604,2.42,1.77
2011.02.23 11:28:02.404,0.84589,0.84603,2.42,1.50
2011.02.23 11:28:02.953,0.84589,0.84603,2.42,1.50
2011.02.23 11:28:03.723,0.84588,0.84604,3.26,1.77
2011.02.23 11:28:04.275,0.84589,0.84604,1.18,2.25
2011.02.23 11:28:05.254,0.84589,0.84604,2.68,1.50
2011.02.23 11:28:05.380,0.8459,0.84605,1.67,1.50
2011.02.23 11:28:05.494,0.8459,0.84605,1.67,1.50
2011.02.23 11:28:07.475,0.84589,0.84605,1.18,2.25
2011.02.23 11:28:08.024,0.8459,0.84603,2.42,1.50
2011.02.23 11:28:09.985,0.84588,0.84603,2.51,2.25
2011.02.23 11:28:12.584,0.84588,0.84603,1.01,1.50
2011.02.23 11:28:12.808,0.84588,0.84601,1.01,1.77
2011.02.23 11:28:13.365,0.84585,0.84599,1.76,1.50
2011.02.23 11:28:14.133,0.84584,0.84599,3.52,2.25
2011.02.23 11:28:16.484,0.84584,0.84597,2.02,1.50
2011.02.23 11:28:16.705,0.84584,0.84597,1.27,1.50
2011.02.23 11:28:16.925,0.84582,0.84597,3.26,2.25
2011.02.23 11:28:17.475,0.8458,0.84596,1.67,2.25
2011.02.23 11:28:18.025,0.84583,0.84596,1.50,2.25
2011.02.23 11:28:18.575,0.84584,0.84596,1.50,1.50
2011.02.23 11:28:18.695,0.84582,0.84595,1.67,1.50
2011.02.23 11:28:19.243,0.84581,0.84594,1.67,1.50
2011.02.23 11:28:20.124,0.8458,0.84594,1.50,1.50
2011.02.23 11:28:21.024,0.84581,0.84594,1.50,1.50
2011.02.23 11:28:21.573,0.84581,0.84594,1.67,1.50
2011.02.23 11:28:25.931,0.84581,0.84595,2.42,1.50
2011.02.23 11:28:26.484,0.84583,0.84596,1.88,1.50
2011.02.23 11:28:26.595,0.84584,0.84598,2.25,3.00
2011.02.23 11:28:26.706,0.84583,0.846,3.17,3.00
2011.02.23 11:28:27.266,0.84583,0.84597,1.67,1.50
2011.02.23 11:28:27.923,0.84583,0.84598,2.42,1.88
2011.02.23 11:28:29.125,0.84583,0.84598,3.17,1.50
2011.02.23 11:28:30.657,0.84583,0.84597,2.42,1.50
2011.02.23 11:28:32.864,0.84583,0.84597,1.67,1.50
2011.02.23 11:28:33.200,0.8458,0.84594,1.13,2.25
2011.02.23 11:28:33.318,0.84577,0.84592,1.01,1.50
2011.02.23 11:28:33.437,0.8458,0.84592,1.50,1.50
2011.02.23 11:28:33.664,0.8458,0.84595,2.42,4.50
2011.02.23 11:28:33.775,0.84582,0.84595,1.50,2.25
2011.02.23 11:28:33.995,0.84582,0.84597,1.50,1.50
2011.02.23 11:28:35.783,0.84581,0.84597,1.50,1.88
2011.02.23 11:28:35.895,0.8458,0.84596,3.17,1.50
2011.02.23 11:28:36.224,0.8458,0.84594,2.42,1.88
2011.02.23 11:28:36.868,0.8458,0.84594,2.42,1.88
2011.02.23 11:28:37.584,0.8458,0.84594,2.42,1.88
2011.02.23 11:28:37.915,0.84582,0.84596,3.17,1.50
2011.02.23 11:28:38.463,0.84582,0.84597,3.17,1.50
2011.02.23 11:28:39.005,0.84581,0.84596,1.67,1.50
2011.02.23 11:28:39.556,0.84582,0.84594,1.50,1.13
2011.02.23 11:28:39.664,0.8458,0.84592,1.50,1.50
2011.02.23 11:28:40.213,0.84579,0.84593,1.50,2.25
2011.02.23 11:28:40.693,0.84581,0.84593,1.50,2.25
2011.02.23 11:28:43.187,0.8458,0.84593,1.50,1.50
2011.02.23 11:28:45.873,0.84579,0.84593,1.50,1.50
2011.02.23 11:28:46.424,0.84579,0.84592,1.50,2.25
2011.02.23 11:28:46.975,0.84576,0.84592,1.76,2.25
2011.02.23 11:28:51.888,0.84574,0.84589,2.51,1.50
2011.02.23 11:28:52.444,0.84574,0.84589,1.77,3.00
2011.02.23 11:28:53.105,0.84572,0.84587,1.67,1.02
2011.02.23 11:28:53.653,0.84571,0.84587,1.67,2.63
2011.02.23 11:28:54.204,0.84572,0.84587,1.67,1.88
2011.02.23 11:28:54.793,0.84572,0.84587,1.67,2.25
2011.02.23 11:28:59.518,0.84572,0.84586,1.67,1.13
2011.02.23 11:28:59.868,0.84573,0.84587,1.67,1.50
2011.02.23 11:29:02.243,0.84572,0.84588,2.42,1.04
2011.02.23 11:29:08.084,0.84573,0.84586,1.67,1.13
2011.02.23 11:29:08.196,0.84571,0.84586,1.67,1.88
2011.02.23 11:29:08.316,0.84571,0.84584,1.67,1.50
2011.02.23 11:29:08.425,0.84571,0.84584,1.67,1.50
2011.02.23 11:29:10.257,0.84569,0.84584,2.42,3.75
2011.02.23 11:29:10.489,0.84569,0.84584,1.67,4.50
2011.02.23 11:29:11.266,0.8457,0.84585,1.67,4.50
2011.02.23 11:29:11.715,0.84569,0.84584,2.42,1.50
2011.02.23 11:29:11.936,0.8457,0.84585,1.67,3.75
2011.02.23 11:29:12.493,0.8457,0.84585,1.67,5.63
2011.02.23 11:29:12.715,0.84573,0.84585,1.50,2.63
2011.02.23 11:29:13.044,0.84575,0.84587,1.67,2.25
2011.02.23 11:29:13.484,0.84575,0.84588,2.42,2.91
2011.02.23 11:29:13.818,0.84575,0.84588,2.42,1.41
2011.02.23 11:29:14.191,0.84577,0.84592,1.67,2.25
2011.02.23 11:29:14.745,0.84576,0.84589,1.67,1.13
2011.02.23 11:29:14.854,0.84575,0.84589,2.42,1.13
2011.02.23 11:29:15.404,0.84575,0.84589,2.42,1.13
2011.02.23 11:29:15.516,0.84575,0.84589,2.42,1.13
2011.02.23 11:29:16.076,0.84575,0.84589,2.42,1.13
2011.02.23 11:29:16.186,0.84575,0.84589,2.42,1.13
2011.02.23 11:29:17.864,0.84575,0.84589,2.42,1.13
2011.02.23 11:29:18.085,0.84575,0.8459,2.42,1.50
2011.02.23 11:29:18.635,0.84576,0.8459,2.42,1.50
2011.02.23 11:29:19.524,0.84577,0.8459,2.42,1.50
2011.02.23 11:29:21.495,0.84578,0.8459,2.42,1.50
2011.02.23 11:29:23.835,0.84578,0.8459,1.67,1.02
2011.02.23 11:29:24.166,0.84581,0.84591,2.42,1.02
2011.02.23 11:29:24.614,0.84579,0.84592,3.17,2.52
2011.02.23 11:29:30.597,0.84582,0.84592,1.50,1.77
2011.02.23 11:29:31.605,0.84583,0.84592,1.50,1.77
2011.02.23 11:29:31.934,0.84581,0.84592,1.67,1.77
2011.02.23 11:29:32.486,0.84582,0.84592,1.50,1.77
2011.02.23 11:29:33.034,0.84582,0.84592,2.42,1.77
2011.02.23 11:29:33.258,0.84587,0.84594,1.67,1.50
2011.02.23 11:29:33.709,0.84591,0.84606,1.18,2.25
2011.02.23 11:29:33.828,0.8459,0.84603,1.67,2.16
2011.02.23 11:29:34.387,0.8459,0.84606,1.93,4.68
2011.02.23 11:29:34.834,0.8459,0.84604,1.18,2.16
2011.02.23 11:29:35.946,0.8459,0.84605,2.68,3.18
2011.02.23 11:29:36.507,0.84591,0.84604,3.17,1.41
2011.02.23 11:29:37.086,0.8459,0.84604,1.18,1.41
2011.02.23 11:29:39.146,0.84591,0.84604,2.42,1.41
2011.02.23 11:29:39.694,0.84591,0.84606,2.42,2.43
2011.02.23 11:29:40.924,0.84592,0.84607,3.17,3.18
2011.02.23 11:29:41.486,0.84594,0.84608,1.67,2.43
2011.02.23 11:29:41.827,0.84596,0.84609,1.67,1.68
2011.02.23 11:29:42.053,0.84596,0.84611,3.17,1.50
2011.02.23 11:29:42.902,0.84598,0.84612,3.17,2.16
2011.02.23 11:29:43.017,0.84598,0.84612,3.17,2.43
2011.02.23 11:29:46.865,0.84597,0.8461,1.67,2.52
2011.02.23 11:29:47.195,0.84597,0.84608,2.52,2.25
2011.02.23 11:29:47.524,0.84598,0.84612,2.42,1.50
2011.02.23 11:29:47.634,0.84598,0.8461,2.42,1.02
2011.02.23 11:29:47.965,0.84597,0.8461,1.67,1.77
2011.02.23 11:29:48.514,0.84596,0.8461,3.17,1.02
2011.02.23 11:29:49.148,0.84596,0.8461,3.17,1.02
2011.02.23 11:29:50.225,0.84597,0.84611,2.42,1.02
2011.02.23 11:29:50.776,0.84598,0.84613,3.17,3.93
2011.02.23 11:29:52.693,0.84599,0.84613,3.17,3.18
2011.02.23 11:29:53.954,0.84599,0.84613,3.17,3.18
2011.02.23 11:29:54.175,0.84599,0.8461,3.17,1.39
2011.02.23 11:29:54.397,0.846,0.84608,1.50,2.16
2011.02.23 11:29:54.516,0.846,0.84611,2.25,4.13
2011.02.23 11:29:55.073,0.84598,0.84612,2.42,2.25
2011.02.23 11:30:00.595,0.846,0.84612,1.67,2.25
2011.02.23 11:30:01.144,0.846,0.84612,2.42,2.25
2011.02.23 11:30:01.697,0.84598,0.84612,1.67,1.50
2011.02.23 11:30:03.485,0.84599,0.84612,2.04,1.50
2011.02.23 11:30:05.265,0.84601,0.84612,1.29,1.50
2011.02.23 11:30:05.815,0.84602,0.84612,3.92,1.50
2011.02.23 11:30:06.364,0.84602,0.84612,3.92,1.50
2011.02.23 11:30:08.025,0.84599,0.84612,2.04,2.25
2011.02.23 11:30:08.355,0.84598,0.84612,3.17,2.25
2011.02.23 11:30:09.566,0.84598,0.84612,2.42,2.25
2011.02.23 11:30:11.845,0.84599,0.84612,1.67,1.50
2011.02.23 11:30:18.646,0.846,0.84612,3.54,1.50
2011.02.23 11:30:19.208,0.84601,0.84612,1.50,1.50
2011.02.23 11:30:23.443,0.84599,0.84613,1.67,2.91
2011.02.23 11:30:24.456,0.84601,0.84613,2.42,2.91
2011.02.23 11:30:25.007,0.84601,0.84613,1.67,2.16
2011.02.23 11:30:27.495,0.84602,0.84613,2.79,2.16
2011.02.23 11:30:27.824,0.84603,0.84613,1.29,2.16
2011.02.23 11:30:27.937,0.846,0.84612,2.79,1.50
2011.02.23 11:30:29.027,0.84603,0.84612,2.42,2.25
2011.02.23 11:30:29.366,0.84606,0.84617,2.42,2.25
2011.02.23 11:30:29.486,0.84609,0.8462,1.67,1.02
2011.02.23 11:30:29.607,0.84609,0.84621,1.67,2.52
2011.02.23 11:30:30.494,0.84607,0.84621,2.42,2.52
2011.02.23 11:30:31.044,0.84608,0.84621,1.67,2.52
2011.02.23 11:30:32.264,0.84606,0.84621,3.17,1.02
2011.02.23 11:30:35.009,0.84608,0.84621,1.29,1.02
2011.02.23 11:30:35.127,0.84608,0.84621,2.79,1.02
2011.02.23 11:30:35.505,0.84609,0.84621,2.42,1.02
2011.02.23 11:30:35.840,0.84613,0.84622,1.18,1.50
2011.02.23 11:30:35.961,0.84616,0.84625,1.18,2.25
2011.02.23 11:30:36.186,0.84616,0.84627,1.18,1.50
2011.02.23 11:30:36.525,0.84613,0.84627,3.17,1.50
2011.02.23 11:30:36.638,0.84613,0.84627,1.50,1.50
2011.02.23 11:30:36.758,0.8461,0.84624,1.67,1.13
2011.02.23 11:30:37.210,0.8461,0.84624,2.42,1.50
2011.02.23 11:30:37.656,0.84608,0.84623,1.76,1.50
2011.02.23 11:30:37.766,0.84608,0.84623,1.76,3.00
2011.02.23 11:30:37.889,0.84608,0.84622,1.76,1.50
2011.02.23 11:30:40.244,0.84606,0.8462,3.26,2.25
2011.02.23 11:30:40.794,0.84606,0.8462,3.26,1.50
2011.02.23 11:30:41.565,0.84606,0.8462,1.76,2.25
2011.02.23 11:30:42.158,0.84605,0.8462,3.26,1.50
2011.02.23 11:30:44.866,0.84608,0.84621,1.76,1.13
2011.02.23 11:30:45.319,0.84608,0.84622,1.01,2.25
2011.02.23 11:30:45.446,0.84606,0.84621,1.76,1.88
2011.02.23 11:30:45.888,0.84608,0.8462,1.01,1.50
2011.02.23 11:30:46.665,0.84609,0.84621,1.67,1.13
2011.02.23 11:30:47.214,0.84608,0.84622,1.01,2.25
2011.02.23 11:30:47.543,0.84608,0.84623,1.01,2.25
2011.02.23 11:30:49.654,0.84608,0.84623,1.76,2.25
2011.02.23 11:30:50.205,0.84608,0.84622,1.01,1.13
2011.02.23 11:30:50.753,0.84608,0.84621,1.01,1.13
2011.02.23 11:30:51.304,0.84607,0.84621,1.01,1.13
2011.02.23 11:30:51.853,0.84606,0.8462,1.76,1.50
2011.02.23 11:30:52.444,0.84607,0.84621,1.01,1.13
2011.02.23 11:30:52.664,0.84608,0.84621,1.01,1.13
2011.02.23 11:30:53.213,0.84607,0.8462,1.01,1.50
2011.02.23 11:30:54.314,0.84608,0.8462,1.01,1.50
2011.02.23 11:30:54.685,0.84607,0.84619,1.01,1.13
2011.02.23 11:30:54.796,0.84607,0.84619,1.01,1.13
2011.02.23 11:30:55.347,0.84605,0.8462,1.01,2.25
2011.02.23 11:30:55.467,0.84608,0.84621,1.01,3.75
2011.02.23 11:30:56.135,0.84608,0.8462,1.76,1.50
2011.02.23 11:30:56.245,0.84608,0.8462,1.01,1.50
2011.02.23 11:30:56.796,0.84608,0.8462,1.01,1.50
2011.02.23 11:30:57.985,0.84608,0.84618,1.01,1.13
2011.02.23 11:30:59.524,0.84605,0.84618,1.01,1.13
2011.02.23 11:31:00.077,0.84605,0.8462,2.51,1.88
2011.02.23 11:31:00.204,0.84608,0.84621,1.76,1.50
2011.02.23 11:31:00.425,0.84609,0.84621,1.67,1.50
2011.02.23 11:31:02.079,0.84614,0.84625,1.67,1.50
2011.02.23 11:31:02.305,0.84613,0.84626,1.67,1.50
2011.02.23 11:31:02.636,0.84615,0.84628,1.67,3.00
2011.02.23 11:31:02.869,0.84614,0.84627,1.67,2.63
2011.02.23 11:31:03.098,0.84611,0.84625,1.67,1.50
2011.02.23 11:31:03.435,0.8461,0.84625,1.67,3.38
2011.02.23 11:31:03.547,0.84608,0.84623,3.26,1.13
2011.02.23 11:31:03.666,0.84608,0.84621,1.76,1.50
2011.02.23 11:31:04.105,0.84608,0.84622,2.51,1.50
2011.02.23 11:31:05.510,0.84607,0.84621,1.01,1.50
2011.02.23 11:31:06.307,0.84606,0.8462,2.51,1.50
2011.02.23 11:31:06.876,0.84604,0.84619,3.26,1.50
2011.02.23 11:31:07.646,0.84604,0.84619,1.01,2.63
2011.02.23 11:31:07.768,0.84603,0.84616,2.25,3.00
2011.02.23 11:31:07.999,0.84602,0.84615,1.50,1.88
2011.02.23 11:31:08.556,0.84599,0.84615,2.42,1.88
2011.02.23 11:31:09.118,0.846,0.84615,2.42,4.13
2011.02.23 11:31:09.453,0.846,0.84615,2.42,4.13
2011.02.23 11:31:10.218,0.84599,0.84613,1.67,1.50
2011.02.23 11:31:10.775,0.84599,0.84613,1.50,2.25
2011.02.23 11:31:11.104,0.84599,0.84613,2.42,1.50
2011.02.23 11:31:11.654,0.846,0.84614,1.67,2.25
2011.02.23 11:31:12.854,0.846,0.84614,1.67,3.00
2011.02.23 11:31:13.529,0.84601,0.84615,3.17,2.25
2011.02.23 11:31:14.866,0.84601,0.84615,3.17,2.25
2011.02.23 11:31:15.500,0.846,0.84615,3.17,2.25
2011.02.23 11:31:17.076,0.84599,0.84614,3.92,3.00
2011.02.23 11:31:17.195,0.84599,0.84613,2.42,1.50
2011.02.23 11:31:17.635,0.84599,0.84611,1.50,1.50
2011.02.23 11:31:17.746,0.84597,0.84611,2.42,1.50
2011.02.23 11:31:17.855,0.84598,0.84613,2.25,1.50
2011.02.23 11:31:18.404,0.846,0.84614,1.50,2.25
2011.02.23 11:31:19.038,0.846,0.84615,2.42,4.13
2011.02.23 11:31:19.593,0.846,0.84615,2.42,4.13
2011.02.23 11:31:21.905,0.84597,0.84613,2.42,1.50
2011.02.23 11:31:22.464,0.84597,0.84613,2.42,1.50
2011.02.23 11:31:23.176,0.84596,0.84612,3.43,1.02
2011.02.23 11:31:23.508,0.84595,0.84611,3.17,1.88
2011.02.23 11:31:23.734,0.84595,0.84613,3.17,3.75
2011.02.23 11:31:24.319,0.84598,0.84613,1.67,3.75
2011.02.23 11:31:24.835,0.84598,0.84611,1.67,1.88
2011.02.23 11:31:24.945,0.84595,0.84611,2.42,1.88
2011.02.23 11:31:25.472,0.84597,0.84612,2.25,1.13
2011.02.23 11:31:25.915,0.84598,0.84613,1.67,3.00
2011.02.23 11:31:27.347,0.84598,0.84612,1.67,2.25
2011.02.23 11:31:27.465,0.84597,0.84612,1.67,2.25
2011.02.23 11:31:27.576,0.84597,0.84611,1.67,1.13
2011.02.23 11:31:27.806,0.84598,0.8461,1.50,1.50
2011.02.23 11:31:30.887,0.84597,0.84613,1.67,3.00
2011.02.23 11:31:31.008,0.846,0.84613,1.67,3.00
2011.02.23 11:31:32.298,0.84598,0.84612,3.17,1.50
2011.02.23 11:31:32.635,0.84596,0.84611,2.42,3.00
2011.02.23 11:31:33.144,0.84595,0.8461,4.67,1.50
2011.02.23 11:31:33.916,0.84595,0.8461,3.17,1.50
2011.02.23 11:31:34.025,0.84595,0.8461,2.42,3.75
2011.02.23 11:31:34.575,0.84593,0.84607,3.92,1.50
2011.02.23 11:31:35.124,0.84594,0.84607,1.67,1.50
2011.02.23 11:31:35.565,0.84595,0.84607,2.42,1.50
2011.02.23 11:31:35.784,0.84596,0.84609,1.67,1.50
2011.02.23 11:31:36.334,0.84596,0.8461,1.67,2.25
2011.02.23 11:31:36.994,0.84597,0.84612,1.29,3.00
2011.02.23 11:31:37.105,0.84597,0.84612,2.04,2.25
2011.02.23 11:31:37.215,0.84597,0.84612,4.29,2.25
2011.02.23 11:31:38.854,0.84598,0.84613,3.17,3.00
2011.02.23 11:31:39.183,0.846,0.84613,1.67,2.25
2011.02.23 11:31:39.404,0.84599,0.84613,1.67,3.00
2011.02.23 11:31:39.957,0.84596,0.84611,2.42,1.50
2011.02.23 11:31:40.075,0.84596,0.8461,2.42,1.13
2011.02.23 11:31:40.626,0.84595,0.8461,1.67,1.50
2011.02.23 11:31:41.185,0.84595,0.84609,1.67,2.25
2011.02.23 11:31:41.734,0.84595,0.8461,1.67,2.25
2011.02.23 11:31:45.366,0.84595,0.84609,1.67,1.88
2011.02.23 11:31:45.924,0.84594,0.84608,2.42,1.50
2011.02.23 11:31:47.504,0.84594,0.84609,2.42,2.63
2011.02.23 11:31:49.746,0.84594,0.84608,1.67,1.50
2011.02.23 11:31:49.965,0.8459,0.84605,2.51,1.13
2011.02.23 11:31:50.186,0.84588,0.84603,3.17,2.25
2011.02.23 11:31:50.735,0.8459,0.84603,1.50,2.25
2011.02.23 11:31:51.283,0.8459,0.84603,1.50,2.25
2011.02.23 11:31:52.163,0.84588,0.84603,3.17,2.25
2011.02.23 11:31:52.273,0.84588,0.84603,3.17,2.25
2011.02.23 11:31:54.227,0.84589,0.84602,2.42,1.50
2011.02.23 11:31:54.565,0.84591,0.84603,1.67,2.25
2011.02.23 11:31:55.116,0.84591,0.84604,1.67,1.50
2011.02.23 11:31:55.995,0.84588,0.84603,1.67,1.88
2011.02.23 11:31:56.989,0.84588,0.846,1.67,5.25
2011.02.23 11:31:57.106,0.84588,0.84601,2.42,2.25
2011.02.23 11:31:57.985,0.8459,0.84598,1.50,1.50
2011.02.23 11:31:58.205,0.84586,0.84596,1.50,1.50
2011.02.23 11:31:58.755,0.84585,0.84596,1.67,1.02
2011.02.23 11:31:59.599,0.84586,0.84597,1.50,1.77
2011.02.23 11:32:00.495,0.84584,0.84597,1.50,2.52
2011.02.23 11:32:01.159,0.84584,0.84596,1.50,1.77
2011.02.23 11:32:01.386,0.8458,0.84595,2.68,2.25
2011.02.23 11:32:02.164,0.84579,0.84594,2.25,1.77
2011.02.23 11:32:02.385,0.84579,0.84595,2.25,2.52
2011.02.23 11:32:02.717,0.8458,0.84593,2.25,1.02
2011.02.23 11:32:03.275,0.8458,0.84594,2.25,1.02
2011.02.23 11:32:03.823,0.8458,0.84594,1.50,1.02
2011.02.23 11:32:04.903,0.84581,0.84594,1.50,1.02
2011.02.23 11:32:05.017,0.84581,0.84596,3.06,1.50
2011.02.23 11:32:08.653,0.84582,0.84596,2.52,1.50
2011.02.23 11:32:09.204,0.84582,0.84596,1.18,1.50
