2011.02.07 22:00:00.233,0.84301,0.84321,2.25,2.25
2011.02.07 22:00:00.904,0.84301,0.84321,2.25,2.25
2011.02.07 22:00:03.112,0.84296,0.84334,2.70,2.78
2011.02.07 22:00:06.163,0.84296,0.84335,3.72,1.95
2011.02.07 22:00:14.152,0.84296,0.84335,1.20,1.28
2011.02.07 22:00:16.594,0.84296,0.84335,1.20,1.28
2011.02.07 22:00:16.922,0.84296,0.84335,1.20,1.28
2011.02.07 22:00:17.252,0.84296,0.84335,1.20,1.20
2011.02.07 22:00:19.765,0.84296,0.84335,1.20,1.20
2011.02.07 22:00:22.372,0.84296,0.84335,1.13,1.28
2011.02.07 22:00:22.914,0.84296,0.84335,1.13,1.20
2011.02.07 22:00:23.782,0.84296,0.84335,1.20,1.28
2011.02.07 22:00:24.507,0.84296,0.84335,1.20,1.20
2011.02.07 22:00:25.773,0.84296,0.84335,1.20,1.20
2011.02.07 22:00:26.764,0.84296,0.84335,1.20,1.20
2011.02.07 22:00:38.879,0.84296,0.84335,1.20,1.13
2011.02.07 22:00:40.313,0.84296,0.84335,1.20,1.20
2011.02.07 22:00:40.422,0.84296,0.84335,1.20,1.20
2011.02.07 22:01:14.664,0.84296,0.84335,1.28,1.28
2011.02.07 22:01:16.203,0.84296,0.84335,1.28,1.20
2011.02.07 22:01:16.755,0.84296,0.84335,1.28,1.20
2011.02.07 22:01:30.856,0.84299,0.84333,2.70,2.63
2011.02.07 22:01:35.396,0.84296,0.84335,1.28,1.20
2011.02.07 22:01:54.974,0.84283,0.84356,1.20,1.20
2011.02.07 22:01:56.409,0.84282,0.84358,1.20,1.20
2011.02.07 22:02:07.663,0.84281,0.84357,6.23,6.12
2011.02.07 22:02:08.646,0.84282,0.84357,1.20,6.83
2011.02.07 22:02:10.821,0.84283,0.84355,1.20,6.45
2011.02.07 22:02:18.154,0.84281,0.84355,6.23,5.85
2011.02.07 22:02:38.607,0.84281,0.84355,6.23,6.04
2011.02.07 22:02:43.413,0.84281,0.84355,6.23,6.04
2011.02.07 22:02:52.051,0.84284,0.84355,1.20,6.45
2011.02.07 22:02:59.161,0.84285,0.84359,6.04,6.23
2011.02.07 22:02:59.271,0.84285,0.84359,6.04,6.04
2011.02.07 22:03:01.123,0.84285,0.84359,6.04,6.23
2011.02.07 22:03:01.683,0.84285,0.84359,6.04,6.23
2011.02.07 22:03:06.211,0.84285,0.84359,6.23,6.23
2011.02.07 22:03:09.850,0.84285,0.84359,6.23,6.04
2011.02.07 22:03:10.402,0.84284,0.84355,1.20,6.45
2011.02.07 22:03:11.632,0.84281,0.84355,6.23,6.04
2011.02.07 22:03:13.930,0.84283,0.84355,1.20,6.45
2011.02.07 22:03:23.531,0.84278,0.84352,6.08,6.45
2011.02.07 22:03:24.106,0.84278,0.84352,5.85,6.04
2011.02.07 22:03:39.683,0.84278,0.84352,2.40,6.23
2011.02.07 22:03:40.392,0.84278,0.84352,2.40,6.45
2011.02.07 22:03:50.344,0.84278,0.84352,2.33,6.04
2011.02.07 22:03:51.713,0.84278,0.84352,2.55,6.45
2011.02.07 22:03:52.422,0.84278,0.84352,2.40,6.04
2011.02.07 22:03:52.763,0.84267,0.84343,6.04,2.40
2011.02.07 22:03:53.763,0.84267,0.84343,6.04,6.12
2011.02.07 22:03:54.733,0.84267,0.84343,6.45,6.60
2011.02.07 22:03:55.832,0.84267,0.84343,6.04,6.23
2011.02.07 22:03:57.861,0.84267,0.84338,6.45,1.20
2011.02.07 22:03:58.531,0.84267,0.84343,6.04,6.23
2011.02.07 22:03:58.851,0.84268,0.8434,1.20,1.20
2011.02.07 22:04:00.231,0.84278,0.84352,5.85,5.85
2011.02.07 22:04:00.781,0.84278,0.84352,5.85,5.85
2011.02.07 22:04:01.812,0.84278,0.84352,5.85,5.85
2011.02.07 22:04:03.223,0.84278,0.84352,5.85,5.85
2011.02.07 22:04:03.693,0.84278,0.84352,6.04,5.85
2011.02.07 22:04:06.001,0.84278,0.84352,6.08,6.45
2011.02.07 22:04:07.822,0.84271,0.84347,6.23,5.85
2011.02.07 22:04:08.703,0.84272,0.84347,1.20,6.23
2011.02.07 22:04:09.301,0.84271,0.84347,6.23,6.04
2011.02.07 22:04:09.747,0.84271,0.84347,6.23,5.93
2011.02.07 22:04:11.217,0.84271,0.84347,6.23,6.04
2011.02.07 22:04:19.727,0.84271,0.84347,6.23,6.04
2011.02.07 22:04:20.278,0.84271,0.84347,6.23,6.04
2011.02.07 22:04:21.447,0.84271,0.84347,6.83,6.45
2011.02.07 22:04:22.763,0.84271,0.84347,6.23,6.04
2011.02.07 22:04:23.455,0.84271,0.84347,6.23,6.04
2011.02.07 22:04:23.800,0.84271,0.84347,6.23,6.23
2011.02.07 22:04:24.264,0.84271,0.84347,6.23,6.04
2011.02.07 22:04:26.811,0.84271,0.84347,6.23,6.04
2011.02.07 22:04:27.705,0.84271,0.84347,6.23,6.04
2011.02.07 22:05:05.882,0.84285,0.84329,1.58,1.39
2011.02.07 22:05:06.910,0.84269,0.84343,6.23,6.04
2011.02.07 22:05:07.023,0.84269,0.84343,6.45,6.23
2011.02.07 22:05:08.132,0.84264,0.8434,6.23,5.85
2011.02.07 22:05:09.292,0.84269,0.84344,1.20,6.45
2011.02.07 22:05:10.482,0.84273,0.84347,1.20,6.45
2011.02.07 22:05:11.743,0.84271,0.84347,6.23,6.04
2011.02.07 22:05:12.732,0.84271,0.84347,6.83,6.45
2011.02.07 22:05:43.374,0.84271,0.84347,6.23,6.04
2011.02.07 22:05:54.582,0.84271,0.84347,6.04,6.23
2011.02.07 22:05:55.352,0.84274,0.84347,1.20,6.45
2011.02.07 22:06:07.334,0.84271,0.84347,6.23,6.04
2011.02.07 22:06:11.685,0.84268,0.84344,6.23,5.85
2011.02.07 22:06:11.809,0.84268,0.84344,6.04,6.23
2011.02.07 22:06:12.833,0.84268,0.84344,6.23,6.23
2011.02.07 22:06:12.943,0.84262,0.84338,6.23,5.85
2011.02.07 22:06:18.444,0.84263,0.84338,1.20,6.45
2011.02.07 22:06:18.992,0.8426,0.84334,6.23,2.48
2011.02.07 22:06:23.155,0.84262,0.84334,1.08,2.40
2011.02.07 22:06:23.665,0.8426,0.84334,6.23,2.48
2011.02.07 22:06:30.782,0.8426,0.84334,6.23,5.85
2011.02.07 22:06:35.193,0.8426,0.84334,6.23,5.85
2011.02.07 22:06:36.304,0.8426,0.84334,6.23,5.85
2011.02.07 22:06:37.942,0.84261,0.84334,1.20,6.08
2011.02.07 22:06:38.293,0.84264,0.84334,1.20,6.08
2011.02.07 22:06:39.827,0.8426,0.84334,6.23,2.48
2011.02.07 22:06:41.054,0.84257,0.84333,6.23,5.85
2011.02.07 22:06:42.271,0.84257,0.84333,6.23,6.04
2011.02.07 22:06:44.906,0.84257,0.84333,6.23,6.04
2011.02.07 22:06:48.743,0.84264,0.84333,1.20,6.08
2011.02.07 22:06:49.072,0.84257,0.84333,6.23,5.85
2011.02.07 22:06:49.293,0.84268,0.84333,1.20,2.70
2011.02.07 22:06:49.912,0.84267,0.84341,6.04,5.85
2011.02.07 22:06:50.029,0.84267,0.84341,6.23,5.85
2011.02.07 22:06:50.254,0.84267,0.84341,6.83,2.70
2011.02.07 22:06:50.693,0.84266,0.84342,6.23,5.85
2011.02.07 22:06:52.194,0.84268,0.84342,1.20,6.08
2011.02.07 22:06:54.242,0.84266,0.84342,6.23,6.04
2011.02.07 22:06:55.506,0.84263,0.84337,6.23,2.48
2011.02.07 22:06:55.616,0.84267,0.84341,6.23,5.85
2011.02.07 22:06:56.164,0.84268,0.84341,1.20,2.70
2011.02.07 22:06:59.295,0.84276,0.84336,2.10,1.09
2011.02.07 22:06:59.405,0.84276,0.8434,2.10,6.72
2011.02.07 22:07:00.597,0.84276,0.8433,1.05,1.05
2011.02.07 22:07:02.404,0.84276,0.84344,2.10,6.79
2011.02.07 22:07:02.974,0.84276,0.84337,2.70,1.05
2011.02.07 22:07:03.983,0.84276,0.84344,2.10,6.79
2011.02.07 22:07:04.743,0.84276,0.84338,2.10,1.09
2011.02.07 22:07:21.595,0.84274,0.84329,1.05,1.05
2011.02.07 22:07:22.206,0.84272,0.8433,1.09,1.17
2011.02.07 22:07:25.019,0.84272,0.84329,1.09,2.10
2011.02.07 22:07:25.674,0.84272,0.84329,1.17,2.10
2011.02.07 22:07:26.735,0.84272,0.84329,1.09,2.10
2011.02.07 22:07:26.842,0.84272,0.84329,1.17,2.33
2011.02.07 22:07:30.773,0.84272,0.84329,1.56,2.10
2011.02.07 22:07:34.238,0.84272,0.84329,1.09,2.10
2011.02.07 22:07:34.464,0.84272,0.84329,1.17,2.33
2011.02.07 22:07:34.904,0.84272,0.84329,1.09,2.10
2011.02.07 22:07:37.388,0.84272,0.84329,1.17,2.70
2011.02.07 22:07:37.648,0.84272,0.84329,1.09,2.10
2011.02.07 22:07:47.454,0.84272,0.84331,1.75,1.09
2011.02.07 22:07:47.786,0.84276,0.84332,2.33,1.05
2011.02.07 22:07:48.224,0.84276,0.84334,2.10,1.17
2011.02.07 22:07:48.808,0.84272,0.84331,1.17,1.05
2011.02.07 22:07:48.926,0.84272,0.84333,1.56,1.17
2011.02.07 22:07:52.474,0.84272,0.84329,1.09,2.10
2011.02.07 22:07:52.694,0.84272,0.84329,1.56,2.10
2011.02.07 22:07:52.917,0.84272,0.84329,1.09,1.05
2011.02.07 22:07:53.025,0.84272,0.84329,1.17,2.33
2011.02.07 22:07:53.466,0.84272,0.84329,1.56,2.10
2011.02.07 22:07:53.575,0.84272,0.84329,1.17,1.20
2011.02.07 22:07:53.685,0.84273,0.84329,1.05,1.20
2011.02.07 22:07:55.390,0.84276,0.84329,1.84,2.10
2011.02.07 22:07:55.724,0.84277,0.84337,1.17,2.97
2011.02.07 22:07:56.591,0.84277,0.84337,1.17,2.82
2011.02.07 22:07:56.708,0.84275,0.84337,1.56,5.85
2011.02.07 22:07:56.827,0.84275,0.84337,1.17,2.40
2011.02.07 22:07:56.937,0.84276,0.84341,1.05,6.08
2011.02.07 22:07:57.594,0.84277,0.84338,1.05,6.08
2011.02.07 22:07:58.165,0.84275,0.84338,1.64,2.40
2011.02.07 22:07:58.825,0.84275,0.84338,1.75,2.48
2011.02.07 22:07:59.153,0.84275,0.84341,1.75,5.93
2011.02.07 22:07:59.402,0.84277,0.84342,1.05,6.08
2011.02.07 22:08:04.531,0.84277,0.84341,1.05,6.45
2011.02.07 22:08:04.835,0.84276,0.84338,1.09,5.85
2011.02.07 22:08:05.164,0.84275,0.84338,1.92,2.40
2011.02.07 22:08:05.274,0.84275,0.84338,3.51,2.48
2011.02.07 22:08:05.384,0.84275,0.84337,1.92,2.40
2011.02.07 22:08:05.494,0.84276,0.84342,1.09,2.48
2011.02.07 22:08:06.124,0.84275,0.84341,3.44,2.48
2011.02.07 22:08:06.235,0.84275,0.84341,3.44,2.48
2011.02.07 22:08:06.567,0.84275,0.84341,3.63,6.23
2011.02.07 22:08:06.893,0.84275,0.84332,1.92,6.23
2011.02.07 22:08:07.444,0.84275,0.84332,1.92,6.45
2011.02.07 22:08:07.555,0.84275,0.84332,1.77,5.85
2011.02.07 22:08:07.664,0.84275,0.8434,2.07,2.70
2011.02.07 22:08:09.635,0.84275,0.84334,1.84,2.40
2011.02.07 22:08:10.397,0.84275,0.84337,3.44,2.48
2011.02.07 22:08:10.509,0.84275,0.84335,1.92,2.70
2011.02.07 22:08:10.627,0.84277,0.84341,1.05,2.55
2011.02.07 22:08:11.175,0.84277,0.84341,1.05,2.85
2011.02.07 22:08:11.800,0.84275,0.84341,3.44,2.48
2011.02.07 22:08:14.316,0.84277,0.84341,1.05,6.08
2011.02.07 22:08:14.536,0.84275,0.84338,3.51,2.40
2011.02.07 22:08:14.647,0.84275,0.84341,3.63,5.85
2011.02.07 22:08:15.198,0.84277,0.84337,1.05,2.70
2011.02.07 22:08:15.648,0.84277,0.84337,2.10,2.40
2011.02.07 22:08:15.876,0.84275,0.84341,3.44,2.48
2011.02.07 22:08:16.426,0.84275,0.84341,3.51,2.48
2011.02.07 22:08:17.054,0.84276,0.84335,1.09,2.40
2011.02.07 22:08:17.728,0.84275,0.84335,3.63,2.40
2011.02.07 22:08:18.275,0.84275,0.84335,3.44,2.48
2011.02.07 22:08:19.184,0.84277,0.84338,2.10,2.48
2011.02.07 22:08:19.777,0.84275,0.84338,3.44,5.85
2011.02.07 22:08:19.884,0.84276,0.84338,1.09,2.48
2011.02.07 22:08:20.604,0.84277,0.84338,2.33,2.55
2011.02.07 22:08:23.884,0.84277,0.8434,2.33,2.70
2011.02.07 22:08:24.674,0.84277,0.84344,2.33,6.08
2011.02.07 22:08:29.154,0.84282,0.84331,1.05,2.25
2011.02.07 22:08:33.425,0.84279,0.84331,4.84,2.33
2011.02.07 22:08:36.282,0.84281,0.84331,1.09,2.33
2011.02.07 22:08:43.026,0.84282,0.84331,1.05,2.40
2011.02.07 22:08:43.245,0.84279,0.84331,2.40,2.40
2011.02.07 22:08:43.355,0.84279,0.84329,2.55,1.05
2011.02.07 22:08:43.904,0.84279,0.84331,2.33,2.40
2011.02.07 22:08:44.124,0.84279,0.84331,4.65,2.33
2011.02.07 22:08:44.896,0.84279,0.84331,2.40,2.33
2011.02.07 22:08:45.444,0.84279,0.84331,2.33,2.33
2011.02.07 22:08:46.123,0.84279,0.84331,4.84,2.33
2011.02.07 22:08:46.886,0.84279,0.84331,2.40,2.33
2011.02.07 22:08:46.995,0.84282,0.84331,1.05,2.40
2011.02.07 22:08:48.465,0.84279,0.84331,2.40,2.33
2011.02.07 22:08:48.577,0.84279,0.84331,4.84,2.33
2011.02.07 22:08:48.906,0.84281,0.84331,1.09,2.33
2011.02.07 22:08:49.888,0.84279,0.84331,4.73,2.33
2011.02.07 22:08:50.337,0.8428,0.84331,1.09,2.33
2011.02.07 22:08:52.570,0.84282,0.84331,2.33,2.40
2011.02.07 22:08:53.284,0.84281,0.84331,1.09,2.33
2011.02.07 22:08:53.884,0.84279,0.84331,4.73,2.33
2011.02.07 22:08:54.765,0.84281,0.84331,1.09,2.33
2011.02.07 22:08:54.985,0.84282,0.84331,2.10,2.33
2011.02.07 22:08:55.424,0.84282,0.84331,2.33,2.25
2011.02.07 22:08:57.693,0.84282,0.84331,2.70,2.25
2011.02.07 22:09:00.124,0.84282,0.84331,2.29,2.25
2011.02.07 22:09:00.831,0.84282,0.84331,2.10,2.25
2011.02.07 22:09:01.383,0.84282,0.84331,1.05,2.40
2011.02.07 22:09:03.025,0.84282,0.84331,2.10,2.25
2011.02.07 22:09:06.804,0.84279,0.84331,4.73,2.33
2011.02.07 22:09:07.342,0.8428,0.84331,1.09,2.33
2011.02.07 22:09:08.176,0.84281,0.84331,1.09,2.33
2011.02.07 22:09:08.784,0.84282,0.84331,1.20,2.40
2011.02.07 22:09:09.366,0.84282,0.84331,2.10,2.25
2011.02.07 22:09:16.315,0.84282,0.84331,2.10,2.25
2011.02.07 22:09:17.168,0.84282,0.84331,2.10,2.25
2011.02.07 22:09:21.965,0.84282,0.84331,2.29,2.25
2011.02.07 22:09:22.744,0.84282,0.84331,2.29,2.25
2011.02.07 22:09:22.854,0.84282,0.84331,2.10,2.25
2011.02.07 22:09:22.966,0.84282,0.84331,2.33,2.25
2011.02.07 22:09:27.755,0.84279,0.84331,4.65,2.25
2011.02.07 22:09:27.865,0.84279,0.84331,2.40,2.25
2011.02.07 22:09:28.085,0.84281,0.8433,1.05,1.05
2011.02.07 22:09:28.897,0.84279,0.84331,2.33,2.48
2011.02.07 22:09:29.224,0.84267,0.84343,6.04,6.04
2011.02.07 22:09:29.336,0.84268,0.84342,6.04,5.85
2011.02.07 22:09:29.444,0.84268,0.84342,6.04,2.55
2011.02.07 22:09:29.556,0.84272,0.84346,5.85,6.04
2011.02.07 22:09:29.665,0.84272,0.84346,6.04,5.93
2011.02.07 22:09:30.421,0.84272,0.84346,2.70,6.08
2011.02.07 22:09:31.405,0.84279,0.84353,2.40,6.59
2011.02.07 22:09:31.843,0.84272,0.84346,5.85,6.04
2011.02.07 22:09:31.953,0.84272,0.84346,2.48,5.85
2011.02.07 22:09:32.516,0.84272,0.84346,5.85,6.04
2011.02.07 22:09:32.924,0.84268,0.84342,6.04,2.40
2011.02.07 22:09:33.253,0.84271,0.84347,6.04,5.93
2011.02.07 22:09:33.364,0.84271,0.84347,6.45,6.60
2011.02.07 22:09:33.583,0.84268,0.84342,6.23,5.85
2011.02.07 22:09:33.914,0.84272,0.84346,6.08,6.08
2011.02.07 22:09:34.497,0.84268,0.84342,6.23,5.93
2011.02.07 22:09:34.825,0.84267,0.84343,6.23,6.04
2011.02.07 22:09:35.373,0.84271,0.84347,5.85,6.04
2011.02.07 22:09:38.005,0.84271,0.84347,6.04,6.23
2011.02.07 22:09:38.334,0.84271,0.84347,6.04,6.04
2011.02.07 22:09:38.663,0.84267,0.84343,6.45,6.45
2011.02.07 22:09:39.268,0.84271,0.84347,6.04,6.23
2011.02.07 22:09:39.604,0.84272,0.84346,5.85,6.12
2011.02.07 22:09:39.937,0.84272,0.84346,6.04,6.04
2011.02.07 22:09:40.815,0.84268,0.84342,6.23,2.55
2011.02.07 22:09:40.925,0.84268,0.84342,6.04,5.85
2011.02.07 22:09:43.390,0.84268,0.84342,6.45,2.70
2011.02.07 22:09:43.613,0.84268,0.84342,6.04,5.85
2011.02.07 22:09:48.493,0.84265,0.84341,6.23,5.85
2011.02.07 22:09:49.153,0.84267,0.84343,6.04,5.85
2011.02.07 22:09:51.119,0.84268,0.84343,1.20,2.70
2011.02.07 22:09:51.376,0.84267,0.84343,6.04,5.85
2011.02.07 22:10:01.853,0.84267,0.84343,6.04,5.85
2011.02.07 22:10:02.184,0.84265,0.84341,6.23,6.04
2011.02.07 22:10:02.403,0.84265,0.84341,6.04,5.93
2011.02.07 22:10:06.258,0.84265,0.84341,6.23,6.04
2011.02.07 22:10:07.345,0.84276,0.84336,1.43,1.54
2011.02.07 22:10:07.455,0.84278,0.84338,1.11,1.32
2011.02.07 22:10:08.774,0.84284,0.84329,1.05,1.65
2011.02.07 22:10:20.943,0.84285,0.84329,1.02,2.70
2011.02.07 22:10:21.704,0.84283,0.84329,2.89,2.70
2011.02.07 22:10:28.143,0.84285,0.84329,1.02,2.70
2011.02.07 22:10:28.832,0.84283,0.84329,2.89,2.70
2011.02.07 22:10:29.367,0.84285,0.84329,1.02,2.70
2011.02.07 22:10:32.795,0.84283,0.84329,2.89,2.70
2011.02.07 22:10:42.269,0.84287,0.84331,2.70,1.50
2011.02.07 22:10:42.497,0.84291,0.84333,1.50,1.02
2011.02.07 22:10:58.333,0.84294,0.84333,1.02,1.39
2011.02.07 22:10:58.443,0.84291,0.84333,3.15,1.39
2011.02.07 22:10:59.384,0.84291,0.84333,2.78,1.39
2011.02.07 22:10:59.983,0.84295,0.84333,1.47,1.39
2011.02.07 22:11:00.096,0.84291,0.84333,1.65,1.39
2011.02.07 22:11:04.238,0.84292,0.84333,1.09,1.39
2011.02.07 22:11:04.494,0.84291,0.84333,2.78,1.39
2011.02.07 22:11:08.043,0.84295,0.84333,1.47,1.13
2011.02.07 22:11:08.645,0.84291,0.84333,2.78,1.13
2011.02.07 22:11:09.927,0.84292,0.84333,1.09,1.13
2011.02.07 22:11:10.584,0.84295,0.84333,1.05,1.13
2011.02.07 22:11:11.173,0.84294,0.84333,1.02,1.13
2011.02.07 22:11:32.934,0.84294,0.84335,2.89,1.50
2011.02.07 22:11:33.478,0.84298,0.84335,1.47,1.50
2011.02.07 22:11:35.574,0.84298,0.84335,1.47,1.50
2011.02.07 22:11:42.683,0.84298,0.84336,1.99,1.13
2011.02.07 22:11:42.793,0.84298,0.8434,1.99,1.50
2011.02.07 22:11:45.323,0.84298,0.8434,1.47,1.50
2011.02.07 22:11:52.294,0.84298,0.84342,2.78,1.50
2011.02.07 22:11:52.967,0.84298,0.8434,1.47,1.50
2011.02.07 22:12:01.889,0.84298,0.8434,1.05,1.50
2011.02.07 22:12:03.765,0.84298,0.8434,1.62,1.50
2011.02.07 22:12:16.293,0.84295,0.8434,1.09,1.58
2011.02.07 22:12:18.708,0.84297,0.84343,2.78,1.65
2011.02.07 22:12:20.026,0.84294,0.8434,3.15,2.78
2011.02.07 22:12:21.796,0.84296,0.8434,1.02,2.70
2011.02.07 22:12:22.728,0.84297,0.8434,1.02,2.70
2011.02.07 22:12:23.717,0.84294,0.8434,2.78,2.70
2011.02.07 22:12:31.504,0.84294,0.84336,1.84,1.50
2011.02.07 22:12:32.059,0.84295,0.84336,1.02,1.50
2011.02.07 22:12:33.803,0.84292,0.84336,2.78,1.50
2011.02.07 22:12:34.834,0.84296,0.8434,1.02,1.58
2011.02.07 22:12:36.796,0.84297,0.8434,1.02,2.70
2011.02.07 22:12:37.375,0.84296,0.8434,1.28,2.78
2011.02.07 22:12:38.054,0.84297,0.8434,1.02,1.58
2011.02.07 22:12:39.556,0.84293,0.84337,1.84,2.70
2011.02.07 22:13:06.383,0.84293,0.84333,1.62,1.50
2011.02.07 22:13:06.606,0.84291,0.84333,1.02,1.50
2011.02.07 22:13:07.484,0.84289,0.84333,2.89,1.50
2011.02.07 22:13:16.209,0.84292,0.84336,2.78,1.50
2011.02.07 22:13:18.094,0.8429,0.84334,1.02,1.50
2011.02.07 22:13:18.765,0.84288,0.84334,3.72,1.50
2011.02.07 22:13:20.746,0.8429,0.84334,1.02,1.50
2011.02.07 22:13:21.794,0.84288,0.84334,2.78,1.50
2011.02.07 22:13:23.591,0.8429,0.84334,1.02,1.50
2011.02.07 22:13:29.224,0.84287,0.84333,1.58,2.70
2011.02.07 22:13:29.898,0.84289,0.84333,2.70,2.70
2011.02.07 22:13:30.455,0.84291,0.84333,1.02,1.50
2011.02.07 22:13:34.131,0.84285,0.84327,1.65,1.50
2011.02.07 22:13:34.468,0.84282,0.84326,1.58,1.50
2011.02.07 22:13:44.985,0.84286,0.8433,1.50,2.78
2011.02.07 22:13:45.097,0.84288,0.84332,1.50,1.50
2011.02.07 22:13:50.626,0.84292,0.84334,1.58,1.50
2011.02.07 22:14:14.575,0.84297,0.84315,1.50,1.13
2011.02.07 22:14:15.175,0.84292,0.84312,1.50,2.63
2011.02.07 22:14:15.797,0.8429,0.84307,1.13,5.63
2011.02.07 22:14:21.251,0.84285,0.84305,2.63,3.38
2011.02.07 22:14:24.461,0.84283,0.84303,1.13,1.50
2011.02.07 22:14:25.028,0.8428,0.84299,1.50,1.88
2011.02.07 22:14:26.292,0.84274,0.84295,1.50,1.13
2011.02.07 22:14:35.839,0.84275,0.84295,2.25,2.63
2011.02.07 22:14:43.229,0.84279,0.84298,2.63,3.38
2011.02.07 22:14:49.400,0.84281,0.84301,1.13,1.50
2011.02.07 22:14:50.119,0.84279,0.843,1.13,1.50
2011.02.07 22:14:54.540,0.84279,0.84298,2.63,3.38
2011.02.07 22:14:58.762,0.84277,0.84296,2.25,1.50
2011.02.07 22:14:59.319,0.84275,0.84294,2.63,3.38
2011.02.07 22:14:59.541,0.84271,0.84293,1.50,1.13
2011.02.07 22:15:26.056,0.84302,0.84324,1.50,1.50
2011.02.07 22:15:53.485,0.84302,0.84327,1.50,1.50
2011.02.07 22:15:53.814,0.84305,0.84327,1.50,1.50
2011.02.07 22:16:03.584,0.84305,0.84333,2.25,2.25
2011.02.07 22:16:04.025,0.84314,0.84333,1.50,2.25
2011.02.07 22:16:05.671,0.84311,0.84333,1.50,2.25
2011.02.07 22:16:06.202,0.84312,0.84332,1.50,2.25
2011.02.07 22:16:06.685,0.84307,0.84332,1.58,2.25
2011.02.07 22:16:07.234,0.84307,0.84327,1.50,1.50
2011.02.07 22:16:25.060,0.84306,0.84328,1.50,1.50
2011.02.07 22:16:29.194,0.84307,0.84327,1.50,1.50
2011.02.07 22:16:44.264,0.84306,0.84328,1.50,1.50
2011.02.07 22:17:14.234,0.84307,0.84327,1.50,1.50
2011.02.07 22:17:16.866,0.84303,0.84327,1.50,2.25
2011.02.07 22:17:17.432,0.84302,0.84322,1.50,2.25
2011.02.07 22:17:17.656,0.84299,0.84323,1.50,2.25
2011.02.07 22:17:19.010,0.84299,0.84321,1.50,1.88
2011.02.07 22:17:19.564,0.84298,0.84321,1.50,1.88
2011.02.07 22:17:20.090,0.84298,0.8432,1.50,1.50
2011.02.07 22:17:20.209,0.84298,0.8432,1.50,2.25
2011.02.07 22:17:30.069,0.84296,0.84319,1.50,2.25
2011.02.07 22:17:33.686,0.84291,0.84316,1.50,1.13
2011.02.07 22:17:34.305,0.84292,0.84312,1.50,2.25
2011.02.07 22:17:40.296,0.8429,0.84313,1.50,2.25
2011.02.07 22:17:40.857,0.84291,0.84311,1.50,2.25
2011.02.07 22:17:42.535,0.84291,0.84311,1.50,2.25
2011.02.07 22:17:47.086,0.84291,0.84311,1.50,1.50
2011.02.07 22:17:51.027,0.84292,0.84314,1.50,2.25
2011.02.07 22:17:51.904,0.84299,0.84321,1.50,2.25
2011.02.07 22:17:54.605,0.84296,0.8432,1.88,2.25
2011.02.07 22:17:55.142,0.84296,0.8432,1.50,2.25
2011.02.07 22:17:55.725,0.84295,0.84317,1.50,2.25
2011.02.07 22:18:02.406,0.84295,0.84315,1.50,2.25
2011.02.07 22:18:03.067,0.84294,0.84317,1.88,2.25
2011.02.07 22:18:03.176,0.84297,0.84317,1.50,2.25
2011.02.07 22:18:12.400,0.84297,0.84317,1.50,2.25
2011.02.07 22:18:13.528,0.84298,0.84318,1.50,2.25
2011.02.07 22:18:16.675,0.84298,0.84318,1.50,2.25
2011.02.07 22:18:28.180,0.84298,0.84318,1.50,2.25
2011.02.07 22:18:28.736,0.84295,0.84317,1.50,2.25
2011.02.07 22:18:35.903,0.84295,0.84317,1.50,2.25
2011.02.07 22:18:40.586,0.84295,0.84315,1.50,1.50
2011.02.07 22:18:58.224,0.84294,0.84316,1.50,2.25
2011.02.07 22:19:00.142,0.84294,0.84316,1.50,2.25
2011.02.07 22:20:00.216,0.84294,0.84315,1.50,1.50
2011.02.07 22:20:00.976,0.84294,0.84314,1.50,1.50
2011.02.07 22:20:18.489,0.84293,0.84315,1.50,1.50
2011.02.07 22:20:29.215,0.84294,0.84314,1.50,1.50
2011.02.07 22:20:59.124,0.84293,0.84315,1.50,2.25
2011.02.07 22:21:04.935,0.84294,0.84319,1.88,2.25
2011.02.07 22:21:05.266,0.84299,0.84319,1.50,2.25
2011.02.07 22:21:05.378,0.84299,0.84319,1.88,1.50
2011.02.07 22:21:10.226,0.84298,0.84323,1.88,1.50
2011.02.07 22:21:10.446,0.84301,0.84323,1.50,1.50
2011.02.07 22:21:20.017,0.84301,0.84323,1.50,2.25
2011.02.07 22:21:20.349,0.84301,0.84322,1.50,2.33
2011.02.07 22:21:20.575,0.84297,0.8432,1.50,2.25
2011.02.07 22:21:21.573,0.84297,0.84317,1.50,1.50
2011.02.07 22:21:24.054,0.84297,0.84315,1.50,1.13
2011.02.07 22:21:24.170,0.84288,0.84308,1.50,2.25
2011.02.07 22:21:24.842,0.84288,0.84308,1.50,2.25
2011.02.07 22:21:25.197,0.84288,0.84308,1.50,1.50
2011.02.07 22:21:25.825,0.84288,0.84311,1.50,2.25
2011.02.07 22:21:26.275,0.84291,0.84311,2.25,2.25
2011.02.07 22:21:26.828,0.84293,0.84311,1.13,1.50
2011.02.07 22:21:27.266,0.84293,0.84314,1.13,1.50
2011.02.07 22:21:28.080,0.84293,0.84313,2.63,1.50
2011.02.07 22:21:29.148,0.84295,0.8432,1.50,1.50
2011.02.07 22:21:29.965,0.843,0.8432,1.50,1.50
2011.02.07 22:21:31.236,0.843,0.8432,1.88,1.50
2011.02.07 22:21:31.346,0.843,0.84326,1.88,1.50
2011.02.07 22:21:31.675,0.84306,0.84326,1.50,1.50
2011.02.07 22:21:32.226,0.84303,0.84326,1.50,1.50
2011.02.07 22:21:32.880,0.84302,0.84324,1.50,1.50
2011.02.07 22:21:33.438,0.84302,0.84323,1.50,1.50
2011.02.07 22:21:33.766,0.84302,0.84322,1.50,2.25
2011.02.07 22:21:36.236,0.84302,0.84321,1.50,1.13
2011.02.07 22:21:36.566,0.84297,0.84321,1.50,1.13
2011.02.07 22:21:37.819,0.84297,0.84317,1.50,1.50
2011.02.07 22:21:38.558,0.84298,0.8432,1.50,1.50
2011.02.07 22:21:38.889,0.84296,0.8432,1.50,2.25
2011.02.07 22:21:39.395,0.84297,0.84317,1.50,2.25
2011.02.07 22:21:40.757,0.8429,0.84316,2.25,1.13
2011.02.07 22:21:40.867,0.8429,0.84316,2.25,1.13
2011.02.07 22:21:48.856,0.84288,0.84312,1.50,2.25
2011.02.07 22:21:56.537,0.84288,0.84307,1.50,1.50
2011.02.07 22:21:56.995,0.84288,0.8431,1.50,2.25
2011.02.07 22:21:57.114,0.84288,0.8431,1.50,2.25
2011.02.07 22:22:00.692,0.84288,0.84307,1.50,1.50
2011.02.07 22:22:01.138,0.84288,0.8431,1.50,2.25
2011.02.07 22:22:01.687,0.84288,0.8431,3.00,1.50
2011.02.07 22:22:02.239,0.84289,0.84311,2.25,1.50
2011.02.07 22:22:09.351,0.84291,0.84313,2.25,1.50
2011.02.07 22:22:09.905,0.84288,0.84308,2.25,1.50
2011.02.07 22:22:11.888,0.84289,0.84314,1.13,1.50
2011.02.07 22:22:12.458,0.84291,0.84313,2.25,1.50
2011.02.07 22:22:12.675,0.84291,0.84311,2.25,1.50
2011.02.07 22:22:13.345,0.8429,0.84313,2.25,1.50
2011.02.07 22:22:16.846,0.84291,0.84316,2.25,2.25
2011.02.07 22:22:22.375,0.84295,0.84317,1.50,2.25
2011.02.07 22:22:22.925,0.84295,0.84317,1.50,1.50
2011.02.07 22:22:33.777,0.84295,0.84317,1.50,2.25
2011.02.07 22:22:34.325,0.84292,0.84314,2.25,1.50
2011.02.07 22:22:40.130,0.84292,0.84314,2.25,2.70
2011.02.07 22:22:40.757,0.84289,0.84309,2.25,1.50
2011.02.07 22:22:46.218,0.84286,0.84309,2.25,2.25
2011.02.07 22:22:48.568,0.84285,0.84307,2.25,2.33
2011.02.07 22:22:51.695,0.84285,0.84307,2.25,2.33
2011.02.07 22:23:06.347,0.84287,0.84309,2.25,2.33
2011.02.07 22:23:16.027,0.84285,0.84307,1.50,2.25
2011.02.07 22:23:16.248,0.84279,0.84308,2.25,4.84
2011.02.07 22:23:17.126,0.84279,0.84306,2.25,4.84
2011.02.07 22:23:17.242,0.84284,0.84306,2.25,2.25
2011.02.07 22:23:19.415,0.84283,0.84303,1.50,1.77
2011.02.07 22:23:19.528,0.84283,0.84307,1.50,2.63
2011.02.07 22:23:19.637,0.84281,0.84306,1.50,2.25
2011.02.07 22:23:22.585,0.8428,0.84303,1.50,2.25
2011.02.07 22:23:23.185,0.84281,0.84303,1.50,2.25
2011.02.07 22:23:23.735,0.84281,0.84305,1.50,2.25
2011.02.07 22:23:24.148,0.84285,0.84305,1.50,2.25
2011.02.07 22:23:25.668,0.84284,0.84308,1.50,1.50
2011.02.07 22:23:26.736,0.84287,0.84308,1.50,1.50
2011.02.07 22:23:31.356,0.84287,0.84308,1.58,1.50
2011.02.07 22:23:33.675,0.84283,0.84303,1.50,1.13
2011.02.07 22:23:33.790,0.84283,0.84308,2.25,3.00
2011.02.07 22:23:34.022,0.84282,0.84304,1.50,2.25
2011.02.07 22:23:34.585,0.84283,0.84307,2.40,2.25
2011.02.07 22:23:34.808,0.84297,0.84318,1.58,1.50
2011.02.07 22:23:35.027,0.84297,0.84324,1.58,1.50
2011.02.07 22:23:35.136,0.84303,0.84325,1.50,1.50
2011.02.07 22:23:37.097,0.84298,0.84324,1.50,1.50
2011.02.07 22:23:37.772,0.84299,0.84325,1.50,1.50
2011.02.07 22:23:38.315,0.84299,0.84321,1.50,1.50
2011.02.07 22:23:39.422,0.84298,0.84323,1.50,1.50
2011.02.07 22:23:39.645,0.84299,0.84321,1.50,1.50
2011.02.07 22:23:40.197,0.84299,0.84321,1.50,1.88
2011.02.07 22:23:40.416,0.84296,0.84324,1.50,2.25
2011.02.07 22:23:41.211,0.84299,0.84318,1.50,1.50
2011.02.07 22:23:41.330,0.84292,0.84318,1.50,2.25
2011.02.07 22:23:41.666,0.84292,0.84312,1.50,2.25
2011.02.07 22:23:41.888,0.8429,0.84312,1.50,1.50
2011.02.07 22:23:42.474,0.8429,0.84313,1.50,1.13
2011.02.07 22:23:42.589,0.84287,0.84309,1.50,1.50
2011.02.07 22:23:42.926,0.84286,0.84303,1.50,1.50
2011.02.07 22:23:43.039,0.84282,0.843,1.50,1.50
2011.02.07 22:23:43.576,0.84281,0.843,1.50,1.50
2011.02.07 22:23:43.694,0.84281,0.84303,1.50,2.25
2011.02.07 22:23:43.811,0.84281,0.84303,1.50,3.00
2011.02.07 22:23:43.927,0.84279,0.84304,1.50,1.50
2011.02.07 22:23:44.475,0.8428,0.84307,1.50,2.25
2011.02.07 22:23:45.088,0.8428,0.84305,1.50,1.50
2011.02.07 22:23:50.526,0.8428,0.84302,1.50,1.50
2011.02.07 22:23:50.635,0.84282,0.84302,1.50,1.50
2011.02.07 22:23:51.077,0.84287,0.84302,1.50,1.50
2011.02.07 22:23:51.296,0.84291,0.84316,1.50,1.50
2011.02.07 22:23:51.410,0.84294,0.84316,1.50,1.50
2011.02.07 22:23:51.528,0.84294,0.84321,1.50,1.50
2011.02.07 22:23:51.747,0.84294,0.84321,1.88,1.50
2011.02.07 22:23:52.211,0.843,0.84325,1.50,2.25
2011.02.07 22:24:05.812,0.84294,0.84319,1.50,1.13
2011.02.07 22:24:06.366,0.84293,0.84315,1.50,2.25
2011.02.07 22:24:08.410,0.84293,0.84315,1.50,1.50
2011.02.07 22:24:08.748,0.84294,0.84316,2.25,1.50
2011.02.07 22:24:08.858,0.84295,0.84318,2.25,1.50
2011.02.07 22:24:09.397,0.84294,0.84321,3.00,1.50
2011.02.07 22:24:09.510,0.843,0.8432,1.50,1.50
2011.02.07 22:24:10.355,0.843,0.84327,1.88,1.50
2011.02.07 22:24:10.796,0.84305,0.84327,1.50,1.50
2011.02.07 22:24:11.218,0.843,0.84327,1.50,1.50
2011.02.07 22:24:11.767,0.843,0.84327,1.88,1.50
2011.02.07 22:24:12.311,0.843,0.84327,1.50,1.50
2011.02.07 22:24:12.432,0.84302,0.84322,1.50,1.50
2011.02.07 22:24:13.865,0.84303,0.84326,1.50,1.50
2011.02.07 22:24:14.525,0.84305,0.84327,1.50,1.50
2011.02.07 22:24:15.306,0.843,0.84327,1.50,1.50
2011.02.07 22:24:15.636,0.843,0.84324,1.88,1.50
2011.02.07 22:24:15.968,0.84303,0.84323,1.50,1.50
2011.02.07 22:24:18.097,0.84303,0.84323,1.50,2.25
2011.02.07 22:24:18.645,0.843,0.84323,1.50,2.25
2011.02.07 22:24:21.708,0.843,0.8432,1.50,3.00
2011.02.07 22:24:21.816,0.84289,0.8432,1.50,3.00
2011.02.07 22:24:22.036,0.84289,0.8432,1.88,2.25
2011.02.07 22:24:22.146,0.84289,0.84314,1.88,1.50
2011.02.07 22:24:22.477,0.84293,0.84315,1.50,1.50
2011.02.07 22:24:24.020,0.84295,0.84315,1.50,1.50
2011.02.07 22:24:24.136,0.84291,0.84316,1.50,1.50
2011.02.07 22:24:24.726,0.84291,0.84313,1.50,1.50
2011.02.07 22:24:25.166,0.84291,0.84316,1.50,1.50
2011.02.07 22:24:31.399,0.84294,0.84316,1.50,2.25
2011.02.07 22:24:32.286,0.84294,0.84316,1.50,2.33
2011.02.07 22:24:33.446,0.84294,0.84315,1.50,1.20
2011.02.07 22:24:33.776,0.84292,0.84315,1.50,1.20
2011.02.07 22:24:34.976,0.84292,0.84314,1.50,1.50
2011.02.07 22:24:35.746,0.84292,0.84314,1.50,2.25
2011.02.07 22:24:35.858,0.84286,0.84314,1.50,2.25
2011.02.07 22:24:35.967,0.84286,0.84312,1.50,1.13
2011.02.07 22:24:36.541,0.84286,0.84312,1.50,1.50
2011.02.07 22:24:36.655,0.84291,0.84311,1.50,1.50
2011.02.07 22:24:40.582,0.8429,0.84314,1.50,2.25
2011.02.07 22:24:40.915,0.84293,0.84313,1.50,2.25
2011.02.07 22:24:41.687,0.84293,0.84313,1.50,1.50
2011.02.07 22:24:42.015,0.84292,0.84315,1.50,1.50
2011.02.07 22:24:42.698,0.84294,0.84314,1.50,1.50
2011.02.07 22:24:46.967,0.84294,0.84322,1.88,2.25
2011.02.07 22:24:47.407,0.84302,0.84322,1.50,2.25
2011.02.07 22:25:02.829,0.84302,0.84322,1.50,2.25
2011.02.07 22:25:03.056,0.84296,0.8432,1.50,1.13
2011.02.07 22:25:04.641,0.84295,0.84317,1.50,2.25
2011.02.07 22:25:05.237,0.84295,0.84317,1.50,2.25
2011.02.07 22:25:17.603,0.84293,0.84315,1.50,1.13
2011.02.07 22:25:20.042,0.84292,0.84313,1.50,2.25
2011.02.07 22:25:20.676,0.84291,0.84313,1.50,2.25
2011.02.07 22:25:20.896,0.84291,0.84313,1.50,1.50
2011.02.07 22:25:22.236,0.84291,0.84312,1.50,1.13
2011.02.07 22:25:22.347,0.84287,0.84312,1.50,2.63
2011.02.07 22:25:23.733,0.84287,0.84307,1.50,1.50
2011.02.07 22:25:23.853,0.84287,0.84311,1.58,1.50
2011.02.07 22:25:23.965,0.8429,0.8431,1.50,1.50
2011.02.07 22:25:30.161,0.84291,0.84312,1.50,1.50
2011.02.07 22:25:30.705,0.84291,0.84313,1.50,1.50
2011.02.07 22:25:31.825,0.84291,0.84315,1.58,1.50
2011.02.07 22:25:32.583,0.84294,0.84314,1.50,1.50
2011.02.07 22:25:39.856,0.84293,0.84319,1.50,2.25
2011.02.07 22:25:40.077,0.84298,0.8432,1.50,2.25
2011.02.07 22:25:40.793,0.84297,0.8432,1.50,2.25
2011.02.07 22:25:45.877,0.84299,0.84319,1.50,2.25
2011.02.07 22:25:46.206,0.84297,0.8432,1.50,2.25
2011.02.07 22:25:49.865,0.84299,0.84319,1.50,2.25
2011.02.07 22:26:08.315,0.84298,0.8432,1.50,2.25
2011.02.07 22:26:14.080,0.84299,0.84319,1.50,2.25
2011.02.07 22:26:26.697,0.84298,0.84319,1.50,2.25
2011.02.07 22:26:27.673,0.84297,0.84319,1.50,2.25
2011.02.07 22:26:31.947,0.84296,0.84318,1.50,1.13
2011.02.07 22:26:32.276,0.84299,0.84319,1.50,2.25
2011.02.07 22:26:33.221,0.84297,0.84319,1.50,1.13
2011.02.07 22:26:35.759,0.84297,0.84319,1.50,1.88
2011.02.07 22:26:36.893,0.84297,0.8432,1.50,1.50
2011.02.07 22:26:37.008,0.84299,0.84319,1.50,1.50
2011.02.07 22:27:01.635,0.84299,0.84319,1.50,3.00
2011.02.07 22:27:02.252,0.84299,0.84319,1.50,3.00
2011.02.07 22:27:02.716,0.84299,0.84319,1.50,1.50
2011.02.07 22:27:07.067,0.84298,0.84324,1.50,1.50
2011.02.07 22:27:07.509,0.84304,0.84325,1.50,1.13
2011.02.07 22:27:15.238,0.84306,0.84325,1.50,1.13
2011.02.07 22:27:15.456,0.84306,0.84325,1.50,1.13
2011.02.07 22:27:22.827,0.84306,0.84326,1.50,1.88
2011.02.07 22:27:23.375,0.84305,0.8433,1.50,1.88
2011.02.07 22:27:23.977,0.84308,0.8433,1.50,2.25
2011.02.07 22:27:24.847,0.84306,0.84328,1.50,1.13
2011.02.07 22:27:25.398,0.84306,0.84328,1.50,1.13
2011.02.07 22:27:25.948,0.84306,0.84326,1.50,2.25
2011.02.07 22:27:27.307,0.84306,0.84326,1.50,1.50
2011.02.07 22:27:27.745,0.84306,0.84326,1.50,3.00
2011.02.07 22:27:27.965,0.84306,0.84326,1.50,2.25
2011.02.07 22:27:30.058,0.84306,0.84326,1.50,3.00
2011.02.07 22:27:30.768,0.84306,0.84326,1.50,2.25
2011.02.07 22:27:33.525,0.84305,0.84329,1.50,2.63
2011.02.07 22:27:33.765,0.84307,0.84327,1.50,1.50
2011.02.07 22:27:36.487,0.84307,0.84332,1.50,2.63
2011.02.07 22:27:37.064,0.84312,0.84332,1.50,2.63
2011.02.07 22:27:37.178,0.84312,0.84333,1.50,1.13
2011.02.07 22:27:37.879,0.84313,0.84335,1.50,2.25
2011.02.07 22:27:39.363,0.84313,0.84333,1.50,1.50
2011.02.07 22:27:39.479,0.84313,0.84332,1.50,1.88
2011.02.07 22:27:39.807,0.84311,0.84331,1.50,1.13
2011.02.07 22:27:43.358,0.84311,0.84331,1.50,2.25
2011.02.07 22:27:44.126,0.84311,0.84331,1.50,2.25
2011.02.07 22:27:44.882,0.84308,0.8433,1.50,2.63
2011.02.07 22:27:45.958,0.84308,0.8433,1.50,2.63
2011.02.07 22:27:46.396,0.84305,0.84327,1.50,1.13
2011.02.07 22:27:47.108,0.84306,0.84327,1.50,1.13
2011.02.07 22:27:47.827,0.84306,0.84328,1.50,2.25
2011.02.07 22:27:49.762,0.84306,0.84328,1.50,3.00
2011.02.07 22:27:50.374,0.84306,0.84327,1.50,1.13
2011.02.07 22:27:51.039,0.84305,0.84325,1.50,2.25
2011.02.07 22:27:55.366,0.84304,0.84329,1.50,1.50
2011.02.07 22:27:55.918,0.84307,0.84329,1.50,1.50
2011.02.07 22:27:57.049,0.84307,0.84333,1.50,1.13
2011.02.07 22:27:57.167,0.84307,0.84334,1.50,2.25
2011.02.07 22:27:57.277,0.84313,0.84335,1.50,2.25
2011.02.07 22:27:57.943,0.84313,0.84332,1.50,1.13
2011.02.07 22:27:58.059,0.8431,0.84332,1.50,1.13
2011.02.07 22:27:58.176,0.8431,0.84331,1.50,1.50
2011.02.07 22:27:58.819,0.84311,0.84331,1.50,3.00
2011.02.07 22:28:01.087,0.84309,0.84331,1.50,3.00
2011.02.07 22:28:01.788,0.84306,0.84328,1.50,2.25
2011.02.07 22:28:02.336,0.84306,0.84328,1.50,2.25
2011.02.07 22:28:04.394,0.84306,0.84328,1.50,2.25
2011.02.07 22:28:04.948,0.84307,0.84327,1.50,2.25
2011.02.07 22:28:05.388,0.84307,0.84327,1.50,2.25
2011.02.07 22:28:05.496,0.84305,0.84329,1.50,3.38
2011.02.07 22:28:06.047,0.84306,0.84326,1.50,2.25
2011.02.07 22:28:06.487,0.84306,0.84321,1.50,1.13
2011.02.07 22:28:07.041,0.84303,0.84321,1.50,1.13
2011.02.07 22:28:09.392,0.84302,0.84319,1.50,1.13
2011.02.07 22:28:09.507,0.84302,0.84319,1.50,1.50
2011.02.07 22:28:09.619,0.84299,0.84318,1.50,1.50
2011.02.07 22:28:09.737,0.84299,0.84323,1.50,1.88
2011.02.07 22:28:09.848,0.84294,0.8432,1.50,1.50
2011.02.07 22:28:10.066,0.84294,0.84324,1.50,2.63
2011.02.07 22:28:10.715,0.84295,0.8432,1.50,1.50
2011.02.07 22:28:10.939,0.84298,0.84318,1.50,1.50
2011.02.07 22:28:20.129,0.84298,0.8432,1.50,1.50
2011.02.07 22:28:20.677,0.84299,0.84321,1.50,1.50
2011.02.07 22:28:25.168,0.84299,0.84321,1.50,3.00
2011.02.07 22:28:26.125,0.84298,0.84321,1.50,2.25
2011.02.07 22:28:42.457,0.84296,0.84322,1.50,1.13
2011.02.07 22:28:42.568,0.84296,0.84319,1.50,1.50
2011.02.07 22:28:43.221,0.84296,0.84321,1.50,1.13
2011.02.07 22:28:43.341,0.8429,0.8432,2.25,2.25
2011.02.07 22:28:43.459,0.8429,0.8432,2.25,1.50
2011.02.07 22:28:43.795,0.84294,0.84319,2.25,1.50
2011.02.07 22:28:43.906,0.84295,0.84322,2.25,1.50
2011.02.07 22:28:44.327,0.84302,0.84322,1.50,1.50
2011.02.07 22:28:46.615,0.84302,0.84329,1.50,2.25
2011.02.07 22:28:46.945,0.84308,0.84328,1.50,2.25
2011.02.07 22:28:49.716,0.84308,0.84327,1.50,1.50
2011.02.07 22:28:49.825,0.843,0.84327,1.50,1.50
2011.02.07 22:28:50.045,0.84299,0.84321,1.50,1.50
2011.02.07 22:28:50.375,0.84299,0.84324,1.50,1.50
2011.02.07 22:28:50.488,0.84299,0.84329,1.88,2.25
2011.02.07 22:28:51.033,0.84302,0.84329,1.50,2.25
2011.02.07 22:28:51.405,0.84308,0.84328,1.50,2.25
2011.02.07 22:28:55.717,0.84303,0.84329,1.50,2.25
2011.02.07 22:28:56.047,0.84303,0.84324,1.50,1.50
2011.02.07 22:28:56.486,0.843,0.84323,1.50,1.13
2011.02.07 22:28:56.596,0.843,0.84325,1.50,2.25
2011.02.07 22:28:57.343,0.84301,0.84321,1.50,2.25
2011.02.07 22:28:57.462,0.843,0.84324,1.50,1.50
2011.02.07 22:28:57.597,0.84302,0.84324,1.50,1.50
2011.02.07 22:28:58.118,0.84302,0.84324,1.50,2.25
2011.02.07 22:28:58.446,0.84302,0.84324,1.50,3.00
2011.02.07 22:28:58.556,0.843,0.84324,1.50,2.25
2011.02.07 22:28:59.118,0.84301,0.84321,1.50,2.25
2011.02.07 22:29:03.667,0.84301,0.84321,1.50,2.25
2011.02.07 22:29:04.106,0.84301,0.84321,1.50,2.25
2011.02.07 22:29:04.846,0.843,0.8433,2.25,2.25
2011.02.07 22:29:05.352,0.843,0.8433,2.25,1.50
2011.02.07 22:29:05.471,0.84307,0.84329,1.50,1.50
2011.02.07 22:29:08.546,0.84307,0.84329,2.25,1.50
2011.02.07 22:29:09.536,0.84307,0.84329,2.25,1.50
2011.02.07 22:29:14.816,0.84307,0.84329,2.25,1.50
2011.02.07 22:29:14.926,0.84309,0.84336,1.13,1.50
2011.02.07 22:29:15.523,0.84316,0.84336,2.25,1.50
2011.02.07 22:29:15.970,0.84316,0.84333,1.50,1.50
2011.02.07 22:29:16.089,0.84316,0.84336,1.50,1.50
2011.02.07 22:29:16.206,0.84316,0.84336,2.25,1.50
2011.02.07 22:29:16.857,0.84316,0.84337,2.25,1.50
2011.02.07 22:29:19.866,0.84316,0.84338,2.25,2.25
2011.02.07 22:29:20.642,0.84316,0.84336,2.25,1.13
2011.02.07 22:29:20.762,0.84317,0.84341,2.25,1.50
2011.02.07 22:29:20.877,0.84317,0.84341,2.25,1.50
2011.02.07 22:29:21.096,0.84317,0.84339,2.25,1.13
2011.02.07 22:29:21.840,0.84318,0.84339,2.25,1.50
2011.02.07 22:29:22.768,0.84319,0.84339,2.25,3.38
2011.02.07 22:29:23.407,0.84316,0.84337,2.25,1.50
2011.02.07 22:29:28.954,0.84313,0.84333,2.25,1.13
2011.02.07 22:29:29.076,0.84308,0.84328,2.25,1.13
2011.02.07 22:29:29.189,0.84308,0.84332,2.25,2.25
2011.02.07 22:29:29.745,0.84308,0.8433,2.25,2.25
2011.02.07 22:29:33.197,0.84308,0.8433,2.25,1.50
2011.02.07 22:29:33.636,0.8431,0.84332,2.25,1.50
2011.02.07 22:29:34.078,0.8431,0.84332,2.25,2.25
2011.02.07 22:29:34.714,0.8431,0.84332,2.25,2.25
2011.02.07 22:29:39.362,0.8431,0.84332,2.25,1.50
2011.02.07 22:29:40.057,0.8431,0.84333,2.25,2.25
2011.02.07 22:29:40.576,0.84312,0.84332,2.25,1.50
2011.02.07 22:29:42.658,0.84312,0.84332,2.25,2.25
2011.02.07 22:29:43.205,0.84311,0.84333,1.50,2.63
2011.02.07 22:29:44.074,0.8431,0.84332,2.25,2.25
2011.02.07 22:29:44.407,0.8431,0.84332,2.25,1.50
2011.02.07 22:29:46.660,0.8431,0.84332,2.25,1.50
2011.02.07 22:29:47.207,0.8431,0.84332,2.25,1.50
2011.02.07 22:29:51.778,0.8431,0.84332,2.25,1.50
2011.02.07 22:29:51.888,0.84311,0.84334,2.25,1.50
2011.02.07 22:29:52.840,0.84315,0.84335,2.25,1.50
2011.02.07 22:30:00.956,0.84315,0.84335,1.50,1.50
2011.02.07 22:30:01.727,0.84315,0.84335,2.25,1.50
2011.02.07 22:30:10.169,0.84313,0.84336,2.25,3.00
2011.02.07 22:30:15.086,0.84315,0.84336,2.25,1.50
2011.02.07 22:30:15.631,0.84313,0.84336,2.25,3.00
2011.02.07 22:30:16.174,0.84314,0.84334,2.25,2.25
2011.02.07 22:30:19.906,0.84314,0.84334,2.25,2.25
2011.02.07 22:30:20.647,0.84314,0.84334,2.25,2.25
2011.02.07 22:30:21.509,0.84314,0.84336,2.25,1.50
2011.02.07 22:30:21.617,0.84314,0.84341,2.25,1.50
2011.02.07 22:30:21.838,0.8432,0.84341,1.50,1.50
2011.02.07 22:30:22.503,0.84317,0.84343,2.25,1.13
2011.02.07 22:30:22.835,0.84318,0.84338,2.25,2.25
2011.02.07 22:30:23.276,0.84318,0.84335,1.50,1.50
2011.02.07 22:30:23.826,0.84318,0.84335,1.50,1.88
2011.02.07 22:30:30.036,0.84316,0.84336,1.50,1.50
2011.02.07 22:30:30.586,0.84315,0.84335,1.50,1.50
2011.02.07 22:30:31.915,0.84315,0.84334,1.50,1.50
2011.02.07 22:30:32.805,0.84315,0.84335,1.50,2.25
2011.02.07 22:30:33.386,0.84315,0.84335,1.50,3.38
2011.02.07 22:30:33.605,0.84312,0.84335,2.25,1.88
2011.02.07 22:30:34.370,0.84313,0.84333,1.50,2.25
2011.02.07 22:30:36.535,0.84307,0.84333,2.25,2.25
2011.02.07 22:30:36.757,0.84307,0.84333,2.25,3.38
2011.02.07 22:30:37.381,0.84306,0.84331,2.40,1.50
2011.02.07 22:30:37.937,0.8431,0.8433,2.25,1.50
2011.02.07 22:30:47.086,0.8431,0.8433,2.25,1.50
2011.02.07 22:30:48.026,0.8431,0.8433,1.50,1.50
2011.02.07 22:30:51.888,0.8431,0.8433,1.50,2.25
2011.02.07 22:30:52.436,0.84306,0.84328,2.25,2.25
2011.02.07 22:30:53.585,0.84306,0.84328,2.25,1.50
2011.02.07 22:30:53.915,0.84306,0.84328,2.25,1.58
2011.02.07 22:30:54.466,0.84306,0.84328,2.25,2.33
2011.02.07 22:30:58.415,0.84306,0.84328,2.25,2.33
2011.02.07 22:30:59.285,0.84306,0.84328,2.25,1.58
2011.02.07 22:31:01.555,0.84306,0.84328,1.50,2.33
2011.02.07 22:31:05.107,0.84305,0.84325,1.50,2.33
2011.02.07 22:31:10.165,0.84303,0.84325,1.50,2.33
2011.02.07 22:31:10.725,0.84302,0.84324,1.50,2.33
2011.02.07 22:31:20.390,0.84304,0.84326,1.50,1.58
2011.02.07 22:31:30.347,0.84307,0.84327,1.50,2.33
2011.02.07 22:31:37.646,0.84309,0.84329,1.50,2.33
2011.02.07 22:31:46.215,0.84309,0.84329,1.50,2.25
2011.02.07 22:31:51.390,0.84308,0.84328,1.50,2.25
2011.02.07 22:31:51.716,0.84302,0.84328,2.25,3.38
2011.02.07 22:31:51.826,0.84302,0.84327,2.25,1.13
2011.02.07 22:31:52.047,0.84302,0.84323,1.50,1.50
2011.02.07 22:31:52.618,0.84301,0.84323,1.50,1.50
2011.02.07 22:31:53.832,0.84301,0.84323,1.50,3.00
2011.02.07 22:32:00.814,0.843,0.84322,1.50,2.25
2011.02.07 22:32:08.146,0.84294,0.84321,2.25,2.63
2011.02.07 22:32:08.695,0.84294,0.84321,1.50,2.25
2011.02.07 22:32:08.806,0.84297,0.84317,1.50,1.50
2011.02.07 22:32:13.706,0.84296,0.8432,1.50,1.50
2011.02.07 22:32:14.036,0.84298,0.8432,1.50,1.50
2011.02.07 22:32:15.624,0.84298,0.8432,1.50,3.00
2011.02.07 22:32:15.847,0.84298,0.8432,1.50,2.25
2011.02.07 22:32:20.586,0.843,0.8432,1.50,2.25
2011.02.07 22:32:21.530,0.84296,0.84321,1.50,2.25
2011.02.07 22:32:22.037,0.84297,0.84317,1.50,2.25
2011.02.07 22:32:33.019,0.84294,0.84312,1.50,1.02
2011.02.07 22:32:46.285,0.84294,0.84314,2.25,2.25
2011.02.07 22:32:46.945,0.843,0.84318,1.50,1.50
2011.02.07 22:32:47.167,0.84298,0.84318,2.25,1.50
2011.02.07 22:32:48.707,0.84297,0.84312,1.50,1.50
2011.02.07 22:32:48.822,0.84292,0.84312,2.33,1.50
2011.02.07 22:32:48.940,0.84292,0.84316,2.25,1.50
2011.02.07 22:32:49.466,0.84292,0.84316,2.25,1.50
2011.02.07 22:32:50.216,0.84295,0.8431,1.50,1.50
2011.02.07 22:32:50.441,0.84292,0.8431,2.25,1.50
2011.02.07 22:32:51.118,0.84292,0.84312,1.50,1.50
2011.02.07 22:32:51.238,0.84292,0.8431,1.50,1.50
2011.02.07 22:32:52.247,0.84292,0.84311,1.50,1.50
2011.02.07 22:32:52.895,0.84292,0.84311,1.50,1.50
2011.02.07 22:32:56.763,0.84292,0.84311,1.50,1.50
2011.02.07 22:33:00.394,0.84291,0.84311,1.50,1.50
2011.02.07 22:33:02.157,0.84291,0.84311,1.50,3.00
2011.02.07 22:33:02.674,0.84291,0.84311,1.50,3.00
2011.02.07 22:33:35.296,0.84292,0.84311,1.50,1.50
2011.02.07 22:33:36.914,0.84291,0.84315,2.33,1.50
2011.02.07 22:33:37.469,0.84294,0.84314,1.50,2.25
2011.02.07 22:33:44.517,0.84294,0.84314,2.25,2.25
2011.02.07 22:33:45.399,0.84294,0.84316,2.25,1.50
2011.02.07 22:33:46.059,0.84296,0.84316,1.50,1.50
2011.02.07 22:33:46.399,0.84294,0.84315,1.58,1.50
2011.02.07 22:33:46.945,0.84294,0.84314,1.50,2.25
2011.02.07 22:33:56.516,0.84294,0.84314,1.50,2.25
2011.02.07 22:33:56.846,0.84294,0.84314,1.50,2.25
2011.02.07 22:33:57.576,0.84294,0.84314,1.50,2.25
2011.02.07 22:33:59.799,0.84294,0.84314,1.50,2.25
2011.02.07 22:34:00.138,0.84292,0.84313,2.25,1.50
2011.02.07 22:34:00.699,0.84293,0.84313,1.50,3.00
2011.02.07 22:34:01.368,0.84293,0.84313,2.25,3.00
2011.02.07 22:34:02.916,0.84293,0.84313,1.50,3.00
2011.02.07 22:34:03.467,0.84293,0.84313,2.25,3.00
2011.02.07 22:34:04.098,0.84293,0.84313,1.50,3.00
2011.02.07 22:34:09.417,0.84293,0.84312,1.50,2.25
2011.02.07 22:34:09.969,0.84293,0.84312,2.25,1.50
2011.02.07 22:34:10.628,0.84296,0.84316,1.50,2.25
2011.02.07 22:34:28.107,0.84295,0.84317,1.50,2.25
2011.02.07 22:34:30.627,0.84294,0.84316,2.25,3.00
2011.02.07 22:34:41.708,0.84295,0.84316,1.50,2.25
2011.02.07 22:34:42.257,0.84296,0.84316,1.50,2.25
2011.02.07 22:34:56.019,0.84296,0.8432,2.25,2.25
2011.02.07 22:34:56.348,0.843,0.8432,1.50,3.00
2011.02.07 22:34:57.849,0.843,0.84317,1.50,1.13
2011.02.07 22:34:57.958,0.84293,0.8432,2.25,2.33
2011.02.07 22:34:58.566,0.843,0.8432,1.50,3.00
2011.02.07 22:34:58.788,0.84298,0.8432,1.50,3.00
2011.02.07 22:34:59.588,0.84298,0.8432,1.50,2.25
2011.02.07 22:35:00.276,0.84293,0.84312,1.50,1.50
2011.02.07 22:35:02.229,0.84292,0.84312,2.25,1.50
2011.02.07 22:35:37.137,0.84288,0.84308,2.25,3.00
2011.02.07 22:35:37.798,0.8429,0.84308,1.13,1.50
2011.02.07 22:35:38.426,0.843,0.84317,2.25,1.02
2011.02.07 22:35:38.978,0.843,0.84317,2.25,1.02
2011.02.07 22:35:39.527,0.843,0.8432,1.50,3.00
2011.02.07 22:35:40.077,0.843,0.8432,2.25,2.25
2011.02.07 22:35:41.437,0.843,0.8432,2.25,3.00
2011.02.07 22:35:41.658,0.843,0.8432,2.25,3.00
2011.02.07 22:35:42.811,0.843,0.8432,2.33,3.00
2011.02.07 22:35:42.932,0.843,0.8432,2.25,3.00
2011.02.07 22:35:44.038,0.84305,0.84322,1.13,1.50
2011.02.07 22:35:44.587,0.84303,0.84322,2.33,1.50
2011.02.07 22:35:44.918,0.84306,0.84322,1.20,1.50
2011.02.07 22:35:45.580,0.84303,0.84323,2.40,3.00
2011.02.07 22:35:46.389,0.84306,0.84322,1.13,1.50
2011.02.07 22:35:46.838,0.84304,0.84322,1.95,1.50
2011.02.07 22:35:47.639,0.84305,0.84323,1.13,3.00
2011.02.07 22:35:49.089,0.84303,0.84324,3.45,1.02
2011.02.07 22:35:49.739,0.84305,0.84324,1.88,1.02
2011.02.07 22:35:50.287,0.84306,0.84324,2.33,1.02
2011.02.07 22:35:50.983,0.84306,0.84324,2.33,1.02
2011.02.07 22:35:51.538,0.84306,0.84324,1.50,1.02
2011.02.07 22:35:52.109,0.84306,0.84324,2.25,1.02
2011.02.07 22:35:53.237,0.84306,0.84324,2.33,1.02
2011.02.07 22:35:54.723,0.84306,0.84324,2.33,1.02
2011.02.07 22:36:04.487,0.84306,0.84324,1.50,1.02
2011.02.07 22:36:04.598,0.84302,0.84324,3.38,1.02
2011.02.07 22:36:08.817,0.84302,0.84322,1.58,3.00
2011.02.07 22:36:09.346,0.84298,0.84322,2.33,1.50
2011.02.07 22:36:12.955,0.84298,0.84323,2.25,2.25
2011.02.07 22:36:14.419,0.84302,0.84322,1.50,3.00
2011.02.07 22:36:14.527,0.84298,0.84322,2.40,1.50
2011.02.07 22:36:19.329,0.84296,0.84318,2.33,1.50
2011.02.07 22:36:20.850,0.84296,0.84318,2.33,1.50
2011.02.07 22:36:21.077,0.84296,0.84319,2.40,2.25
2011.02.07 22:36:27.788,0.84296,0.84318,2.25,1.50
2011.02.07 22:36:28.119,0.84296,0.84319,2.25,3.00
2011.02.07 22:36:31.479,0.84296,0.84316,2.25,2.25
2011.02.07 22:36:31.928,0.84295,0.84319,2.33,3.00
2011.02.07 22:36:32.256,0.84299,0.84319,1.50,3.00
2011.02.07 22:36:33.547,0.84297,0.84318,2.25,2.25
2011.02.07 22:36:38.338,0.84296,0.84318,2.25,2.25
2011.02.07 22:36:38.667,0.84297,0.84318,2.25,3.00
2011.02.07 22:36:54.138,0.843,0.84322,1.13,1.50
2011.02.07 22:36:54.686,0.84301,0.84322,1.50,3.00
2011.02.07 22:36:55.239,0.84299,0.8432,1.50,1.50
2011.02.07 22:36:55.789,0.84298,0.84318,2.25,3.00
2011.02.07 22:37:38.761,0.84297,0.84317,1.50,1.50
2011.02.07 22:37:38.877,0.84297,0.84317,2.25,2.25
2011.02.07 22:37:40.243,0.84297,0.84317,2.25,2.25
2011.02.07 22:37:41.112,0.84297,0.84317,2.25,2.25
2011.02.07 22:37:41.866,0.84297,0.84317,2.25,2.25
2011.02.07 22:37:42.217,0.84297,0.84315,1.50,1.50
2011.02.07 22:37:47.828,0.84294,0.84315,2.25,1.50
2011.02.07 22:37:48.375,0.84294,0.84315,2.25,1.50
2011.02.07 22:37:56.380,0.84294,0.84314,2.25,1.50
2011.02.07 22:37:57.017,0.84294,0.84314,2.25,1.50
2011.02.07 22:37:59.802,0.84294,0.84314,2.25,1.50
2011.02.07 22:38:00.247,0.84294,0.84315,2.25,1.50
2011.02.07 22:38:06.088,0.84295,0.84315,1.50,3.00
2011.02.07 22:38:42.507,0.84295,0.84315,2.25,3.00
2011.02.07 22:38:50.687,0.84295,0.84315,2.25,3.00
2011.02.07 22:38:52.846,0.84295,0.84315,2.25,3.00
2011.02.07 22:38:55.286,0.84295,0.84315,2.25,3.00
2011.02.07 22:38:55.396,0.84295,0.84315,2.25,3.00
2011.02.07 22:38:55.736,0.84295,0.84315,2.25,3.00
2011.02.07 22:38:56.737,0.84295,0.84315,2.25,3.00
2011.02.07 22:38:57.286,0.84295,0.84315,2.25,3.00
2011.02.07 22:38:58.480,0.84295,0.84315,2.25,3.00
2011.02.07 22:39:00.236,0.84295,0.84315,2.25,3.00
2011.02.07 22:39:00.345,0.84295,0.84315,2.25,3.00
2011.02.07 22:39:00.566,0.84295,0.84315,2.25,3.00
2011.02.07 22:39:01.593,0.84295,0.84315,2.25,3.00
2011.02.07 22:39:22.917,0.84292,0.84312,2.25,2.25
2011.02.07 22:39:50.903,0.84296,0.84312,2.25,1.50
2011.02.07 22:39:53.926,0.84296,0.84312,1.50,1.50
2011.02.07 22:39:54.036,0.84296,0.84312,1.50,1.50
2011.02.07 22:39:57.070,0.84296,0.84312,1.50,1.50
2011.02.07 22:39:58.427,0.84296,0.84316,2.25,2.25
2011.02.07 22:39:58.977,0.84296,0.84319,1.50,2.25
2011.02.07 22:39:59.507,0.84296,0.84319,1.50,2.25
2011.02.07 22:39:59.839,0.84299,0.84319,1.50,2.25
2011.02.07 22:40:00.608,0.84299,0.84319,1.50,2.25
2011.02.07 22:40:14.671,0.84299,0.84319,1.50,3.00
2011.02.07 22:40:34.261,0.84297,0.84319,1.50,1.50
2011.02.07 22:40:34.369,0.84298,0.84319,1.50,1.50
2011.02.07 22:40:38.848,0.84298,0.84319,1.50,3.00
2011.02.07 22:40:39.440,0.84297,0.84319,1.50,3.00
2011.02.07 22:40:51.790,0.84296,0.84318,1.50,2.25
2011.02.07 22:40:52.598,0.84297,0.84318,1.50,2.25
2011.02.07 22:41:24.679,0.84297,0.84319,1.50,2.25
2011.02.07 22:41:25.119,0.84295,0.84313,1.50,1.50
2011.02.07 22:41:25.778,0.84294,0.84313,1.50,1.50
2011.02.07 22:41:27.740,0.84294,0.84313,1.50,1.50
2011.02.07 22:41:28.468,0.84294,0.84313,1.50,1.50
2011.02.07 22:41:29.142,0.84294,0.84313,1.50,1.50
2011.02.07 22:41:35.528,0.84294,0.84313,1.50,1.50
2011.02.07 22:42:01.689,0.84294,0.84313,1.50,1.50
2011.02.07 22:42:02.504,0.84293,0.84313,1.50,1.50
2011.02.07 22:42:08.096,0.84293,0.84313,1.50,3.75
2011.02.07 22:42:10.776,0.84295,0.84313,1.50,1.50
2011.02.07 22:42:15.384,0.84295,0.84313,1.50,1.50
2011.02.07 22:42:15.941,0.84294,0.84313,1.50,1.50
2011.02.07 22:42:16.159,0.84298,0.84313,1.50,1.50
2011.02.07 22:42:16.650,0.84294,0.84313,1.50,1.50
2011.02.07 22:42:16.759,0.84294,0.84313,1.50,1.50
2011.02.07 22:42:17.635,0.84295,0.84313,1.50,1.50
2011.02.07 22:42:18.741,0.84295,0.84313,1.50,1.50
2011.02.07 22:42:19.070,0.84295,0.84313,1.50,1.50
2011.02.07 22:42:20.756,0.84295,0.84315,1.50,2.25
2011.02.07 22:42:20.979,0.84296,0.84318,1.50,3.00
2011.02.07 22:42:22.079,0.84296,0.84318,1.50,3.00
2011.02.07 22:42:22.852,0.843,0.8432,1.50,2.25
2011.02.07 22:42:25.471,0.84299,0.84322,1.88,1.13
2011.02.07 22:42:25.801,0.84299,0.84324,1.50,1.88
2011.02.07 22:42:26.792,0.84297,0.8432,1.50,1.50
2011.02.07 22:42:29.451,0.84298,0.84321,1.50,2.25
2011.02.07 22:42:30.129,0.843,0.84322,1.50,2.25
2011.02.07 22:42:32.371,0.84297,0.84321,1.50,1.50
2011.02.07 22:42:35.329,0.84296,0.84317,1.50,1.50
2011.02.07 22:42:35.439,0.84296,0.84317,1.50,1.50
2011.02.07 22:42:35.661,0.84291,0.84316,2.25,2.63
2011.02.07 22:42:35.769,0.84291,0.84315,2.25,1.50
2011.02.07 22:42:38.092,0.8429,0.84315,1.50,2.25
2011.02.07 22:42:38.210,0.8429,0.84315,2.25,2.25
2011.02.07 22:42:39.103,0.84293,0.84315,1.50,2.25
2011.02.07 22:42:47.774,0.84293,0.84318,2.25,3.00
2011.02.07 22:42:47.890,0.84297,0.84317,1.50,2.25
2011.02.07 22:42:51.977,0.84296,0.84321,1.50,3.08
2011.02.07 22:42:52.309,0.843,0.8432,1.50,2.33
2011.02.07 22:42:53.830,0.84297,0.8432,1.50,2.33
2011.02.07 22:42:54.383,0.84296,0.84318,1.50,2.25
2011.02.07 22:42:56.621,0.84297,0.84321,1.50,2.25
2011.02.07 22:42:57.169,0.84301,0.84321,1.50,2.25
2011.02.07 22:42:59.989,0.84301,0.84324,1.50,2.89
2011.02.07 22:43:00.978,0.84297,0.84321,1.50,1.50
2011.02.07 22:43:01.097,0.84297,0.84317,1.50,2.25
2011.02.07 22:43:10.550,0.84293,0.84318,2.25,2.33
2011.02.07 22:43:10.661,0.84293,0.84317,1.50,1.50
2011.02.07 22:43:11.259,0.84294,0.84314,1.50,2.25
2011.02.07 22:43:12.867,0.84291,0.84317,2.63,2.63
2011.02.07 22:43:12.979,0.84296,0.84318,1.50,2.25
2011.02.07 22:43:14.196,0.84291,0.84316,1.50,2.03
2011.02.07 22:43:14.749,0.8429,0.84312,2.25,2.25
2011.02.07 22:43:18.019,0.8429,0.84312,2.25,2.40
2011.02.07 22:43:18.378,0.8429,0.84312,2.25,2.40
2011.02.07 22:43:19.670,0.8429,0.84312,1.50,2.40
2011.02.07 22:43:21.354,0.8429,0.84312,2.25,2.40
2011.02.07 22:43:21.910,0.8429,0.84312,1.50,2.33
2011.02.07 22:43:32.239,0.84291,0.84311,1.50,2.33
2011.02.07 22:43:42.378,0.84291,0.84311,1.50,2.33
2011.02.07 22:43:42.708,0.84291,0.84311,1.50,2.33
2011.02.07 22:43:44.260,0.8429,0.84312,2.25,2.33
2011.02.07 22:43:59.178,0.8429,0.84312,2.25,2.33
2011.02.07 22:44:04.859,0.84286,0.84311,2.63,2.33
2011.02.07 22:44:05.459,0.84291,0.84311,1.50,2.33
2011.02.07 22:44:27.751,0.84291,0.84311,1.50,2.25
2011.02.07 22:44:29.139,0.8429,0.84312,2.25,2.25
2011.02.07 22:44:30.408,0.8429,0.84312,1.50,2.33
2011.02.07 22:44:30.629,0.8429,0.84312,2.25,2.25
2011.02.07 22:44:30.849,0.8429,0.84312,2.25,2.25
2011.02.07 22:44:31.181,0.8429,0.84312,2.25,2.25
2011.02.07 22:44:31.878,0.8429,0.84309,2.25,1.13
2011.02.07 22:44:32.212,0.84287,0.84312,1.88,2.25
2011.02.07 22:44:34.198,0.84288,0.84313,2.25,2.63
2011.02.07 22:44:34.315,0.84288,0.84313,2.25,2.25
2011.02.07 22:44:37.610,0.84288,0.84313,2.25,2.70
2011.02.07 22:44:38.168,0.84288,0.84313,2.25,2.70
2011.02.07 22:44:38.718,0.84287,0.84309,2.25,2.25
2011.02.07 22:44:39.288,0.84287,0.84309,2.25,2.25
2011.02.07 22:44:39.708,0.84287,0.84309,2.25,2.25
2011.02.07 22:44:40.638,0.84289,0.84312,2.25,2.33
2011.02.07 22:44:41.332,0.84292,0.84312,2.25,2.25
2011.02.07 22:44:47.198,0.84292,0.84312,2.25,2.25
2011.02.07 22:44:48.864,0.84292,0.84312,2.25,2.25
2011.02.07 22:44:51.759,0.84291,0.84313,2.25,3.00
2011.02.07 22:44:53.542,0.84289,0.84312,2.25,2.33
2011.02.07 22:44:54.100,0.84289,0.84312,2.25,2.25
2011.02.07 22:44:54.428,0.84289,0.84312,2.25,2.25
2011.02.07 22:44:55.168,0.84288,0.84311,2.25,2.25
2011.02.07 22:44:55.720,0.84287,0.84312,2.63,2.33
2011.02.07 22:44:55.830,0.84287,0.84312,2.25,2.33
2011.02.07 22:44:57.045,0.84287,0.84309,2.25,2.25
2011.02.07 22:44:57.268,0.84291,0.84311,2.25,2.25
2011.02.07 22:44:59.288,0.84291,0.84311,2.25,2.25
2011.02.07 22:45:01.319,0.84291,0.84311,2.25,2.25
2011.02.07 22:45:01.818,0.84291,0.84311,2.25,2.25
2011.02.07 22:45:06.429,0.84291,0.84311,2.25,2.25
2011.02.07 22:45:06.759,0.84288,0.84311,2.25,2.40
2011.02.07 22:45:07.528,0.84287,0.84312,2.25,2.25
2011.02.07 22:45:07.749,0.84287,0.84312,2.25,2.25
2011.02.07 22:45:13.288,0.84284,0.84309,2.25,2.25
2011.02.07 22:45:13.510,0.84284,0.84309,2.25,2.40
2011.02.07 22:45:13.948,0.84285,0.84305,2.25,1.50
2011.02.07 22:45:14.699,0.8429,0.84312,2.25,2.25
2011.02.07 22:46:14.783,0.84294,0.84314,1.50,1.50
2011.02.07 22:46:15.672,0.84294,0.84314,2.25,2.25
2011.02.07 22:46:16.331,0.84289,0.84313,2.25,1.58
2011.02.07 22:46:17.160,0.84289,0.84311,2.25,2.25
2011.02.07 22:46:20.570,0.84294,0.84314,1.50,2.25
2011.02.07 22:46:21.169,0.84294,0.84314,2.25,2.25
2011.02.07 22:46:52.061,0.84287,0.84312,2.25,2.25
2011.02.07 22:46:52.175,0.84291,0.84311,2.25,2.25
2011.02.07 22:47:04.250,0.84287,0.84312,2.25,2.25
2011.02.07 22:47:16.799,0.84288,0.84308,2.25,2.25
2011.02.07 22:47:19.427,0.84288,0.84308,2.25,2.25
2011.02.07 22:47:21.378,0.84288,0.84308,2.25,1.50
2011.02.07 22:47:22.259,0.84287,0.84309,2.25,2.25
2011.02.07 22:47:23.827,0.84287,0.84309,2.25,2.25
2011.02.07 22:47:42.129,0.84287,0.84309,2.25,2.25
2011.02.07 22:47:42.459,0.84287,0.84309,2.25,2.25
2011.02.07 22:47:42.907,0.84287,0.84309,2.25,2.25
2011.02.07 22:47:43.678,0.84287,0.84309,2.25,2.25
2011.02.07 22:47:44.230,0.84284,0.84309,2.25,2.25
2011.02.07 22:47:46.708,0.84286,0.84308,2.25,2.25
2011.02.07 22:47:47.259,0.84286,0.84308,2.25,2.25
2011.02.07 22:47:50.471,0.84286,0.84308,2.25,2.25
2011.02.07 22:47:50.878,0.84286,0.84308,2.25,2.25
2011.02.07 22:47:59.739,0.84286,0.84308,2.25,2.33
2011.02.07 22:48:00.329,0.84286,0.84308,2.25,2.33
2011.02.07 22:48:08.349,0.84292,0.84308,1.50,2.25
2011.02.07 22:48:08.991,0.84293,0.84308,1.02,2.25
2011.02.07 22:48:11.520,0.84292,0.84308,1.50,2.25
2011.02.07 22:48:30.440,0.84292,0.84308,1.50,2.33
2011.02.07 22:48:31.331,0.84292,0.84308,1.50,2.33
2011.02.07 22:48:57.660,0.84291,0.84308,1.50,2.33
2011.02.07 22:48:57.991,0.8429,0.84308,2.25,2.33
2011.02.07 22:48:58.100,0.8429,0.84308,2.25,2.33
2011.02.07 22:49:05.988,0.84293,0.84308,1.50,2.25
2011.02.07 22:49:06.321,0.8429,0.84303,3.00,1.50
2011.02.07 22:49:07.280,0.8429,0.84308,3.00,2.25
2011.02.07 22:49:07.863,0.84293,0.84308,1.50,2.25
2011.02.07 22:49:11.779,0.84285,0.84305,2.25,2.25
2011.02.07 22:49:12.789,0.84285,0.84305,2.25,2.33
2011.02.07 22:49:13.339,0.84285,0.84305,2.25,1.50
2011.02.07 22:49:15.681,0.84285,0.84305,2.25,2.25
2011.02.07 22:49:16.658,0.84285,0.84305,2.25,2.25
2011.02.07 22:49:19.277,0.84285,0.84305,2.25,2.25
2011.02.07 22:49:19.965,0.84285,0.84305,2.25,1.50
2011.02.07 22:49:20.479,0.84285,0.84305,2.25,2.25
2011.02.07 22:49:20.920,0.84285,0.84308,2.25,1.50
2011.02.07 22:49:21.249,0.84285,0.84308,2.25,2.25
2011.02.07 22:49:21.862,0.84284,0.84306,2.25,1.50
2011.02.07 22:49:22.630,0.84284,0.84306,2.25,1.50
2011.02.07 22:49:22.960,0.84285,0.84315,3.00,1.50
2011.02.07 22:49:23.513,0.84289,0.84309,2.25,1.50
2011.02.07 22:49:26.619,0.8429,0.84315,1.50,1.50
2011.02.07 22:49:28.359,0.8429,0.84312,3.08,1.50
2011.02.07 22:49:29.918,0.84292,0.84315,1.50,1.50
2011.02.07 22:49:30.469,0.84294,0.84314,2.25,1.50
2011.02.07 22:49:31.149,0.84293,0.84313,2.25,1.50
2011.02.07 22:49:32.121,0.84292,0.84315,3.00,1.50
2011.02.07 22:49:33.400,0.84293,0.84313,2.25,1.50
2011.02.07 22:49:36.760,0.84293,0.84313,2.25,2.25
2011.02.07 22:49:37.324,0.84288,0.84309,1.95,1.50
2011.02.07 22:49:37.630,0.84289,0.84311,1.95,1.50
2011.02.07 22:49:40.703,0.8429,0.84315,2.25,1.50
2011.02.07 22:49:41.329,0.84292,0.84312,3.08,1.50
2011.02.07 22:49:42.196,0.84291,0.84315,2.25,1.50
2011.02.07 22:49:42.310,0.84292,0.84314,2.25,1.50
2011.02.07 22:49:49.601,0.84291,0.84315,2.25,1.50
2011.02.07 22:49:49.709,0.84291,0.84313,2.25,1.50
2011.02.07 22:49:58.128,0.8429,0.84312,3.00,1.50
2011.02.07 22:50:01.141,0.84287,0.84312,3.38,2.25
2011.02.07 22:50:01.739,0.84287,0.84309,4.28,1.50
2011.02.07 22:50:02.419,0.84287,0.84309,3.53,1.50
2011.02.07 22:50:03.151,0.84294,0.84311,1.50,1.50
2011.02.07 22:50:29.052,0.8429,0.8431,2.25,1.50
2011.02.07 22:50:32.702,0.84288,0.8431,2.25,2.33
2011.02.07 22:50:59.260,0.84288,0.84308,2.25,1.50
2011.02.07 22:51:14.019,0.84287,0.84309,2.25,1.50
2011.02.07 22:51:25.170,0.84287,0.84309,2.25,2.25
2011.02.07 22:51:26.063,0.84288,0.84305,1.50,1.50
2011.02.07 22:51:36.694,0.84288,0.84305,1.50,1.50
2011.02.07 22:52:06.180,0.84287,0.84308,1.50,1.50
2011.02.07 22:52:20.600,0.84285,0.84309,1.50,2.25
2011.02.07 22:52:33.520,0.84282,0.84306,1.50,2.25
2011.02.07 22:52:35.980,0.84282,0.84305,3.00,2.25
2011.02.07 22:52:40.408,0.84285,0.84305,2.25,1.50
2011.02.07 22:52:41.118,0.84285,0.84305,2.25,1.50
2011.02.07 22:52:43.281,0.84285,0.84305,2.25,1.50
2011.02.07 22:52:45.543,0.84285,0.84305,2.25,1.50
2011.02.07 22:52:45.769,0.84285,0.84305,2.25,2.25
2011.02.07 22:53:08.852,0.84285,0.84305,2.25,2.25
2011.02.07 22:53:09.512,0.84285,0.84305,2.25,2.25
2011.02.07 22:53:11.725,0.84285,0.84305,2.25,2.25
2011.02.07 22:53:34.824,0.84284,0.84306,3.00,2.25
2011.02.07 22:53:35.379,0.84281,0.84306,3.00,2.25
2011.02.07 22:53:37.700,0.84283,0.84302,1.77,1.50
2011.02.07 22:53:37.924,0.84284,0.84306,1.50,2.25
2011.02.07 22:53:39.443,0.84285,0.84305,2.25,1.50
2011.02.07 22:53:40.664,0.84283,0.84306,1.77,2.33
2011.02.07 22:53:41.920,0.84283,0.84303,1.77,1.50
2011.02.07 22:53:42.034,0.84283,0.84305,2.52,2.25
2011.02.07 22:53:42.885,0.84283,0.84305,2.52,2.25
2011.02.07 22:53:45.120,0.84284,0.84305,1.13,2.25
2011.02.07 22:53:45.341,0.84284,0.84306,1.13,2.25
2011.02.07 22:53:46.073,0.84284,0.84306,1.13,2.25
2011.02.07 22:53:46.193,0.84281,0.84305,1.02,3.00
2011.02.07 22:53:46.641,0.84281,0.84301,1.02,2.63
2011.02.07 22:53:46.970,0.84281,0.84296,1.02,1.50
2011.02.07 22:53:47.465,0.84281,0.84296,1.02,1.50
2011.02.07 22:53:48.125,0.84277,0.84296,1.02,1.50
2011.02.07 22:53:48.730,0.84277,0.84296,1.02,1.50
2011.02.07 22:53:49.310,0.84277,0.84297,1.02,1.50
2011.02.07 22:54:07.100,0.84277,0.84296,1.02,1.50
2011.02.07 22:54:11.819,0.84277,0.84296,1.02,2.25
2011.02.07 22:54:19.283,0.84277,0.84297,1.02,2.25
2011.02.07 22:54:19.891,0.84276,0.84297,1.50,2.25
2011.02.07 22:54:20.008,0.84272,0.84293,2.25,1.50
2011.02.07 22:54:20.122,0.84269,0.84288,1.50,1.50
2011.02.07 22:54:20.341,0.84265,0.84285,1.02,1.88
2011.02.07 22:54:20.891,0.84266,0.84285,1.02,1.88
2011.02.07 22:54:22.218,0.84263,0.84292,2.25,3.90
2011.02.07 22:54:22.770,0.84265,0.84291,1.50,1.88
2011.02.07 22:54:23.101,0.84268,0.84286,1.50,1.50
2011.02.07 22:54:23.650,0.84268,0.84287,1.50,1.50
2011.02.07 22:54:27.342,0.84271,0.84292,1.50,1.50
2011.02.07 22:54:27.453,0.84272,0.84292,1.50,1.50
2011.02.07 22:54:27.562,0.84272,0.84298,1.50,1.50
2011.02.07 22:54:28.262,0.84283,0.84301,1.50,1.50
2011.02.07 22:54:28.811,0.84284,0.84305,1.50,1.50
2011.02.07 22:54:29.595,0.84284,0.84305,1.50,1.50
2011.02.07 22:54:30.390,0.84285,0.84305,1.50,1.50
2011.02.07 22:54:30.934,0.84286,0.84305,1.50,1.50
2011.02.07 22:54:31.485,0.84286,0.84305,1.50,1.50
2011.02.07 22:54:32.334,0.84284,0.84304,1.50,2.25
2011.02.07 22:54:34.190,0.84282,0.84305,1.50,3.75
2011.02.07 22:54:35.813,0.84282,0.84302,1.50,2.33
2011.02.07 22:54:35.922,0.84279,0.84302,1.50,1.65
2011.02.07 22:54:40.380,0.84276,0.84299,1.50,1.88
2011.02.07 22:54:40.490,0.84276,0.84301,1.50,4.28
2011.02.07 22:54:44.420,0.84274,0.84298,1.50,1.88
2011.02.07 22:54:44.551,0.84274,0.84296,1.50,1.50
2011.02.07 22:54:47.042,0.84274,0.84295,1.50,1.13
2011.02.07 22:54:47.371,0.84272,0.84295,1.50,2.63
2011.02.07 22:54:47.974,0.84271,0.84295,2.25,1.13
2011.02.07 22:54:50.383,0.8427,0.84292,2.25,1.50
2011.02.07 22:54:57.803,0.8427,0.84292,2.25,1.50
2011.02.07 22:54:58.902,0.84271,0.84292,1.50,1.50
2011.02.07 22:55:01.211,0.84271,0.84292,1.50,1.50
2011.02.07 22:55:03.181,0.8427,0.84292,1.50,1.50
2011.02.07 22:55:29.202,0.84271,0.84291,1.50,1.50
2011.02.07 22:55:31.912,0.8427,0.84293,2.25,1.50
2011.02.07 22:55:37.756,0.84271,0.84293,3.75,1.50
2011.02.07 22:55:38.201,0.84272,0.84295,1.50,1.50
2011.02.07 22:55:38.422,0.84275,0.84295,1.50,1.50
2011.02.07 22:55:40.504,0.84273,0.84298,1.50,2.25
2011.02.07 22:55:42.630,0.84273,0.84295,2.25,1.50
2011.02.07 22:55:43.722,0.84273,0.84295,2.25,1.50
2011.02.07 22:55:45.825,0.84273,0.84295,1.50,1.50
2011.02.07 22:55:50.150,0.84272,0.84295,1.50,1.50
2011.02.07 22:55:50.479,0.84273,0.84298,1.50,2.25
2011.02.07 22:56:04.272,0.84272,0.84295,2.25,1.50
2011.02.07 22:56:04.779,0.84274,0.84296,1.50,1.50
2011.02.07 22:56:10.242,0.84275,0.84296,1.50,1.50
2011.02.07 22:56:10.813,0.84275,0.84297,2.25,1.58
2011.02.07 22:56:28.091,0.84276,0.84296,1.50,1.50
2011.02.07 22:56:59.230,0.84275,0.84297,2.25,1.58
2011.02.07 22:57:29.128,0.84276,0.84296,1.50,1.50
2011.02.07 22:57:45.066,0.84274,0.84297,1.50,1.50
2011.02.07 22:57:45.395,0.84275,0.843,1.50,1.58
2011.02.07 22:57:55.298,0.84275,0.84295,2.25,1.50
2011.02.07 22:58:00.690,0.84275,0.84295,2.25,2.25
2011.02.07 22:58:08.742,0.84272,0.84295,2.25,2.25
2011.02.07 22:58:17.386,0.84273,0.84292,1.50,1.50
2011.02.07 22:58:17.498,0.84273,0.84294,1.50,1.50
2011.02.07 22:58:30.365,0.84273,0.84296,1.50,1.50
2011.02.07 22:58:49.227,0.84275,0.84295,1.50,1.50
2011.02.07 22:58:59.250,0.84274,0.84296,2.25,1.50
2011.02.07 22:59:14.139,0.84275,0.84295,1.50,1.50
2011.02.07 22:59:22.052,0.84275,0.84295,1.50,2.25
2011.02.07 22:59:22.276,0.84272,0.84297,2.25,1.88
2011.02.07 22:59:22.496,0.84273,0.84293,2.25,1.50
2011.02.07 22:59:35.238,0.8427,0.84292,2.25,2.25
2011.02.07 22:59:35.786,0.84266,0.84292,2.25,2.63
2011.02.07 22:59:43.178,0.84268,0.84289,1.50,2.25
