2010.07.20 14:00:00.193,0.84665,0.8468,12.80,11.80
2010.07.20 14:00:00.500,0.84665,0.8468,12.00,13.40
2010.07.20 14:00:01.691,0.8467,0.8468,2.40,11.80
2010.07.20 14:00:03.285,0.84665,0.84675,7.20,4.00
2010.07.20 14:00:04.177,0.84665,0.84675,11.20,4.00
2010.07.20 14:00:04.320,0.84665,0.8468,11.20,11.20
2010.07.20 14:00:04.466,0.8467,0.8468,1.60,10.80
2010.07.20 14:00:05.540,0.84665,0.8468,11.20,12.40
2010.07.20 14:00:05.892,0.84665,0.8468,12.00,13.80
2010.07.20 14:00:06.770,0.8467,0.84685,11.20,15.80
2010.07.20 14:00:06.947,0.8467,0.84685,11.20,13.40
2010.07.20 14:00:07.584,0.8467,0.8468,7.20,4.00
2010.07.20 14:00:07.934,0.8467,0.84685,14.40,12.20
2010.07.20 14:00:08.487,0.8467,0.84685,14.40,11.80
2010.07.20 14:00:09.389,0.8467,0.8468,8.00,4.00
2010.07.20 14:00:09.578,0.84675,0.84685,1.60,13.80
2010.07.20 14:00:09.739,0.8467,0.8468,7.20,4.00
2010.07.20 14:00:10.420,0.8467,0.84685,7.20,13.80
2010.07.20 14:00:10.579,0.84675,0.84685,1.00,13.40
2010.07.20 14:00:10.927,0.8467,0.8468,7.20,4.00
2010.07.20 14:00:11.850,0.8467,0.84685,8.80,8.60
2010.07.20 14:00:12.605,0.8467,0.8468,12.80,1.00
2010.07.20 14:00:12.924,0.8467,0.8468,1.00,9.60
2010.07.20 14:00:13.240,0.8467,0.8468,8.80,2.20
2010.07.20 14:00:13.793,0.8467,0.8468,1.00,10.20
2010.07.20 14:00:14.113,0.84665,0.8468,11.20,12.60
2010.07.20 14:00:14.409,0.84665,0.8468,12.00,12.60
2010.07.20 14:00:14.709,0.8467,0.8468,1.00,11.00
2010.07.20 14:00:15.862,0.8467,0.8468,4.00,9.40
2010.07.20 14:00:16.208,0.8467,0.8468,4.80,7.80
2010.07.20 14:00:16.427,0.8467,0.8468,4.80,7.00
2010.07.20 14:00:16.644,0.8467,0.8468,6.40,5.40
2010.07.20 14:00:18.425,0.8467,0.8468,6.40,1.00
2010.07.20 14:00:18.625,0.8467,0.84685,11.20,13.80
2010.07.20 14:00:19.238,0.8467,0.84685,11.20,13.40
2010.07.20 14:00:22.160,0.8467,0.8468,2.40,9.40
2010.07.20 14:00:23.198,0.8467,0.8468,5.60,6.20
2010.07.20 14:00:23.530,0.8467,0.84685,12.00,11.80
2010.07.20 14:00:23.856,0.84675,0.84685,4.00,7.80
2010.07.20 14:00:26.299,0.8467,0.84685,8.00,17.80
2010.07.20 14:00:26.614,0.8467,0.84685,8.00,13.40
2010.07.20 14:00:27.402,0.8467,0.8468,3.20,8.00
2010.07.20 14:00:27.806,0.8467,0.8468,2.40,8.60
2010.07.20 14:00:28.910,0.8467,0.8468,1.00,10.20
2010.07.20 14:00:29.886,0.84665,0.8468,13.60,11.00
2010.07.20 14:00:30.608,0.8467,0.8468,1.60,9.40
2010.07.20 14:00:30.837,0.84665,0.8468,13.60,11.00
2010.07.20 14:00:33.086,0.84665,0.8468,12.00,11.00
2010.07.20 14:00:33.355,0.8467,0.84675,1.00,9.40
2010.07.20 14:00:34.005,0.8467,0.84675,1.00,1.00
2010.07.20 14:00:34.273,0.84665,0.84675,10.40,1.40
2010.07.20 14:00:34.620,0.84665,0.84675,7.20,4.60
2010.07.20 14:00:34.965,0.84665,0.84675,11.20,1.00
2010.07.20 14:00:35.793,0.84665,0.84675,7.20,4.60
2010.07.20 14:00:36.376,0.84665,0.84675,7.20,5.40
2010.07.20 14:00:36.676,0.84665,0.84675,6.40,5.40
2010.07.20 14:00:37.777,0.84665,0.84675,7.20,5.40
2010.07.20 14:00:37.997,0.84665,0.84675,5.60,5.40
2010.07.20 14:00:39.958,0.84665,0.84675,6.40,5.40
2010.07.20 14:00:40.934,0.84665,0.84675,10.40,1.40
2010.07.20 14:00:41.301,0.84665,0.84675,6.40,5.40
2010.07.20 14:00:42.382,0.84665,0.84675,13.60,4.80
2010.07.20 14:00:42.728,0.8467,0.84675,4.00,1.40
2010.07.20 14:00:43.586,0.84665,0.84675,6.40,5.40
2010.07.20 14:00:43.822,0.84665,0.84675,1.60,9.40
2010.07.20 14:00:44.053,0.84665,0.84675,1.60,11.00
2010.07.20 14:00:44.935,0.84665,0.84675,2.40,11.80
2010.07.20 14:00:45.282,0.84665,0.84675,2.40,8.80
2010.07.20 14:00:46.197,0.8467,0.8468,4.80,7.00
2010.07.20 14:00:47.747,0.84665,0.84675,8.00,4.00
2010.07.20 14:00:48.711,0.84665,0.84675,3.20,8.80
2010.07.20 14:00:49.022,0.84665,0.84675,1.60,9.40
2010.07.20 14:00:49.879,0.84665,0.84675,3.20,10.20
2010.07.20 14:00:50.219,0.84665,0.84675,2.40,8.60
2010.07.20 14:00:50.571,0.84665,0.84675,4.00,8.00
2010.07.20 14:00:50.916,0.84665,0.84675,8.00,4.00
2010.07.20 14:00:51.539,0.84665,0.8468,12.00,12.60
2010.07.20 14:00:52.145,0.84665,0.84675,12.00,1.40
2010.07.20 14:00:52.887,0.84665,0.84675,11.20,1.40
2010.07.20 14:00:53.075,0.84665,0.84675,6.40,7.00
2010.07.20 14:00:54.138,0.84665,0.84675,1.60,5.40
2010.07.20 14:00:54.482,0.8466,0.84675,13.60,11.00
2010.07.20 14:00:55.529,0.84655,0.8467,13.20,13.00
2010.07.20 14:00:56.117,0.8466,0.8467,1.00,13.00
2010.07.20 14:00:56.472,0.8466,0.84665,1.00,4.00
2010.07.20 14:00:56.701,0.84655,0.84665,8.00,4.60
2010.07.20 14:00:57.146,0.84655,0.84665,7.20,4.60
2010.07.20 14:00:57.914,0.84655,0.84665,1.00,11.00
2010.07.20 14:00:58.143,0.84655,0.84665,5.60,7.00
2010.07.20 14:00:58.942,0.8466,0.84665,6.00,7.00
2010.07.20 14:00:59.236,0.84665,0.8467,4.00,3.40
2010.07.20 14:00:59.521,0.8466,0.8467,6.40,4.60
2010.07.20 14:00:59.802,0.8466,0.8467,4.80,6.20
2010.07.20 14:01:00.915,0.8466,0.8467,8.80,2.20
2010.07.20 14:01:02.066,0.8466,0.8467,10.40,1.00
2010.07.20 14:01:02.324,0.8466,0.84675,10.40,11.80
2010.07.20 14:01:03.415,0.8466,0.84675,11.20,11.80
2010.07.20 14:01:05.259,0.8466,0.8467,9.60,1.60
2010.07.20 14:01:05.534,0.8466,0.84675,11.20,11.80
2010.07.20 14:01:06.476,0.8466,0.84675,12.00,11.80
2010.07.20 14:01:06.645,0.8466,0.84675,12.00,12.20
2010.07.20 14:01:06.816,0.8466,0.8467,6.40,5.60
2010.07.20 14:01:07.549,0.8466,0.8467,1.60,10.20
2010.07.20 14:01:07.893,0.8466,0.84675,14.60,13.40
2010.07.20 14:01:08.788,0.84665,0.84675,8.80,3.00
2010.07.20 14:01:09.869,0.84665,0.84675,8.00,3.00
2010.07.20 14:01:10.142,0.84665,0.84675,8.00,3.80
2010.07.20 14:01:11.260,0.8466,0.8467,10.60,1.00
2010.07.20 14:01:11.613,0.8466,0.8467,6.40,9.40
2010.07.20 14:01:11.957,0.8466,0.8467,6.40,5.40
2010.07.20 14:01:12.746,0.8466,0.8467,5.60,3.00
2010.07.20 14:01:13.033,0.8466,0.8467,11.20,1.40
2010.07.20 14:01:13.223,0.8466,0.8467,11.20,1.00
2010.07.20 14:01:14.102,0.8466,0.84675,14.60,12.60
2010.07.20 14:01:14.390,0.8466,0.84675,15.40,12.60
2010.07.20 14:01:14.676,0.8466,0.84675,15.40,11.00
2010.07.20 14:01:14.959,0.8466,0.8467,11.40,4.00
2010.07.20 14:01:18.369,0.8466,0.84675,11.40,11.00
2010.07.20 14:01:19.212,0.84665,0.84675,1.00,11.00
2010.07.20 14:01:19.560,0.84665,0.84675,15.40,1.60
2010.07.20 14:01:19.907,0.84665,0.84675,19.60,1.60
2010.07.20 14:01:20.583,0.84665,0.84675,22.00,1.60
2010.07.20 14:01:20.933,0.8467,0.8468,14.20,1.60
2010.07.20 14:01:22.458,0.84665,0.8468,16.80,11.80
2010.07.20 14:01:22.749,0.8467,0.8468,4.00,7.80
2010.07.20 14:01:23.601,0.84665,0.84675,10.40,3.00
2010.07.20 14:01:23.908,0.84665,0.84675,8.80,3.00
2010.07.20 14:01:24.738,0.8466,0.8467,1.60,9.40
2010.07.20 14:01:24.979,0.84655,0.8467,16.80,11.80
2010.07.20 14:01:25.864,0.84655,0.8467,16.80,11.00
2010.07.20 14:01:26.211,0.84655,0.8467,12.00,12.60
2010.07.20 14:01:26.448,0.84655,0.8467,13.00,13.40
2010.07.20 14:01:26.687,0.84655,0.8467,12.00,13.40
2010.07.20 14:01:28.129,0.84655,0.84665,8.00,4.60
2010.07.20 14:01:28.730,0.84655,0.84665,12.00,4.60
2010.07.20 14:01:28.990,0.84655,0.84665,8.00,4.60
2010.07.20 14:01:29.750,0.84655,0.84665,12.00,1.00
2010.07.20 14:01:30.036,0.84655,0.84665,5.60,9.80
2010.07.20 14:01:30.836,0.8465,0.84665,17.00,9.40
2010.07.20 14:01:31.181,0.8465,0.84665,17.00,11.00
2010.07.20 14:01:31.526,0.84655,0.84665,1.60,11.00
2010.07.20 14:01:32.415,0.8465,0.8466,3.20,9.40
2010.07.20 14:01:33.275,0.8465,0.8466,3.20,8.60
2010.07.20 14:01:33.608,0.8465,0.8466,7.20,4.60
2010.07.20 14:01:33.886,0.84645,0.8466,17.40,11.00
2010.07.20 14:01:34.687,0.84645,0.8466,12.00,14.20
2010.07.20 14:01:35.029,0.84645,0.8465,1.60,4.60
2010.07.20 14:01:35.783,0.84635,0.8465,14.80,11.80
2010.07.20 14:01:36.134,0.84635,0.84645,7.20,5.40
2010.07.20 14:01:37.016,0.84635,0.8464,1.00,1.00
2010.07.20 14:01:37.303,0.84635,0.8464,1.60,1.00
2010.07.20 14:01:38.170,0.8463,0.84645,12.00,14.20
2010.07.20 14:01:38.821,0.84635,0.84645,1.00,13.60
2010.07.20 14:01:39.148,0.84635,0.84645,1.60,11.20
2010.07.20 14:01:39.705,0.84635,0.84645,3.20,9.60
2010.07.20 14:01:39.951,0.8464,0.8465,1.00,11.00
2010.07.20 14:01:40.191,0.8464,0.8465,4.80,7.00
2010.07.20 14:01:41.796,0.8464,0.8465,4.00,7.00
2010.07.20 14:01:42.668,0.8464,0.8465,5.60,1.60
2010.07.20 14:01:43.814,0.8464,0.8465,5.60,6.20
2010.07.20 14:01:44.159,0.8464,0.84645,4.00,1.00
2010.07.20 14:01:44.984,0.84635,0.8465,16.20,11.00
2010.07.20 14:01:45.256,0.84635,0.8465,16.20,11.80
2010.07.20 14:01:45.533,0.84635,0.84645,10.40,2.20
2010.07.20 14:01:46.356,0.84635,0.8464,1.60,1.00
2010.07.20 14:01:46.702,0.8463,0.84645,23.80,11.00
2010.07.20 14:01:47.578,0.84635,0.8465,12.20,11.80
2010.07.20 14:01:47.857,0.84635,0.84645,7.20,5.40
2010.07.20 14:01:48.127,0.84635,0.84645,11.20,3.00
2010.07.20 14:01:48.975,0.84635,0.84645,5.60,3.00
2010.07.20 14:01:49.326,0.8463,0.84645,17.00,11.00
2010.07.20 14:01:49.464,0.8463,0.84645,16.20,11.00
2010.07.20 14:01:49.607,0.84635,0.84645,1.00,11.00
2010.07.20 14:01:50.657,0.84635,0.84645,4.80,7.00
2010.07.20 14:01:51.342,0.84635,0.84645,13.40,2.20
2010.07.20 14:01:52.133,0.84635,0.84645,16.60,1.60
2010.07.20 14:01:52.377,0.84635,0.84645,15.80,1.60
2010.07.20 14:01:52.639,0.84635,0.8465,15.80,11.00
2010.07.20 14:01:53.430,0.84635,0.84645,15.80,1.60
2010.07.20 14:01:53.589,0.84635,0.84645,12.00,2.20
2010.07.20 14:01:53.747,0.84635,0.84645,14.40,1.60
2010.07.20 14:01:53.905,0.84635,0.84645,17.40,1.60
2010.07.20 14:01:54.065,0.84635,0.8465,17.40,11.00
2010.07.20 14:01:54.941,0.8464,0.8465,6.40,3.00
2010.07.20 14:01:56.279,0.8464,0.8465,6.40,7.00
2010.07.20 14:01:56.614,0.8463,0.84645,16.40,11.00
2010.07.20 14:01:56.936,0.8463,0.84645,16.60,11.00
2010.07.20 14:01:57.136,0.84635,0.84645,1.00,11.00
2010.07.20 14:01:58.087,0.8463,0.8464,1.60,9.40
2010.07.20 14:01:58.302,0.84625,0.8464,18.00,11.00
2010.07.20 14:01:59.397,0.84625,0.84635,12.40,1.40
2010.07.20 14:01:59.560,0.84625,0.84635,4.80,7.00
2010.07.20 14:01:59.716,0.84625,0.84635,1.00,11.00
2010.07.20 14:02:00.540,0.84625,0.84635,8.00,3.80
2010.07.20 14:02:00.889,0.84625,0.8463,8.00,1.00
2010.07.20 14:02:01.237,0.8462,0.8463,9.60,2.40
2010.07.20 14:02:02.927,0.84625,0.84635,8.00,6.20
2010.07.20 14:02:03.015,0.84625,0.84635,8.00,4.20
2010.07.20 14:02:03.104,0.84625,0.8463,8.00,1.00
2010.07.20 14:02:03.195,0.84625,0.8463,8.00,2.40
2010.07.20 14:02:03.286,0.8462,0.84625,8.00,1.00
2010.07.20 14:02:03.374,0.8462,0.84625,5.60,1.00
2010.07.20 14:02:03.465,0.8462,0.84625,1.60,1.00
2010.07.20 14:02:03.554,0.84615,0.84625,11.60,1.70
2010.07.20 14:02:04.321,0.84615,0.84625,11.20,1.70
2010.07.20 14:02:04.626,0.84615,0.84625,9.60,2.90
2010.07.20 14:02:06.225,0.84615,0.84625,9.60,2.90
2010.07.20 14:02:06.384,0.84615,0.84625,1.60,10.90
2010.07.20 14:02:07.070,0.84615,0.84625,3.20,10.90
2010.07.20 14:02:07.231,0.8461,0.84625,22.40,12.40
2010.07.20 14:02:07.497,0.8461,0.84625,12.00,12.40
2010.07.20 14:02:07.756,0.84615,0.84625,1.00,13.20
2010.07.20 14:02:08.016,0.8461,0.84625,12.80,13.20
2010.07.20 14:02:08.278,0.8461,0.84625,14.00,12.80
2010.07.20 14:02:09.385,0.8461,0.8462,10.40,1.60
2010.07.20 14:02:09.518,0.84615,0.8462,4.00,1.60
2010.07.20 14:02:09.648,0.84615,0.8462,5.60,1.60
2010.07.20 14:02:10.342,0.84615,0.84625,1.60,10.40
2010.07.20 14:02:10.688,0.84615,0.84625,1.60,9.60
2010.07.20 14:02:11.577,0.84615,0.84625,1.60,11.00
2010.07.20 14:02:11.831,0.84615,0.84625,1.60,7.80
2010.07.20 14:02:12.584,0.84615,0.84625,1.60,10.20
2010.07.20 14:02:14.195,0.84615,0.84625,1.60,9.60
2010.07.20 14:02:14.501,0.84615,0.84625,2.40,9.60
2010.07.20 14:02:14.809,0.84615,0.84625,3.20,9.60
2010.07.20 14:02:15.611,0.84615,0.84625,11.20,1.60
2010.07.20 14:02:15.889,0.84615,0.84625,12.80,1.60
2010.07.20 14:02:16.238,0.84615,0.84625,9.60,1.60
2010.07.20 14:02:17.261,0.84615,0.84625,5.60,5.60
2010.07.20 14:02:17.610,0.84615,0.84625,1.60,10.60
2010.07.20 14:02:18.247,0.84615,0.84625,1.60,11.40
2010.07.20 14:02:18.777,0.84615,0.84625,2.40,10.60
2010.07.20 14:02:19.061,0.84615,0.84625,10.40,1.60
2010.07.20 14:02:22.076,0.84615,0.84625,12.80,1.60
2010.07.20 14:02:22.936,0.8462,0.84625,1.00,1.60
2010.07.20 14:02:24.710,0.8462,0.84625,5.60,1.60
2010.07.20 14:02:27.668,0.8462,0.84625,1.00,5.60
2010.07.20 14:02:27.867,0.84615,0.84625,6.40,5.60
2010.07.20 14:02:28.448,0.84615,0.84625,10.40,5.60
2010.07.20 14:02:28.794,0.8462,0.84625,1.00,1.60
2010.07.20 14:02:29.139,0.8462,0.84625,5.60,1.60
2010.07.20 14:02:30.259,0.8462,0.84625,1.60,1.60
2010.07.20 14:02:31.719,0.84615,0.84625,12.00,1.60
2010.07.20 14:02:32.569,0.84615,0.84625,7.20,6.20
2010.07.20 14:02:33.417,0.8461,0.8462,8.00,8.40
2010.07.20 14:02:34.248,0.8461,0.84615,2.40,1.00
2010.07.20 14:02:34.430,0.8461,0.8462,1.60,13.40
2010.07.20 14:02:34.615,0.8461,0.8462,1.60,15.00
2010.07.20 14:02:34.794,0.8461,0.8462,1.60,13.40
2010.07.20 14:02:35.015,0.8461,0.8462,1.60,11.40
2010.07.20 14:02:35.235,0.8461,0.8462,1.60,12.20
2010.07.20 14:02:36.316,0.8461,0.8462,1.60,15.80
2010.07.20 14:02:36.549,0.8461,0.84615,1.60,1.00
2010.07.20 14:02:37.362,0.8461,0.84615,2.40,1.00
2010.07.20 14:02:37.632,0.8461,0.8462,5.60,6.20
2010.07.20 14:02:38.952,0.8461,0.8462,6.40,5.80
2010.07.20 14:02:39.289,0.8461,0.8462,10.40,1.80
2010.07.20 14:02:40.224,0.8461,0.84615,1.60,1.00
2010.07.20 14:02:40.974,0.8461,0.84615,1.60,2.20
2010.07.20 14:02:41.193,0.8461,0.8462,1.60,11.00
2010.07.20 14:02:42.475,0.8461,0.84615,1.60,1.40
2010.07.20 14:02:43.939,0.8461,0.8462,5.60,5.40
2010.07.20 14:02:47.506,0.8461,0.8462,6.40,5.40
2010.07.20 14:02:47.779,0.8461,0.8462,7.20,5.40
2010.07.20 14:02:47.908,0.8461,0.8462,12.80,1.40
2010.07.20 14:02:48.035,0.8461,0.8462,12.00,1.40
2010.07.20 14:02:48.164,0.8461,0.8462,12.00,1.00
2010.07.20 14:02:48.294,0.8461,0.84625,12.80,14.20
2010.07.20 14:02:48.850,0.8461,0.84625,12.80,12.20
2010.07.20 14:02:49.114,0.8461,0.84625,14.40,12.20
2010.07.20 14:02:49.368,0.8461,0.84625,13.60,13.80
2010.07.20 14:02:49.619,0.8461,0.84625,12.00,13.80
2010.07.20 14:02:50.265,0.8461,0.84625,11.20,13.80
2010.07.20 14:02:50.529,0.8461,0.8462,10.40,1.00
2010.07.20 14:02:50.768,0.8461,0.84625,11.20,13.80
2010.07.20 14:02:51.005,0.8461,0.84625,11.20,12.20
2010.07.20 14:02:51.764,0.84615,0.84625,1.00,11.80
2010.07.20 14:02:52.044,0.84615,0.84625,4.80,7.80
2010.07.20 14:02:52.325,0.84615,0.84625,1.00,7.80
2010.07.20 14:02:52.610,0.8461,0.84625,11.20,12.20
2010.07.20 14:02:53.657,0.8461,0.8462,7.20,4.80
2010.07.20 14:02:53.957,0.8461,0.8462,6.40,1.40
2010.07.20 14:02:54.116,0.8461,0.8462,11.20,1.40
2010.07.20 14:02:54.777,0.84615,0.8462,4.80,1.00
2010.07.20 14:02:54.938,0.84615,0.84625,5.60,5.60
2010.07.20 14:02:56.244,0.8461,0.84625,11.20,12.80
2010.07.20 14:02:56.836,0.8461,0.84625,12.00,12.80
2010.07.20 14:02:57.056,0.84615,0.84625,4.00,8.80
2010.07.20 14:02:57.843,0.8462,0.84625,4.00,1.60
2010.07.20 14:02:58.489,0.84615,0.84625,11.20,1.60
2010.07.20 14:03:00.955,0.84615,0.84625,5.60,5.60
2010.07.20 14:03:01.262,0.84615,0.84625,1.00,11.00
2010.07.20 14:03:02.694,0.84615,0.84625,9.60,2.20
2010.07.20 14:03:04.232,0.84615,0.84625,4.80,7.00
2010.07.20 14:03:05.008,0.84615,0.84625,5.60,6.20
2010.07.20 14:03:06.027,0.84615,0.84625,9.60,2.20
2010.07.20 14:03:06.905,0.84615,0.84625,9.60,1.60
2010.07.20 14:03:07.590,0.84615,0.84625,12.80,1.60
2010.07.20 14:03:08.642,0.8462,0.84625,1.00,1.60
2010.07.20 14:03:08.833,0.8462,0.84625,4.80,1.60
2010.07.20 14:03:10.247,0.8462,0.84625,4.00,1.60
2010.07.20 14:03:10.767,0.8462,0.84625,4.80,1.60
2010.07.20 14:03:12.009,0.8462,0.84625,5.60,1.60
2010.07.20 14:03:12.200,0.8462,0.84625,6.40,1.60
2010.07.20 14:03:12.769,0.8462,0.84625,7.20,1.60
2010.07.20 14:03:12.963,0.8462,0.84625,5.60,1.60
2010.07.20 14:03:15.032,0.8462,0.84625,12.00,1.60
2010.07.20 14:03:15.245,0.8462,0.84625,10.40,1.60
2010.07.20 14:03:15.842,0.8462,0.84625,6.40,1.60
2010.07.20 14:03:15.915,0.8462,0.84625,5.60,1.60
2010.07.20 14:03:17.447,0.8462,0.84625,9.60,1.60
2010.07.20 14:03:17.728,0.84625,0.84635,1.00,12.20
2010.07.20 14:03:18.288,0.8462,0.84625,10.40,1.60
2010.07.20 14:03:19.093,0.84625,0.84635,1.00,13.80
2010.07.20 14:03:19.203,0.8462,0.84625,5.60,1.60
2010.07.20 14:03:23.598,0.8462,0.8463,5.60,4.00
2010.07.20 14:03:27.316,0.8462,0.84635,5.60,13.40
2010.07.20 14:03:28.072,0.8462,0.8463,6.40,4.00
2010.07.20 14:03:28.328,0.8462,0.84635,11.20,11.80
2010.07.20 14:03:30.067,0.84625,0.84635,1.00,11.80
2010.07.20 14:03:30.608,0.84625,0.84635,1.60,5.40
2010.07.20 14:03:30.725,0.84625,0.84635,9.60,1.40
2010.07.20 14:03:30.846,0.84625,0.84635,12.00,1.00
2010.07.20 14:03:31.086,0.84625,0.8464,12.00,10.20
2010.07.20 14:03:31.204,0.84625,0.8464,12.00,9.40
2010.07.20 14:03:31.325,0.84625,0.8464,12.80,9.40
2010.07.20 14:03:31.666,0.84625,0.8464,13.60,9.40
2010.07.20 14:03:32.268,0.8463,0.8464,4.00,5.40
2010.07.20 14:03:32.611,0.84625,0.8464,11.20,10.20
2010.07.20 14:03:34.344,0.84625,0.8464,12.80,9.40
2010.07.20 14:03:34.627,0.8463,0.8464,4.00,5.40
2010.07.20 14:03:34.906,0.8463,0.8464,4.80,5.40
2010.07.20 14:03:35.977,0.8463,0.8464,6.40,1.00
2010.07.20 14:03:36.218,0.8463,0.8464,10.40,1.00
2010.07.20 14:03:37.700,0.8463,0.84645,12.80,9.40
2010.07.20 14:03:37.944,0.84635,0.84645,5.60,5.40
2010.07.20 14:03:38.722,0.84635,0.84645,6.40,4.00
2010.07.20 14:03:39.411,0.8464,0.8465,4.00,5.40
2010.07.20 14:03:40.296,0.84635,0.8465,11.20,9.40
2010.07.20 14:03:43.066,0.84635,0.8465,11.20,5.40
2010.07.20 14:03:43.276,0.84635,0.8465,11.20,9.40
2010.07.20 14:03:44.144,0.8464,0.8465,4.00,5.40
2010.07.20 14:03:46.110,0.8464,0.8465,4.80,4.60
2010.07.20 14:03:49.797,0.8464,0.8465,4.00,5.40
2010.07.20 14:03:49.831,0.84635,0.8465,12.00,9.40
2010.07.20 14:03:50.107,0.84635,0.8465,8.00,9.40
2010.07.20 14:03:50.685,0.84635,0.84645,8.00,4.00
2010.07.20 14:03:50.723,0.8464,0.8465,1.00,11.80
2010.07.20 14:03:51.806,0.84635,0.8465,11.20,11.80
2010.07.20 14:03:52.366,0.8464,0.8465,4.00,6.20
2010.07.20 14:03:53.345,0.8464,0.8465,4.00,2.20
2010.07.20 14:03:54.160,0.8464,0.8465,4.80,1.40
2010.07.20 14:03:54.268,0.8464,0.8465,4.80,1.00
2010.07.20 14:03:54.465,0.8464,0.8465,4.80,1.40
2010.07.20 14:03:55.078,0.8464,0.8465,1.00,5.40
2010.07.20 14:03:55.179,0.8464,0.8465,4.80,6.20
2010.07.20 14:03:55.526,0.8464,0.8465,1.00,10.20
2010.07.20 14:03:55.866,0.8464,0.8465,4.80,4.00
2010.07.20 14:03:56.207,0.8464,0.84655,9.60,11.80
2010.07.20 14:03:57.455,0.8464,0.84655,4.80,14.20
2010.07.20 14:03:58.048,0.8464,0.8465,4.80,4.00
2010.07.20 14:03:58.212,0.8464,0.8465,4.80,4.60
2010.07.20 14:03:59.711,0.8464,0.8465,4.00,5.40
2010.07.20 14:04:00.124,0.8464,0.8465,4.80,5.40
2010.07.20 14:04:01.106,0.8464,0.8465,4.80,1.40
2010.07.20 14:04:05.385,0.8464,0.8465,4.80,1.00
2010.07.20 14:04:05.724,0.8464,0.84655,4.80,11.80
2010.07.20 14:04:06.297,0.8464,0.84655,5.60,11.80
2010.07.20 14:04:06.637,0.84645,0.84655,8.00,1.00
2010.07.20 14:04:06.977,0.84645,0.84655,8.00,1.40
2010.07.20 14:04:07.314,0.84645,0.84655,8.00,2.20
2010.07.20 14:04:08.087,0.84645,0.84655,4.00,6.20
2010.07.20 14:04:08.328,0.8464,0.84655,10.40,12.60
2010.07.20 14:04:09.184,0.84635,0.8465,12.40,9.40
2010.07.20 14:04:09.471,0.84635,0.84645,8.40,4.00
2010.07.20 14:04:10.208,0.84635,0.84645,2.00,9.40
2010.07.20 14:04:10.421,0.84635,0.84645,10.00,1.40
2010.07.20 14:04:10.767,0.8464,0.84645,8.00,1.40
2010.07.20 14:04:11.112,0.8464,0.8465,9.60,1.00
2010.07.20 14:04:11.866,0.8464,0.84655,10.00,11.80
2010.07.20 14:04:12.072,0.8464,0.84655,10.40,10.20
2010.07.20 14:04:12.470,0.8464,0.84655,11.20,10.20
2010.07.20 14:04:13.044,0.8464,0.84655,10.40,10.20
2010.07.20 14:04:15.356,0.8464,0.84655,8.80,10.20
2010.07.20 14:04:15.576,0.8464,0.8465,4.80,5.40
2010.07.20 14:04:15.796,0.8464,0.8465,4.00,5.40
2010.07.20 14:04:16.343,0.84635,0.8465,12.80,9.40
2010.07.20 14:04:16.688,0.84635,0.84645,1.00,9.60
2010.07.20 14:04:17.028,0.84635,0.84645,5.60,4.00
2010.07.20 14:04:17.799,0.84635,0.84645,6.40,4.00
2010.07.20 14:04:17.986,0.84635,0.84645,8.00,4.00
2010.07.20 14:04:18.176,0.8464,0.8465,8.00,2.60
2010.07.20 14:04:18.367,0.8464,0.8465,4.80,5.40
2010.07.20 14:04:18.735,0.8464,0.8465,4.80,6.20
2010.07.20 14:04:19.703,0.8464,0.8465,9.20,1.00
2010.07.20 14:04:20.055,0.8464,0.8465,9.60,1.00
2010.07.20 14:04:20.634,0.8464,0.8465,5.60,5.40
2010.07.20 14:04:20.892,0.8464,0.84655,10.80,10.60
2010.07.20 14:04:21.679,0.84645,0.84655,9.60,1.00
2010.07.20 14:04:22.036,0.8465,0.8466,1.00,11.00
2010.07.20 14:04:23.122,0.84645,0.8466,10.80,11.00
2010.07.20 14:04:23.738,0.84645,0.8466,10.80,9.40
2010.07.20 14:04:24.050,0.84645,0.8466,10.40,9.40
2010.07.20 14:04:24.881,0.84645,0.84655,9.60,1.00
2010.07.20 14:04:25.237,0.8464,0.84655,10.40,9.40
2010.07.20 14:04:26.262,0.8464,0.84655,9.60,9.40
2010.07.20 14:04:26.586,0.8464,0.8465,9.60,1.00
2010.07.20 14:04:27.245,0.8464,0.8465,5.60,1.00
2010.07.20 14:04:27.576,0.84645,0.84655,9.60,1.40
2010.07.20 14:04:28.122,0.84645,0.8465,9.60,1.00
2010.07.20 14:04:28.255,0.8464,0.8465,12.00,1.00
2010.07.20 14:04:28.388,0.8464,0.84655,12.00,9.40
2010.07.20 14:04:30.079,0.8464,0.8465,11.20,1.00
2010.07.20 14:04:30.225,0.8464,0.8465,11.20,1.40
2010.07.20 14:04:30.375,0.8464,0.8465,10.40,1.40
2010.07.20 14:04:33.883,0.8464,0.8465,11.20,1.40
2010.07.20 14:04:35.525,0.84645,0.8465,8.00,1.40
2010.07.20 14:04:35.766,0.84645,0.8465,8.00,1.00
2010.07.20 14:04:36.787,0.84645,0.8465,8.00,1.00
2010.07.20 14:04:37.087,0.84645,0.8465,8.00,1.40
2010.07.20 14:04:37.387,0.8464,0.8465,11.20,1.00
2010.07.20 14:04:37.985,0.8464,0.8465,12.00,1.00
2010.07.20 14:04:38.850,0.84645,0.84655,1.00,9.40
2010.07.20 14:04:39.200,0.84645,0.84655,4.80,5.40
2010.07.20 14:04:39.425,0.84645,0.84655,1.00,9.40
2010.07.20 14:04:42.032,0.8465,0.84655,1.00,8.60
2010.07.20 14:04:42.342,0.84655,0.84665,2.40,8.40
2010.07.20 14:04:42.945,0.84655,0.84665,2.40,8.00
2010.07.20 14:04:43.221,0.8466,0.8467,4.00,7.00
2010.07.20 14:04:44.823,0.84655,0.8467,10.40,9.40
2010.07.20 14:04:45.007,0.84655,0.8467,9.60,11.00
2010.07.20 14:04:45.189,0.84655,0.8467,10.40,10.20
2010.07.20 14:04:45.546,0.84655,0.8467,9.60,10.20
2010.07.20 14:04:46.501,0.84655,0.84665,9.60,1.00
2010.07.20 14:04:46.853,0.84655,0.84665,1.00,8.60
2010.07.20 14:04:47.754,0.84655,0.84665,4.00,9.40
2010.07.20 14:04:48.105,0.8465,0.8466,7.20,1.00
2010.07.20 14:04:50.546,0.84645,0.84655,17.20,1.00
2010.07.20 14:04:50.893,0.84645,0.84655,1.00,9.40
2010.07.20 14:04:51.489,0.84645,0.84655,4.80,5.40
2010.07.20 14:04:51.755,0.84645,0.84655,8.80,1.40
2010.07.20 14:04:52.010,0.8465,0.84655,4.00,1.00
2010.07.20 14:04:52.239,0.8465,0.8466,4.00,3.80
2010.07.20 14:04:52.972,0.8465,0.8466,4.00,2.20
2010.07.20 14:04:53.258,0.8464,0.84655,9.60,10.40
2010.07.20 14:04:53.538,0.8464,0.8465,4.80,4.00
2010.07.20 14:04:54.276,0.8464,0.84655,9.60,11.80
2010.07.20 14:04:54.533,0.8464,0.84655,4.80,13.40
2010.07.20 14:04:55.295,0.8464,0.8465,5.60,4.00
2010.07.20 14:04:55.539,0.8464,0.8465,1.00,8.80
2010.07.20 14:04:56.219,0.8464,0.84645,1.00,4.00
2010.07.20 14:04:56.568,0.84635,0.84645,9.60,1.00
2010.07.20 14:05:00.009,0.8464,0.8465,5.60,1.80
2010.07.20 14:05:00.257,0.8464,0.8465,5.60,1.20
2010.07.20 14:05:00.509,0.8464,0.8465,6.40,1.00
2010.07.20 14:05:01.378,0.8465,0.8466,9.60,1.00
2010.07.20 14:05:02.136,0.84645,0.8466,9.60,10.20
2010.07.20 14:05:02.736,0.84645,0.84655,9.60,1.00
2010.07.20 14:05:03.040,0.84645,0.84655,4.00,2.20
2010.07.20 14:05:03.848,0.84645,0.84655,4.00,6.20
2010.07.20 14:05:04.189,0.8464,0.84655,12.00,10.20
2010.07.20 14:05:06.923,0.84645,0.84655,9.60,1.00
2010.07.20 14:05:07.642,0.84645,0.8466,10.40,10.20
2010.07.20 14:05:07.773,0.84645,0.84655,8.80,1.00
2010.07.20 14:05:08.120,0.84645,0.84655,8.00,1.00
2010.07.20 14:05:08.714,0.84645,0.84655,8.00,5.40
2010.07.20 14:05:09.078,0.8464,0.8465,8.80,1.00
2010.07.20 14:05:09.329,0.8464,0.8465,4.80,1.00
2010.07.20 14:05:10.653,0.8464,0.8465,5.60,1.00
2010.07.20 14:05:12.055,0.84645,0.8465,1.00,1.00
2010.07.20 14:05:16.819,0.84645,0.8465,1.60,1.00
2010.07.20 14:05:17.126,0.84645,0.84655,1.60,10.40
2010.07.20 14:05:17.982,0.84645,0.84655,1.60,8.00
2010.07.20 14:05:18.261,0.8465,0.8466,4.80,6.40
2010.07.20 14:05:18.538,0.8465,0.8466,5.60,6.40
2010.07.20 14:05:19.525,0.8465,0.8466,5.60,4.80
2010.07.20 14:05:21.263,0.8465,0.8466,5.60,1.00
2010.07.20 14:05:21.557,0.8465,0.8466,5.60,4.80
2010.07.20 14:05:21.849,0.84645,0.84655,2.40,8.00
2010.07.20 14:05:22.137,0.84645,0.84655,1.60,8.80
2010.07.20 14:05:23.015,0.84645,0.84655,1.00,11.20
2010.07.20 14:05:26.294,0.84645,0.84655,1.60,10.40
2010.07.20 14:05:26.641,0.84645,0.84655,1.60,8.80
2010.07.20 14:05:27.545,0.84635,0.84645,10.40,1.00
2010.07.20 14:05:28.440,0.84635,0.84645,6.40,4.80
2010.07.20 14:05:30.680,0.84635,0.84645,10.40,1.60
2010.07.20 14:05:31.381,0.84635,0.84645,1.60,10.20
2010.07.20 14:05:31.686,0.84635,0.84645,9.60,1.60
2010.07.20 14:05:32.520,0.84635,0.84645,1.60,10.20
2010.07.20 14:05:32.830,0.84635,0.84645,1.60,11.00
2010.07.20 14:05:33.136,0.8463,0.84645,9.60,11.00
2010.07.20 14:05:35.445,0.8463,0.84645,11.20,11.00
2010.07.20 14:05:37.834,0.8463,0.84645,9.60,11.00
2010.07.20 14:05:37.928,0.8463,0.8464,5.60,4.00
2010.07.20 14:05:38.529,0.8463,0.8464,4.80,4.80
2010.07.20 14:05:38.832,0.84625,0.84635,8.00,4.00
2010.07.20 14:05:39.131,0.84625,0.84635,2.40,8.00
2010.07.20 14:05:39.910,0.8462,0.84635,12.80,9.40
2010.07.20 14:05:40.191,0.8462,0.84635,5.60,10.20
2010.07.20 14:05:40.752,0.8462,0.84635,9.60,10.20
2010.07.20 14:05:41.583,0.8462,0.8463,5.60,8.00
2010.07.20 14:05:41.934,0.8462,0.84635,10.40,17.00
2010.07.20 14:05:42.577,0.8462,0.8463,6.40,4.00
2010.07.20 14:05:42.924,0.8462,0.84635,8.80,21.80
2010.07.20 14:05:43.811,0.8462,0.8463,1.00,8.80
2010.07.20 14:05:44.956,0.84615,0.8463,10.40,9.40
2010.07.20 14:05:45.172,0.84615,0.8463,10.40,11.00
2010.07.20 14:05:45.369,0.84615,0.84625,9.60,3.00
2010.07.20 14:05:46.090,0.84615,0.84625,4.00,7.00
2010.07.20 14:05:46.440,0.8461,0.84625,5.60,11.00
2010.07.20 14:05:48.436,0.8461,0.8462,5.60,1.00
2010.07.20 14:05:48.646,0.8461,0.8462,4.80,1.00
2010.07.20 14:05:48.858,0.8461,0.8462,1.60,8.80
2010.07.20 14:05:49.067,0.84615,0.84625,4.80,6.60
2010.07.20 14:05:49.652,0.84615,0.84625,8.80,2.60
2010.07.20 14:05:49.834,0.84615,0.84625,5.60,4.80
2010.07.20 14:05:51.217,0.84615,0.84625,1.60,8.80
2010.07.20 14:05:52.458,0.84615,0.84625,1.60,9.40
2010.07.20 14:05:52.657,0.84615,0.84625,1.00,9.40
2010.07.20 14:05:53.646,0.8461,0.8462,5.60,4.80
2010.07.20 14:05:53.989,0.8461,0.8462,1.60,8.80
2010.07.20 14:05:54.327,0.8461,0.8462,5.60,4.80
2010.07.20 14:05:55.846,0.8461,0.84625,5.60,12.60
2010.07.20 14:05:55.976,0.8461,0.8462,1.00,8.00
2010.07.20 14:05:56.107,0.8461,0.8462,1.00,8.80
2010.07.20 14:05:56.236,0.8461,0.8462,1.00,10.20
2010.07.20 14:05:57.030,0.84605,0.8462,12.00,10.20
2010.07.20 14:05:57.281,0.8461,0.8462,1.00,9.40
2010.07.20 14:05:57.534,0.8461,0.8462,6.40,4.00
2010.07.20 14:05:58.308,0.84615,0.8462,1.00,4.00
2010.07.20 14:05:59.645,0.8461,0.8462,5.60,4.00
2010.07.20 14:05:59.933,0.8461,0.8462,1.60,11.00
2010.07.20 14:06:00.221,0.8461,0.8462,1.60,8.60
2010.07.20 14:06:01.588,0.8461,0.8462,5.60,4.00
2010.07.20 14:06:03.164,0.84615,0.84625,8.00,1.60
2010.07.20 14:06:03.452,0.8461,0.8462,2.40,8.00
2010.07.20 14:06:04.216,0.8461,0.84625,6.40,14.60
2010.07.20 14:06:04.735,0.8461,0.84625,6.40,12.20
2010.07.20 14:06:05.540,0.8461,0.84625,6.40,11.80
2010.07.20 14:06:05.711,0.8461,0.84625,6.40,10.20
2010.07.20 14:06:05.876,0.8461,0.84625,8.00,10.20
2010.07.20 14:06:07.400,0.8461,0.84625,6.40,10.20
2010.07.20 14:06:07.876,0.84615,0.84625,1.00,8.00
2010.07.20 14:06:07.994,0.84615,0.8463,8.80,13.40
2010.07.20 14:06:08.116,0.84615,0.84625,8.00,1.00
2010.07.20 14:06:08.235,0.84615,0.84625,4.00,7.20
2010.07.20 14:06:08.355,0.8461,0.8462,7.20,4.00
2010.07.20 14:06:08.475,0.8461,0.8462,6.40,4.00
2010.07.20 14:06:08.596,0.8461,0.84625,6.40,11.00
2010.07.20 14:06:08.716,0.8461,0.84625,10.40,11.80
2010.07.20 14:06:09.586,0.8461,0.84625,10.40,13.00
2010.07.20 14:06:09.932,0.8461,0.8462,6.40,4.00
2010.07.20 14:06:10.265,0.8461,0.84625,6.40,10.20
2010.07.20 14:06:10.494,0.8461,0.8462,6.40,4.00
2010.07.20 14:06:11.586,0.8461,0.84625,6.40,11.80
2010.07.20 14:06:11.877,0.8461,0.84625,7.20,10.20
2010.07.20 14:06:12.705,0.84615,0.84625,4.00,5.40
2010.07.20 14:06:12.988,0.8461,0.84625,15.20,9.40
2010.07.20 14:06:13.267,0.84615,0.84625,4.00,5.40
2010.07.20 14:06:14.048,0.84615,0.84625,4.00,9.40
2010.07.20 14:06:14.389,0.8461,0.84625,15.20,10.20
2010.07.20 14:06:14.728,0.8461,0.84625,12.80,11.80
2010.07.20 14:06:14.887,0.8461,0.84625,13.60,10.20
2010.07.20 14:06:15.195,0.8461,0.84625,8.80,10.20
2010.07.20 14:06:15.357,0.8461,0.84625,7.20,10.20
2010.07.20 14:06:16.034,0.84615,0.84625,1.60,9.40
2010.07.20 14:06:16.324,0.84615,0.84625,3.20,8.60
2010.07.20 14:06:16.606,0.84615,0.84625,7.20,4.60
2010.07.20 14:06:16.886,0.84615,0.84625,7.20,4.00
2010.07.20 14:06:17.686,0.84615,0.84625,7.20,8.00
2010.07.20 14:06:17.981,0.84615,0.8463,11.20,9.40
2010.07.20 14:06:19.171,0.84615,0.84625,2.40,8.60
2010.07.20 14:06:21.075,0.84615,0.84625,6.40,4.60
2010.07.20 14:06:22.724,0.84615,0.84625,7.20,4.60
2010.07.20 14:06:22.896,0.84615,0.84625,7.20,4.00
2010.07.20 14:06:23.581,0.84615,0.84625,6.40,4.60
2010.07.20 14:06:23.753,0.84615,0.84625,5.60,8.60
2010.07.20 14:06:24.060,0.84615,0.84625,1.60,8.60
2010.07.20 14:06:25.139,0.84615,0.84625,2.40,8.60
2010.07.20 14:06:25.388,0.84615,0.84625,4.80,4.60
2010.07.20 14:06:26.242,0.84615,0.84625,1.60,9.40
2010.07.20 14:06:26.927,0.84615,0.84625,1.60,8.60
2010.07.20 14:06:27.799,0.84615,0.84625,1.60,8.00
2010.07.20 14:06:29.327,0.84615,0.84625,1.60,14.00
2010.07.20 14:06:29.536,0.8461,0.84615,3.20,4.00
2010.07.20 14:06:30.220,0.84615,0.84625,1.60,14.00
2010.07.20 14:06:30.279,0.84615,0.84625,3.20,8.80
2010.07.20 14:06:30.424,0.84615,0.84625,11.20,1.00
2010.07.20 14:06:30.474,0.84615,0.8463,12.00,9.40
2010.07.20 14:06:30.723,0.84615,0.8463,12.40,9.40
2010.07.20 14:06:30.775,0.8462,0.8463,1.00,9.40
2010.07.20 14:06:30.925,0.8462,0.8463,1.00,8.60
2010.07.20 14:06:35.985,0.8462,0.8463,1.00,8.60
2010.07.20 14:06:38.695,0.8462,0.8463,4.80,4.60
2010.07.20 14:06:39.279,0.8462,0.8463,5.60,4.00
2010.07.20 14:06:40.287,0.8462,0.8463,6.40,4.00
2010.07.20 14:06:41.658,0.8462,0.8463,5.60,4.80
2010.07.20 14:06:42.425,0.8462,0.8463,5.60,4.80
2010.07.20 14:06:43.641,0.8462,0.8463,5.60,4.00
2010.07.20 14:06:44.327,0.8462,0.84635,5.60,11.80
2010.07.20 14:06:44.670,0.8462,0.84635,7.20,11.80
2010.07.20 14:06:45.393,0.8462,0.84635,11.20,11.80
2010.07.20 14:06:45.603,0.84625,0.84635,1.60,10.40
2010.07.20 14:06:46.328,0.84625,0.84635,6.40,4.80
2010.07.20 14:06:46.683,0.84625,0.8464,10.40,11.80
2010.07.20 14:06:47.555,0.84625,0.8464,9.60,11.80
2010.07.20 14:06:47.909,0.8463,0.8464,1.00,11.80
2010.07.20 14:06:50.243,0.8463,0.8464,1.00,10.20
2010.07.20 14:06:54.081,0.8463,0.8464,1.00,11.80
2010.07.20 14:06:54.425,0.8463,0.8464,1.00,10.40
2010.07.20 14:06:55.533,0.84625,0.8464,10.40,10.40
2010.07.20 14:06:55.801,0.8463,0.8464,1.60,10.40
2010.07.20 14:06:56.618,0.8463,0.8464,2.40,10.40
2010.07.20 14:06:56.960,0.84635,0.84645,1.00,12.60
2010.07.20 14:06:57.308,0.84635,0.8464,1.00,4.00
2010.07.20 14:06:58.322,0.8463,0.8464,8.00,4.00
2010.07.20 14:06:58.542,0.84635,0.84645,1.00,10.20
2010.07.20 14:06:58.971,0.84635,0.84645,10.40,1.00
2010.07.20 14:06:59.793,0.84635,0.8465,10.40,10.20
2010.07.20 14:07:00.081,0.84635,0.84645,6.40,4.00
2010.07.20 14:07:00.887,0.84635,0.84645,1.60,8.00
2010.07.20 14:07:02.940,0.84635,0.8465,9.60,11.80
2010.07.20 14:07:04.539,0.8464,0.8465,1.60,8.80
2010.07.20 14:07:05.882,0.84645,0.84655,1.60,10.40
2010.07.20 14:07:06.233,0.84645,0.84655,6.40,4.00
2010.07.20 14:07:07.106,0.84645,0.8466,10.40,11.80
2010.07.20 14:07:07.346,0.84645,0.84655,6.40,4.00
2010.07.20 14:07:08.746,0.84645,0.84655,2.40,8.00
2010.07.20 14:07:08.961,0.84645,0.84655,6.40,4.00
2010.07.20 14:07:09.380,0.84645,0.84655,2.40,8.00
2010.07.20 14:07:09.948,0.84645,0.84655,1.60,8.00
2010.07.20 14:07:14.744,0.84645,0.84655,5.60,4.00
2010.07.20 14:07:14.954,0.84645,0.84655,1.60,8.00
2010.07.20 14:07:15.703,0.84645,0.84655,2.40,8.00
2010.07.20 14:07:16.052,0.84645,0.84655,6.40,4.00
2010.07.20 14:07:18.166,0.84645,0.8466,10.40,10.20
2010.07.20 14:07:18.786,0.84645,0.8466,10.40,9.40
2010.07.20 14:07:19.363,0.84645,0.8466,12.00,9.40
2010.07.20 14:07:19.715,0.84645,0.84655,12.80,1.00
2010.07.20 14:07:20.576,0.84645,0.84655,1.60,4.60
2010.07.20 14:07:20.842,0.84645,0.84655,1.00,9.40
2010.07.20 14:07:24.448,0.8464,0.84655,14.00,9.40
2010.07.20 14:07:26.007,0.8464,0.8465,11.60,1.00
2010.07.20 14:07:26.153,0.84645,0.84655,1.00,9.40
2010.07.20 14:07:26.883,0.84645,0.84655,4.00,9.40
2010.07.20 14:07:27.033,0.84645,0.84655,4.80,5.40
2010.07.20 14:07:28.189,0.84645,0.84655,5.60,5.40
2010.07.20 14:07:28.417,0.84645,0.84655,4.80,5.40
2010.07.20 14:07:28.648,0.84645,0.84655,1.00,9.40
2010.07.20 14:07:29.515,0.84645,0.84655,8.80,1.40
2010.07.20 14:07:32.085,0.84645,0.84655,8.80,2.20
2010.07.20 14:07:32.949,0.84645,0.84655,8.00,2.20
2010.07.20 14:07:33.380,0.84645,0.84655,8.00,9.80
2010.07.20 14:07:33.690,0.8464,0.8465,1.00,8.80
2010.07.20 14:07:34.489,0.84635,0.8465,11.20,9.40
2010.07.20 14:07:34.687,0.8464,0.84645,4.00,1.00
2010.07.20 14:07:35.571,0.8463,0.84645,13.60,8.60
2010.07.20 14:07:35.920,0.8464,0.84645,8.00,1.00
2010.07.20 14:07:36.818,0.8464,0.8465,9.60,1.00
2010.07.20 14:07:37.496,0.8464,0.84655,10.40,9.40
2010.07.20 14:07:38.370,0.8464,0.84655,10.40,10.20
2010.07.20 14:07:38.378,0.84645,0.84655,4.00,6.20
2010.07.20 14:07:38.591,0.84645,0.84655,8.00,2.20
2010.07.20 14:07:40.770,0.84645,0.84655,8.80,2.20
2010.07.20 14:07:40.845,0.84645,0.84655,4.80,2.20
2010.07.20 14:07:40.917,0.84645,0.84655,4.80,6.20
2010.07.20 14:07:41.570,0.84645,0.84655,4.00,2.20
2010.07.20 14:07:41.651,0.84645,0.84655,9.60,1.40
2010.07.20 14:07:42.870,0.84645,0.8466,11.20,10.20
2010.07.20 14:07:43.169,0.8465,0.8466,4.00,6.20
2010.07.20 14:07:44.037,0.84645,0.8466,20.40,6.20
2010.07.20 14:07:44.723,0.84645,0.8466,18.00,10.20
2010.07.20 14:07:44.962,0.84645,0.8466,18.80,10.20
2010.07.20 14:07:46.269,0.84645,0.8465,11.20,1.00
2010.07.20 14:07:46.484,0.8464,0.84655,17.60,10.20
2010.07.20 14:07:46.695,0.8464,0.84655,16.80,10.20
2010.07.20 14:07:47.754,0.8464,0.84655,14.00,10.20
2010.07.20 14:07:49.577,0.8464,0.8465,14.00,1.40
2010.07.20 14:07:50.199,0.8464,0.8465,14.80,1.40
2010.07.20 14:07:51.034,0.8464,0.84655,15.60,10.20
2010.07.20 14:07:51.146,0.8464,0.84655,22.80,10.20
2010.07.20 14:07:51.756,0.8464,0.84655,15.60,10.20
2010.07.20 14:07:52.066,0.8464,0.84655,13.20,11.80
2010.07.20 14:07:52.865,0.8464,0.8465,11.20,1.00
2010.07.20 14:07:53.180,0.8464,0.8465,12.00,1.40
2010.07.20 14:07:54.605,0.8464,0.8465,12.80,1.00
2010.07.20 14:07:54.809,0.8464,0.8465,14.00,1.00
2010.07.20 14:07:55.010,0.8464,0.84655,21.60,10.20
2010.07.20 14:07:55.765,0.84645,0.84655,10.80,1.00
2010.07.20 14:07:56.967,0.84645,0.84655,12.40,1.00
2010.07.20 14:07:57.704,0.84645,0.84655,12.00,1.00
2010.07.20 14:07:58.582,0.84645,0.84655,12.80,1.00
2010.07.20 14:07:58.938,0.84645,0.84655,10.40,1.40
2010.07.20 14:07:59.484,0.84645,0.84655,12.40,1.40
2010.07.20 14:08:00.287,0.84645,0.84655,13.20,1.40
2010.07.20 14:08:00.541,0.84645,0.84655,14.00,1.00
2010.07.20 14:08:02.520,0.84645,0.84655,13.20,1.00
2010.07.20 14:08:02.695,0.84645,0.84655,14.00,1.00
2010.07.20 14:08:02.868,0.8465,0.84655,6.40,1.00
2010.07.20 14:08:03.459,0.84655,0.8466,8.00,1.40
2010.07.20 14:08:03.804,0.8465,0.8466,4.00,6.20
2010.07.20 14:08:05.068,0.84645,0.8466,16.80,6.20
2010.07.20 14:08:05.349,0.84645,0.8466,16.40,10.20
2010.07.20 14:08:06.600,0.84645,0.84655,12.40,1.00
2010.07.20 14:08:07.744,0.8465,0.8466,4.00,5.40
2010.07.20 14:08:08.026,0.8465,0.8466,5.60,5.40
2010.07.20 14:08:08.303,0.8465,0.8466,9.60,1.00
2010.07.20 14:08:09.113,0.8465,0.8466,10.40,1.00
2010.07.20 14:08:09.427,0.8465,0.8466,1.00,9.40
2010.07.20 14:08:10.551,0.8465,0.84655,1.00,1.40
2010.07.20 14:08:10.820,0.84645,0.84655,10.40,1.40
2010.07.20 14:08:11.092,0.84645,0.84655,10.80,1.40
2010.07.20 14:08:11.896,0.8465,0.84655,6.80,1.40
2010.07.20 14:08:12.223,0.84655,0.84665,8.80,1.00
2010.07.20 14:08:12.548,0.84655,0.84665,10.40,1.00
2010.07.20 14:08:12.866,0.84655,0.8467,10.40,11.80
2010.07.20 14:08:13.667,0.84655,0.8467,11.20,11.80
2010.07.20 14:08:13.951,0.84655,0.8467,11.20,11.00
2010.07.20 14:08:15.296,0.84655,0.8467,7.20,11.80
2010.07.20 14:08:15.467,0.8466,0.8467,4.80,4.80
2010.07.20 14:08:15.629,0.8466,0.84675,4.80,15.00
2010.07.20 14:08:16.177,0.8466,0.84675,4.80,13.40
2010.07.20 14:08:16.361,0.8466,0.8467,1.00,8.00
2010.07.20 14:08:17.133,0.84655,0.8467,11.20,8.80
2010.07.20 14:08:17.483,0.84655,0.8467,11.20,11.80
2010.07.20 14:08:18.336,0.84655,0.8467,11.20,9.60
2010.07.20 14:08:18.670,0.84655,0.8467,11.20,10.40
2010.07.20 14:08:19.009,0.84655,0.8467,11.20,11.00
2010.07.20 14:08:19.348,0.84655,0.8467,11.20,11.80
2010.07.20 14:08:20.233,0.84655,0.84665,1.60,8.00
2010.07.20 14:08:20.566,0.84655,0.84665,5.60,4.60
2010.07.20 14:08:22.245,0.84655,0.84665,5.60,4.00
2010.07.20 14:08:22.485,0.84655,0.84665,5.60,4.80
2010.07.20 14:08:22.565,0.84655,0.84665,4.80,8.80
2010.07.20 14:08:22.648,0.84655,0.84665,1.00,10.40
2010.07.20 14:08:22.805,0.8465,0.84665,11.20,10.40
2010.07.20 14:08:23.366,0.8465,0.84665,10.40,12.00
2010.07.20 14:08:23.620,0.8465,0.84665,9.60,13.00
2010.07.20 14:08:26.189,0.8465,0.84665,7.20,13.00
2010.07.20 14:08:26.378,0.8465,0.84665,12.80,11.00
2010.07.20 14:08:27.119,0.84655,0.84665,1.00,12.60
2010.07.20 14:08:27.295,0.8465,0.84665,6.40,13.80
2010.07.20 14:08:27.639,0.8465,0.8466,6.40,4.00
2010.07.20 14:08:27.806,0.8465,0.8466,5.60,4.00
2010.07.20 14:08:28.768,0.8465,0.8466,4.80,4.00
2010.07.20 14:08:30.016,0.8465,0.8466,5.60,4.60
2010.07.20 14:08:30.823,0.8465,0.8466,6.40,4.00
2010.07.20 14:08:31.020,0.8465,0.8466,5.60,4.00
2010.07.20 14:08:31.406,0.8465,0.8466,5.60,8.80
2010.07.20 14:08:31.607,0.8465,0.8466,1.00,10.40
2010.07.20 14:08:32.342,0.8465,0.8466,4.80,4.80
2010.07.20 14:08:32.617,0.8465,0.8466,4.80,4.60
2010.07.20 14:08:34.756,0.8465,0.8466,1.00,8.60
2010.07.20 14:08:35.500,0.8465,0.8466,4.80,4.60
2010.07.20 14:08:37.239,0.8465,0.8466,4.80,5.40
2010.07.20 14:08:37.427,0.84645,0.8466,13.80,5.40
2010.07.20 14:08:38.171,0.84645,0.84655,7.20,4.00
2010.07.20 14:08:38.351,0.84645,0.8466,12.80,11.80
2010.07.20 14:08:38.698,0.8465,0.8466,1.00,11.80
2010.07.20 14:08:39.533,0.84645,0.8466,11.20,11.80
2010.07.20 14:08:40.374,0.84645,0.84655,6.80,4.00
2010.07.20 14:08:40.727,0.84645,0.8466,6.40,12.60
2010.07.20 14:08:41.071,0.84645,0.84655,2.40,8.00
2010.07.20 14:08:41.966,0.84645,0.84655,6.40,4.60
2010.07.20 14:08:42.653,0.8464,0.84655,6.00,11.00
2010.07.20 14:08:43.214,0.8464,0.8465,6.00,4.80
2010.07.20 14:08:43.429,0.8464,0.8465,4.80,5.40
2010.07.20 14:08:43.636,0.8464,0.8465,1.00,9.40
2010.07.20 14:08:44.716,0.84635,0.84645,10.80,1.00
2010.07.20 14:08:45.774,0.84635,0.84645,7.60,4.60
2010.07.20 14:08:46.007,0.84635,0.84645,5.60,4.60
2010.07.20 14:08:46.477,0.84635,0.84645,17.20,4.60
2010.07.20 14:08:47.188,0.8464,0.8465,4.00,6.20
2010.07.20 14:08:47.420,0.84635,0.84645,4.00,5.40
2010.07.20 14:08:47.644,0.84635,0.84645,9.60,1.40
2010.07.20 14:08:48.398,0.84635,0.84645,4.80,4.60
2010.07.20 14:08:48.706,0.84635,0.84645,5.60,4.60
2010.07.20 14:08:50.392,0.84635,0.84645,13.00,1.00
2010.07.20 14:08:51.316,0.84635,0.84645,13.60,1.00
2010.07.20 14:08:51.659,0.84635,0.84645,1.00,9.40
2010.07.20 14:08:53.077,0.8463,0.8464,4.80,8.00
2010.07.20 14:08:53.338,0.8463,0.8464,8.00,4.00
2010.07.20 14:08:54.134,0.84635,0.84645,1.60,8.00
2010.07.20 14:08:55.468,0.84635,0.8465,9.60,11.80
2010.07.20 14:08:55.699,0.84635,0.84645,1.60,8.00
2010.07.20 14:08:56.157,0.84635,0.84645,1.60,8.60
2010.07.20 14:08:57.320,0.84635,0.84645,8.00,1.40
2010.07.20 14:08:57.585,0.84635,0.84645,4.00,5.40
2010.07.20 14:08:57.764,0.8463,0.84645,19.60,9.40
2010.07.20 14:08:57.855,0.8463,0.84645,20.60,8.60
2010.07.20 14:08:58.409,0.8463,0.84645,15.40,10.20
2010.07.20 14:08:58.625,0.8463,0.84645,10.40,10.20
2010.07.20 14:08:58.840,0.8463,0.84645,11.20,10.20
2010.07.20 14:08:59.059,0.84635,0.84645,1.00,10.20
2010.07.20 14:08:59.852,0.8464,0.8465,4.00,6.20
2010.07.20 14:09:00.128,0.8464,0.8465,5.60,4.60
2010.07.20 14:09:01.589,0.84645,0.84655,11.20,1.80
2010.07.20 14:09:02.404,0.84645,0.84655,12.00,1.00
2010.07.20 14:09:02.670,0.84645,0.84655,9.60,1.00
2010.07.20 14:09:02.927,0.8465,0.84655,4.00,1.00
2010.07.20 14:09:03.737,0.8465,0.8466,4.80,6.20
2010.07.20 14:09:04.731,0.8465,0.8466,1.00,8.80
2010.07.20 14:09:05.762,0.8465,0.8466,1.00,10.40
2010.07.20 14:09:06.903,0.8465,0.8466,1.00,11.00
2010.07.20 14:09:08.310,0.84645,0.8466,11.20,11.80
2010.07.20 14:09:09.935,0.84645,0.8466,10.40,11.80
2010.07.20 14:09:10.284,0.8465,0.8466,5.60,1.00
2010.07.20 14:09:10.636,0.8465,0.8466,4.80,5.40
2010.07.20 14:09:11.465,0.8465,0.8466,1.00,10.20
2010.07.20 14:09:12.791,0.84645,0.84655,2.40,8.60
2010.07.20 14:09:12.951,0.84645,0.84655,1.60,8.60
2010.07.20 14:09:13.118,0.84645,0.84655,5.60,4.60
2010.07.20 14:09:13.800,0.84645,0.84655,1.60,4.80
2010.07.20 14:09:14.156,0.8464,0.84655,7.20,9.40
2010.07.20 14:09:14.710,0.8464,0.84655,11.20,9.40
2010.07.20 14:09:15.062,0.84645,0.84655,8.00,1.80
2010.07.20 14:09:15.388,0.84645,0.84655,8.00,2.60
2010.07.20 14:09:16.541,0.84645,0.84655,4.00,6.60
2010.07.20 14:09:16.880,0.84645,0.84655,5.60,4.60
2010.07.20 14:09:17.753,0.84645,0.84655,6.40,4.60
2010.07.20 14:09:18.106,0.84645,0.8466,11.20,12.20
2010.07.20 14:09:18.450,0.8465,0.8466,1.00,12.20
2010.07.20 14:09:19.276,0.8465,0.8466,4.80,6.20
2010.07.20 14:09:20.120,0.8465,0.8466,4.80,5.40
2010.07.20 14:09:20.680,0.84655,0.84665,1.60,10.40
2010.07.20 14:09:21.557,0.8466,0.84665,1.00,4.40
2010.07.20 14:09:21.874,0.84645,0.8466,12.40,9.40
2010.07.20 14:09:22.097,0.84645,0.8466,12.40,10.60
2010.07.20 14:09:23.122,0.84645,0.8466,10.80,10.20
2010.07.20 14:09:25.324,0.84645,0.8466,10.80,9.40
2010.07.20 14:09:25.387,0.84645,0.8466,11.20,9.40
2010.07.20 14:09:25.588,0.8465,0.8466,4.00,4.60
2010.07.20 14:09:26.194,0.8465,0.84655,4.00,1.00
2010.07.20 14:09:26.542,0.84645,0.84655,9.60,1.00
2010.07.20 14:09:26.888,0.84645,0.84655,9.60,2.20
2010.07.20 14:09:27.228,0.84645,0.84655,8.80,2.20
2010.07.20 14:09:28.095,0.84645,0.84655,8.00,2.20
2010.07.20 14:09:28.332,0.8464,0.8465,6.40,4.00
2010.07.20 14:09:28.539,0.8464,0.8465,5.60,4.60
2010.07.20 14:09:28.748,0.8464,0.8465,4.80,4.60
2010.07.20 14:09:29.691,0.84645,0.84655,4.00,11.00
2010.07.20 14:09:29.934,0.84645,0.84655,4.00,6.20
2010.07.20 14:09:30.409,0.84645,0.84655,8.00,2.20
2010.07.20 14:09:30.647,0.84645,0.84655,4.00,6.20
2010.07.20 14:09:31.651,0.8464,0.84655,10.40,10.20
2010.07.20 14:09:32.615,0.8464,0.84655,10.80,10.20
2010.07.20 14:09:33.204,0.8464,0.84655,10.40,10.20
2010.07.20 14:09:35.261,0.84655,0.8466,1.00,10.20
2010.07.20 14:09:35.358,0.84655,0.8466,1.60,7.00
2010.07.20 14:09:35.989,0.8466,0.8467,1.60,8.00
2010.07.20 14:09:36.294,0.8466,0.84675,10.40,12.20
2010.07.20 14:09:37.099,0.8466,0.84675,9.60,13.00
2010.07.20 14:09:37.439,0.8466,0.8467,2.40,8.00
2010.07.20 14:09:38.313,0.8466,0.8467,4.80,1.40
2010.07.20 14:09:38.643,0.84655,0.8467,13.20,10.20
2010.07.20 14:09:39.513,0.84655,0.84665,6.00,4.80
2010.07.20 14:09:39.847,0.84655,0.84665,2.00,9.40
2010.07.20 14:09:41.707,0.84655,0.84665,4.40,8.60
2010.07.20 14:09:41.866,0.8466,0.84665,4.00,4.60
2010.07.20 14:09:42.031,0.84655,0.84665,2.40,8.00
2010.07.20 14:09:42.598,0.84655,0.84665,1.60,8.00
2010.07.20 14:09:42.758,0.84655,0.84665,7.20,4.00
2010.07.20 14:09:44.360,0.84655,0.84665,6.40,4.00
2010.07.20 14:09:44.683,0.84655,0.84665,5.60,4.00
2010.07.20 14:09:45.003,0.84655,0.84665,1.00,9.40
2010.07.20 14:09:45.718,0.84655,0.84665,1.00,10.20
2010.07.20 14:09:46.113,0.8465,0.84665,9.60,10.60
2010.07.20 14:09:46.452,0.8465,0.84665,5.60,13.40
2010.07.20 14:09:47.064,0.8465,0.84665,4.80,14.20
2010.07.20 14:09:47.413,0.8465,0.8466,1.00,10.20
2010.07.20 14:09:47.708,0.84645,0.8466,10.00,10.20
2010.07.20 14:09:48.545,0.84645,0.84655,6.80,4.00
2010.07.20 14:09:48.812,0.84645,0.84655,7.60,4.00
2010.07.20 14:09:49.603,0.8465,0.8466,4.80,6.20
2010.07.20 14:09:49.832,0.8465,0.8466,4.80,1.00
2010.07.20 14:09:50.055,0.8465,0.84665,4.80,12.20
2010.07.20 14:09:52.136,0.8465,0.8466,4.80,4.00
2010.07.20 14:09:52.990,0.84655,0.84665,2.40,8.00
2010.07.20 14:09:53.097,0.84655,0.84665,6.40,8.00
2010.07.20 14:09:53.205,0.84655,0.84665,7.20,4.00
2010.07.20 14:09:53.414,0.84655,0.84665,7.20,4.60
2010.07.20 14:09:54.665,0.8465,0.84655,3.20,4.00
2010.07.20 14:09:55.017,0.8465,0.8466,11.20,1.60
2010.07.20 14:09:55.715,0.8465,0.8466,10.40,1.60
2010.07.20 14:09:55.892,0.84655,0.84665,4.00,6.60
2010.07.20 14:09:56.216,0.84655,0.84665,4.00,6.20
2010.07.20 14:09:57.404,0.84655,0.84665,5.60,1.00
2010.07.20 14:09:57.541,0.84655,0.84665,9.60,1.00
2010.07.20 14:09:57.677,0.84655,0.84665,9.60,3.20
2010.07.20 14:09:57.807,0.8465,0.84665,9.60,11.20
2010.07.20 14:09:58.898,0.8465,0.8466,5.60,4.00
2010.07.20 14:09:59.665,0.8465,0.8466,4.80,4.00
2010.07.20 14:09:59.788,0.8465,0.8466,4.80,4.80
2010.07.20 14:10:00.508,0.8465,0.8466,1.00,8.80
2010.07.20 14:10:00.630,0.8465,0.8466,1.60,8.80
2010.07.20 14:10:01.540,0.84645,0.8466,9.60,13.80
2010.07.20 14:10:02.421,0.84645,0.84655,5.60,4.00
2010.07.20 14:10:02.681,0.84645,0.84655,5.60,5.40
2010.07.20 14:10:05.472,0.84645,0.84655,5.60,1.40
2010.07.20 14:10:05.722,0.8465,0.8466,4.00,6.60
2010.07.20 14:10:05.966,0.8465,0.8466,4.80,6.20
2010.07.20 14:10:06.945,0.8465,0.8466,4.00,6.20
2010.07.20 14:10:07.272,0.8465,0.8466,1.00,9.40
2010.07.20 14:10:08.356,0.8465,0.8466,9.60,1.00
2010.07.20 14:10:09.597,0.84655,0.8466,4.00,1.00
2010.07.20 14:10:09.908,0.84655,0.84665,9.20,5.20
2010.07.20 14:10:10.566,0.84655,0.84665,15.60,4.80
2010.07.20 14:10:10.824,0.8466,0.84665,4.00,1.00
2010.07.20 14:10:11.082,0.84655,0.84665,5.60,4.00
2010.07.20 14:10:11.879,0.84655,0.84665,9.60,1.00
2010.07.20 14:10:12.564,0.84655,0.84665,9.60,1.20
2010.07.20 14:10:13.527,0.8466,0.84665,1.00,1.00
2010.07.20 14:10:13.869,0.84655,0.84665,9.60,1.00
2010.07.20 14:10:14.471,0.84655,0.84665,5.60,1.00
2010.07.20 14:10:14.735,0.8465,0.8466,5.60,4.80
2010.07.20 14:10:15.519,0.84655,0.84665,1.00,12.40
2010.07.20 14:10:15.859,0.84655,0.84665,5.60,4.80
2010.07.20 14:10:16.689,0.84655,0.84665,9.60,1.00
2010.07.20 14:10:18.148,0.8466,0.8467,5.60,4.40
2010.07.20 14:10:20.465,0.8466,0.8467,5.60,3.60
2010.07.20 14:10:20.660,0.8466,0.8467,1.00,10.80
2010.07.20 14:10:21.364,0.8466,0.8467,1.00,9.20
2010.07.20 14:10:21.554,0.8466,0.8467,4.80,1.00
2010.07.20 14:10:22.758,0.8466,0.8467,4.00,5.40
2010.07.20 14:10:23.915,0.8466,0.8467,4.80,1.40
2010.07.20 14:10:24.159,0.8466,0.8467,4.80,5.40
2010.07.20 14:10:25.070,0.8466,0.8467,4.80,4.60
2010.07.20 14:10:25.300,0.8466,0.8467,1.00,9.40
2010.07.20 14:10:26.503,0.8466,0.8467,4.80,5.40
2010.07.20 14:10:26.849,0.8466,0.8467,4.00,5.80
2010.07.20 14:10:27.191,0.84655,0.84665,12.60,4.00
2010.07.20 14:10:27.785,0.84655,0.84665,6.00,8.40
2010.07.20 14:10:28.074,0.84655,0.84665,8.40,1.40
2010.07.20 14:10:28.347,0.84655,0.84665,8.40,2.20
2010.07.20 14:10:28.628,0.8465,0.84665,9.60,11.00
2010.07.20 14:10:29.170,0.8465,0.8466,9.60,1.00
2010.07.20 14:10:29.439,0.84645,0.8466,10.40,11.00
2010.07.20 14:10:30.247,0.84645,0.8466,10.40,11.80
2010.07.20 14:10:31.109,0.8465,0.8466,4.80,7.00
2010.07.20 14:10:31.268,0.8465,0.8466,4.80,6.20
2010.07.20 14:10:32.158,0.8465,0.8466,4.80,6.60
2010.07.20 14:10:34.109,0.8465,0.8466,8.80,1.00
2010.07.20 14:10:34.205,0.8465,0.84665,8.80,13.40
2010.07.20 14:10:34.405,0.8465,0.84665,9.60,12.60
2010.07.20 14:10:35.122,0.8465,0.8466,9.60,1.00
2010.07.20 14:10:35.455,0.8465,0.8466,4.80,1.20
2010.07.20 14:10:35.772,0.8465,0.8466,1.00,9.60
2010.07.20 14:10:36.081,0.84645,0.8466,10.40,11.00
2010.07.20 14:10:36.995,0.84645,0.84655,5.60,4.00
2010.07.20 14:10:37.342,0.84645,0.84655,5.60,4.80
2010.07.20 14:10:37.565,0.84645,0.84655,5.60,5.40
2010.07.20 14:10:38.322,0.84645,0.84655,1.60,8.80
2010.07.20 14:10:38.538,0.84645,0.84655,1.60,8.00
2010.07.20 14:10:38.769,0.84645,0.84655,9.60,1.40
2010.07.20 14:10:39.323,0.84645,0.84655,9.60,2.20
2010.07.20 14:10:39.563,0.8464,0.84655,10.40,11.80
2010.07.20 14:10:39.912,0.8464,0.8465,9.60,1.00
2010.07.20 14:10:40.758,0.8464,0.84655,9.60,11.80
2010.07.20 14:10:40.978,0.8464,0.84655,9.60,13.40
2010.07.20 14:10:42.214,0.8464,0.84655,9.60,12.60
2010.07.20 14:10:42.716,0.8464,0.8465,8.80,1.00
2010.07.20 14:10:43.154,0.8464,0.8465,8.80,1.40
2010.07.20 14:10:43.801,0.8464,0.8465,8.80,2.20
2010.07.20 14:10:43.840,0.8464,0.8465,1.00,10.20
2010.07.20 14:10:43.965,0.84635,0.8465,12.00,10.20
2010.07.20 14:10:44.248,0.84635,0.8465,11.20,17.00
2010.07.20 14:10:44.529,0.84635,0.84645,9.60,1.00
2010.07.20 14:10:45.357,0.84635,0.84645,9.60,1.00
2010.07.20 14:10:46.415,0.84635,0.84645,8.80,1.40
2010.07.20 14:10:47.029,0.84635,0.84645,8.00,2.60
2010.07.20 14:10:47.283,0.84635,0.84645,1.00,10.20
2010.07.20 14:10:47.478,0.84635,0.84645,1.00,5.40
2010.07.20 14:10:48.208,0.84635,0.84645,8.80,1.40
2010.07.20 14:10:48.388,0.84635,0.84645,1.00,11.40
2010.07.20 14:10:49.963,0.8463,0.84645,10.40,11.80
2010.07.20 14:10:51.064,0.8463,0.8464,6.40,4.00
2010.07.20 14:10:51.979,0.8463,0.8464,1.60,8.00
2010.07.20 14:10:52.319,0.8463,0.8464,1.00,8.80
2010.07.20 14:10:52.847,0.8463,0.8464,1.00,9.40
2010.07.20 14:10:53.192,0.8463,0.8464,1.00,11.00
2010.07.20 14:10:53.642,0.84625,0.84635,8.00,4.00
2010.07.20 14:10:53.868,0.84625,0.8464,12.00,10.60
2010.07.20 14:10:54.608,0.84625,0.84635,3.20,8.00
2010.07.20 14:10:54.924,0.8462,0.8463,6.40,4.00
2010.07.20 14:10:56.238,0.8462,0.8463,5.60,4.60
2010.07.20 14:10:56.518,0.8462,0.8463,4.80,5.40
2010.07.20 14:10:58.453,0.84615,0.8463,10.40,11.00
2010.07.20 14:10:58.635,0.84615,0.8463,11.20,10.20
2010.07.20 14:10:59.289,0.8462,0.8463,4.80,4.80
2010.07.20 14:10:59.623,0.8462,0.8463,4.80,1.00
2010.07.20 14:11:00.958,0.8462,0.8463,4.80,4.80
2010.07.20 14:11:02.089,0.8462,0.8463,10.40,1.00
2010.07.20 14:11:02.433,0.8462,0.8463,9.60,1.00
2010.07.20 14:11:03.797,0.8462,0.8463,5.60,4.80
2010.07.20 14:11:04.078,0.8462,0.8463,4.80,4.80
2010.07.20 14:11:04.349,0.8462,0.8463,1.00,9.40
2010.07.20 14:11:05.108,0.8462,0.8463,1.00,10.20
2010.07.20 14:11:05.372,0.84615,0.8463,13.60,9.40
2010.07.20 14:11:06.147,0.84615,0.8463,14.00,9.40
2010.07.20 14:11:06.411,0.84615,0.8463,13.60,10.20
2010.07.20 14:11:06.677,0.84615,0.8463,14.00,9.40
2010.07.20 14:11:08.013,0.84615,0.8463,11.60,10.20
2010.07.20 14:11:08.188,0.84615,0.8462,4.00,1.00
2010.07.20 14:11:09.059,0.8461,0.8462,1.00,8.80
2010.07.20 14:11:09.234,0.8461,0.8462,1.00,9.40
2010.07.20 14:11:11.841,0.84605,0.8462,14.40,9.40
2010.07.20 14:11:13.071,0.8461,0.8462,4.00,5.40
2010.07.20 14:11:13.857,0.8461,0.8462,4.80,4.60
2010.07.20 14:11:14.594,0.8461,0.8462,4.80,4.00
2010.07.20 14:11:15.069,0.84615,0.84625,5.60,1.00
2010.07.20 14:11:15.200,0.84615,0.84625,5.60,4.60
2010.07.20 14:11:16.089,0.84615,0.84625,8.80,5.40
2010.07.20 14:11:16.360,0.84615,0.84625,8.80,1.40
2010.07.20 14:11:16.642,0.84615,0.84625,1.60,9.40
2010.07.20 14:11:17.469,0.8461,0.84625,12.40,9.40
2010.07.20 14:11:17.812,0.8461,0.8462,6.40,4.00
2010.07.20 14:11:18.158,0.8461,0.84625,10.40,10.20
2010.07.20 14:11:19.365,0.84615,0.84625,8.00,2.20
2010.07.20 14:11:19.495,0.84615,0.84625,8.00,1.40
2010.07.20 14:11:21.296,0.84615,0.84625,8.80,1.40
2010.07.20 14:11:22.195,0.84615,0.84625,10.40,1.40
2010.07.20 14:11:22.525,0.84615,0.84625,10.40,1.00
2010.07.20 14:11:23.851,0.84615,0.84625,6.40,5.40
2010.07.20 14:11:26.083,0.84615,0.84625,2.40,4.00
2010.07.20 14:11:26.155,0.84615,0.84625,2.40,8.00
2010.07.20 14:11:26.770,0.84615,0.84625,1.00,9.40
2010.07.20 14:11:26.845,0.8461,0.84625,12.80,9.40
2010.07.20 14:11:27.188,0.8461,0.8462,2.40,8.00
2010.07.20 14:11:27.821,0.8461,0.8462,6.40,4.00
2010.07.20 14:11:28.176,0.8461,0.8462,1.00,8.60
2010.07.20 14:11:28.580,0.8461,0.8462,5.60,1.00
2010.07.20 14:11:28.781,0.8461,0.84625,10.40,10.60
2010.07.20 14:11:29.619,0.8461,0.8462,6.40,4.00
2010.07.20 14:11:31.587,0.8461,0.8462,7.20,4.00
2010.07.20 14:11:32.148,0.8461,0.84625,11.20,9.40
2010.07.20 14:11:32.425,0.8461,0.84625,12.80,9.40
2010.07.20 14:11:33.247,0.84615,0.84625,4.80,5.40
2010.07.20 14:11:33.605,0.84615,0.84625,13.20,5.40
2010.07.20 14:11:34.313,0.8462,0.8463,8.00,2.20
2010.07.20 14:11:34.502,0.84615,0.8463,10.40,10.20
2010.07.20 14:11:34.839,0.84615,0.8463,11.20,10.20
2010.07.20 14:11:35.165,0.84615,0.8463,10.40,10.20
2010.07.20 14:11:35.497,0.84615,0.84625,10.40,4.00
2010.07.20 14:11:36.189,0.84615,0.84625,6.40,4.00
2010.07.20 14:11:36.392,0.84615,0.84625,5.60,4.60
2010.07.20 14:11:36.646,0.84615,0.84625,6.40,4.60
2010.07.20 14:11:36.901,0.84615,0.8463,10.40,13.00
2010.07.20 14:11:37.658,0.84615,0.84625,10.40,4.00
2010.07.20 14:11:37.947,0.84615,0.84625,2.40,8.00
2010.07.20 14:11:39.330,0.84615,0.8463,12.80,10.20
2010.07.20 14:11:40.149,0.84615,0.8463,12.80,9.40
2010.07.20 14:11:40.829,0.8462,0.84635,10.40,9.40
2010.07.20 14:11:41.167,0.8462,0.84635,12.00,9.40
2010.07.20 14:11:42.374,0.8462,0.84635,12.80,9.40
2010.07.20 14:11:42.739,0.8462,0.84635,13.60,9.40
2010.07.20 14:11:42.916,0.84625,0.84635,1.00,8.60
2010.07.20 14:11:43.713,0.84625,0.84635,5.60,4.60
2010.07.20 14:11:45.357,0.8463,0.8464,4.00,4.60
2010.07.20 14:11:46.970,0.84625,0.8464,20.80,4.60
2010.07.20 14:11:47.152,0.84625,0.8464,12.00,10.20
2010.07.20 14:11:47.327,0.84625,0.8464,13.60,9.40
2010.07.20 14:11:48.040,0.84625,0.8464,14.40,5.40
2010.07.20 14:11:48.353,0.8463,0.8464,7.20,4.00
2010.07.20 14:11:49.210,0.8463,0.8464,2.40,4.00
2010.07.20 14:11:49.501,0.8463,0.8464,6.40,4.00
2010.07.20 14:11:50.068,0.8463,0.8464,7.20,4.00
2010.07.20 14:11:51.544,0.8463,0.8464,1.00,8.00
2010.07.20 14:11:51.818,0.8463,0.8464,1.00,9.40
2010.07.20 14:11:52.639,0.84625,0.84635,6.40,4.00
2010.07.20 14:11:52.950,0.84625,0.84635,2.40,8.00
2010.07.20 14:11:54.530,0.84625,0.84635,1.60,8.60
2010.07.20 14:11:54.698,0.84625,0.84635,1.60,9.40
2010.07.20 14:11:54.860,0.84625,0.84635,10.40,1.40
2010.07.20 14:11:55.556,0.84625,0.8464,12.00,9.40
2010.07.20 14:11:59.945,0.84625,0.84635,11.20,1.00
2010.07.20 14:12:00.211,0.84625,0.84635,4.00,6.40
2010.07.20 14:12:00.328,0.8462,0.8463,11.20,4.00
2010.07.20 14:12:00.436,0.8462,0.8463,9.60,7.20
2010.07.20 14:12:00.546,0.8462,0.8463,5.60,7.20
2010.07.20 14:12:01.752,0.84625,0.84635,1.00,14.20
2010.07.20 14:12:03.032,0.84625,0.8464,10.00,12.60
2010.07.20 14:12:03.300,0.8463,0.8464,4.00,2.60
2010.07.20 14:12:03.569,0.84625,0.84635,9.60,1.00
2010.07.20 14:12:03.840,0.84625,0.84635,6.40,8.80
2010.07.20 14:12:04.114,0.84625,0.8464,10.40,16.60
2010.07.20 14:12:04.662,0.84625,0.8464,10.40,19.00
2010.07.20 14:12:05.014,0.8462,0.8463,9.60,3.20
2010.07.20 14:12:05.357,0.8462,0.8463,5.60,3.20
2010.07.20 14:12:05.766,0.8462,0.8463,5.60,4.80
2010.07.20 14:12:06.460,0.8462,0.8463,5.60,7.20
2010.07.20 14:12:08.787,0.8462,0.8463,5.60,4.80
2010.07.20 14:12:08.909,0.8462,0.8463,9.60,1.00
2010.07.20 14:12:09.026,0.8462,0.8463,10.00,1.00
2010.07.20 14:12:09.148,0.84625,0.8463,1.60,1.00
2010.07.20 14:12:09.378,0.84625,0.84635,1.00,13.60
2010.07.20 14:12:10.484,0.8462,0.8463,5.60,7.20
2010.07.20 14:12:11.759,0.8462,0.8463,5.60,2.40
2010.07.20 14:12:12.105,0.8462,0.8463,4.80,8.60
2010.07.20 14:12:13.085,0.8462,0.8463,8.80,1.40
2010.07.20 14:12:13.432,0.8462,0.8463,4.80,5.60
2010.07.20 14:12:14.010,0.8462,0.8463,4.80,8.00
2010.07.20 14:12:14.350,0.8462,0.8463,1.00,12.00
2010.07.20 14:12:15.169,0.8462,0.8463,5.60,1.00
2010.07.20 14:12:17.568,0.84625,0.8463,1.60,1.00
2010.07.20 14:12:17.697,0.84625,0.84635,1.60,13.60
2010.07.20 14:12:17.826,0.84625,0.84635,1.60,12.80
2010.07.20 14:12:17.956,0.84625,0.8463,1.60,4.00
2010.07.20 14:12:18.086,0.8462,0.84635,10.40,10.40
2010.07.20 14:12:18.215,0.84625,0.84635,1.00,11.60
2010.07.20 14:12:18.475,0.8462,0.84635,12.00,11.60
2010.07.20 14:12:18.686,0.8462,0.84635,10.40,13.60
2010.07.20 14:12:19.459,0.8462,0.84635,9.60,22.00
2010.07.20 14:12:19.678,0.8462,0.8463,5.60,2.40
2010.07.20 14:12:19.897,0.8462,0.84635,10.40,15.20
2010.07.20 14:12:20.884,0.8462,0.8463,10.40,4.00
2010.07.20 14:12:21.163,0.8462,0.84635,10.40,15.20
2010.07.20 14:12:22.846,0.84625,0.84635,1.60,15.20
2010.07.20 14:12:23.051,0.84625,0.84635,1.60,12.80
2010.07.20 14:12:23.255,0.84625,0.84635,1.60,11.20
2010.07.20 14:12:23.715,0.84625,0.84635,1.60,12.80
2010.07.20 14:12:23.845,0.84625,0.84635,2.40,12.00
2010.07.20 14:12:23.976,0.84625,0.84635,11.20,4.00
2010.07.20 14:12:24.105,0.8463,0.8464,1.00,13.00
2010.07.20 14:12:24.236,0.8463,0.8464,1.00,10.60
2010.07.20 14:12:24.716,0.8463,0.8464,1.00,10.20
2010.07.20 14:12:28.753,0.84625,0.8464,10.40,10.20
2010.07.20 14:12:28.976,0.84625,0.8464,11.20,10.20
2010.07.20 14:12:29.414,0.8463,0.8464,1.00,10.20
2010.07.20 14:12:33.701,0.84625,0.8464,11.20,10.20
2010.07.20 14:12:34.456,0.84625,0.8464,10.40,10.20
2010.07.20 14:12:34.760,0.8463,0.8464,4.80,6.20
2010.07.20 14:12:35.050,0.8463,0.8464,4.80,4.60
2010.07.20 14:12:35.878,0.84625,0.8464,14.00,10.20
2010.07.20 14:12:36.099,0.84625,0.8464,12.00,11.00
2010.07.20 14:12:36.321,0.84625,0.8464,13.60,9.40
2010.07.20 14:12:36.547,0.84625,0.8464,14.00,9.40
2010.07.20 14:12:38.581,0.84625,0.8464,13.60,9.40
2010.07.20 14:12:38.795,0.84625,0.84635,1.00,12.00
2010.07.20 14:12:39.010,0.84625,0.8463,1.00,4.00
2010.07.20 14:12:39.754,0.84625,0.84635,1.00,12.80
2010.07.20 14:12:40.103,0.8462,0.84635,10.80,10.20
2010.07.20 14:12:40.449,0.8462,0.84635,10.40,10.20
2010.07.20 14:12:41.672,0.8462,0.84635,12.00,10.20
2010.07.20 14:12:43.021,0.8462,0.84635,11.60,9.40
2010.07.20 14:12:43.190,0.84625,0.84635,9.60,1.00
2010.07.20 14:12:43.918,0.84625,0.84635,5.60,4.00
2010.07.20 14:12:44.090,0.84625,0.8464,9.60,19.60
2010.07.20 14:12:44.427,0.84625,0.8464,9.60,18.80
2010.07.20 14:12:45.250,0.84625,0.8464,10.40,15.60
2010.07.20 14:12:45.448,0.8463,0.8464,4.00,5.40
2010.07.20 14:12:45.635,0.84625,0.8464,10.40,9.40
2010.07.20 14:12:45.820,0.84625,0.8464,10.40,10.20
2010.07.20 14:12:47.011,0.84625,0.84635,1.60,8.60
2010.07.20 14:12:47.358,0.84625,0.84635,12.00,1.00
2010.07.20 14:12:47.700,0.84625,0.84635,1.60,8.00
2010.07.20 14:12:48.888,0.84625,0.84635,1.60,8.60
2010.07.20 14:12:49.023,0.8462,0.84635,9.60,16.00
2010.07.20 14:12:50.536,0.8462,0.84635,9.60,15.20
2010.07.20 14:12:51.352,0.84625,0.84635,1.00,12.00
2010.07.20 14:12:51.542,0.84625,0.8464,11.20,14.40
2010.07.20 14:12:54.859,0.84625,0.8464,10.40,15.00
2010.07.20 14:12:55.566,0.84625,0.84635,9.60,1.00
2010.07.20 14:12:55.763,0.84625,0.84635,4.80,4.60
2010.07.20 14:12:56.069,0.84625,0.84635,5.60,4.60
2010.07.20 14:12:57.141,0.84625,0.84635,1.60,8.00
2010.07.20 14:12:57.613,0.84625,0.8464,10.40,12.80
2010.07.20 14:12:58.172,0.84625,0.8464,10.40,14.40
2010.07.20 14:12:59.199,0.84625,0.8464,10.40,14.20
2010.07.20 14:12:59.407,0.84625,0.8464,10.40,11.80
2010.07.20 14:12:59.943,0.84625,0.8464,10.40,10.20
2010.07.20 14:13:01.228,0.8463,0.8464,4.00,6.20
2010.07.20 14:13:01.432,0.8463,0.8464,1.00,9.40
2010.07.20 14:13:02.143,0.8463,0.8464,5.60,1.40
2010.07.20 14:13:02.413,0.8463,0.8464,5.60,4.80
2010.07.20 14:13:02.756,0.8463,0.8464,1.60,9.40
2010.07.20 14:13:03.769,0.8463,0.8464,5.60,4.80
2010.07.20 14:13:06.186,0.8463,0.8464,1.60,4.80
2010.07.20 14:13:06.416,0.8463,0.8464,1.60,8.80
2010.07.20 14:13:07.711,0.8463,0.8464,5.60,4.80
2010.07.20 14:13:07.902,0.8463,0.8464,9.60,1.00
2010.07.20 14:13:08.844,0.84635,0.84645,9.60,1.00
2010.07.20 14:13:09.100,0.84635,0.84645,5.60,4.80
2010.07.20 14:13:09.665,0.84635,0.84645,9.60,4.80
2010.07.20 14:13:10.011,0.84635,0.84645,4.00,10.20
2010.07.20 14:13:10.362,0.8463,0.8464,1.00,9.40
2010.07.20 14:13:11.804,0.84625,0.84635,6.80,4.00
2010.07.20 14:13:12.083,0.84625,0.8464,11.20,10.20
2010.07.20 14:13:12.771,0.8463,0.8464,1.00,9.40
2010.07.20 14:13:13.748,0.8463,0.8464,1.00,8.60
2010.07.20 14:13:17.097,0.8463,0.8464,2.40,8.00
2010.07.20 14:13:17.973,0.84635,0.84645,1.00,9.40
2010.07.20 14:13:18.314,0.84635,0.8465,7.20,10.20
2010.07.20 14:13:19.098,0.84635,0.8465,11.20,10.20
2010.07.20 14:13:19.288,0.84635,0.8465,10.40,10.20
2010.07.20 14:13:20.049,0.84635,0.8465,11.60,10.20
2010.07.20 14:13:20.777,0.8464,0.8465,1.00,8.80
2010.07.20 14:13:21.919,0.8465,0.8466,4.80,1.00
2010.07.20 14:13:22.263,0.8465,0.8466,5.60,4.60
2010.07.20 14:13:22.598,0.8465,0.8466,9.60,1.00
2010.07.20 14:13:23.463,0.8465,0.8466,8.80,4.60
2010.07.20 14:13:23.728,0.8465,0.8466,4.80,5.40
2010.07.20 14:13:24.506,0.8465,0.8466,1.00,9.40
2010.07.20 14:13:24.798,0.8465,0.8466,4.80,9.40
2010.07.20 14:13:25.088,0.8465,0.8466,1.00,9.40
2010.07.20 14:13:26.091,0.8465,0.8466,1.00,11.80
2010.07.20 14:13:26.193,0.84645,0.8466,9.60,13.20
2010.07.20 14:13:26.379,0.84645,0.8466,10.40,14.00
2010.07.20 14:13:26.470,0.84645,0.84655,6.40,4.00
2010.07.20 14:13:27.277,0.84645,0.84655,9.60,1.40
2010.07.20 14:13:27.558,0.84645,0.84655,5.60,4.00
2010.07.20 14:13:28.437,0.84645,0.8466,9.60,15.20
2010.07.20 14:13:28.625,0.84645,0.8466,10.40,15.20
2010.07.20 14:13:28.818,0.84645,0.8466,11.20,11.80
2010.07.20 14:13:29.514,0.8465,0.8466,1.00,15.20
2010.07.20 14:13:29.820,0.84645,0.8466,9.60,14.40
2010.07.20 14:13:30.420,0.84645,0.8466,9.60,12.00
2010.07.20 14:13:31.249,0.84645,0.8466,9.60,12.80
2010.07.20 14:13:32.536,0.84645,0.8466,10.40,10.20
2010.07.20 14:13:34.264,0.8465,0.8466,5.60,1.00
2010.07.20 14:13:34.505,0.8465,0.8466,5.60,3.00
2010.07.20 14:13:34.566,0.8465,0.8466,1.60,11.00
2010.07.20 14:13:34.626,0.8465,0.8466,1.00,11.00
2010.07.20 14:13:34.686,0.8465,0.8466,1.00,11.80
2010.07.20 14:13:35.565,0.84645,0.8466,9.60,11.00
2010.07.20 14:13:37.366,0.84645,0.8466,10.40,11.00
2010.07.20 14:13:37.652,0.8465,0.8466,4.80,5.40
2010.07.20 14:13:37.967,0.8465,0.8466,4.80,1.00
2010.07.20 14:13:38.575,0.8465,0.8466,5.60,1.00
2010.07.20 14:13:39.851,0.8465,0.8466,9.60,1.00
2010.07.20 14:13:40.010,0.84655,0.84665,9.60,5.40
2010.07.20 14:13:40.159,0.84655,0.84665,9.60,1.40
2010.07.20 14:13:40.435,0.84655,0.84665,9.60,1.00
2010.07.20 14:13:40.576,0.84655,0.84665,5.60,4.60
2010.07.20 14:13:41.300,0.84655,0.84665,5.60,5.40
2010.07.20 14:13:41.538,0.84655,0.84665,5.60,6.20
2010.07.20 14:13:42.235,0.84655,0.84665,5.60,5.40
2010.07.20 14:13:43.500,0.8465,0.84665,11.20,10.20
2010.07.20 14:13:43.868,0.8465,0.84665,10.40,11.00
2010.07.20 14:13:44.366,0.84655,0.84665,4.00,11.00
2010.07.20 14:13:45.058,0.84655,0.84665,5.60,5.40
2010.07.20 14:13:45.930,0.84655,0.84665,4.80,5.40
2010.07.20 14:13:46.120,0.8465,0.84665,10.40,7.00
2010.07.20 14:13:46.843,0.8465,0.8466,5.60,4.00
2010.07.20 14:13:47.034,0.84655,0.84665,4.00,10.20
2010.07.20 14:13:47.384,0.84655,0.84665,4.80,10.40
2010.07.20 14:13:47.975,0.84655,0.84665,1.00,9.40
2010.07.20 14:13:48.882,0.84645,0.8466,12.00,9.40
2010.07.20 14:13:49.204,0.8465,0.8466,4.80,4.60
2010.07.20 14:13:50.230,0.8465,0.8466,4.80,8.60
2010.07.20 14:13:50.572,0.84645,0.8466,9.60,11.80
2010.07.20 14:13:51.251,0.84645,0.8466,9.60,12.60
2010.07.20 14:13:51.524,0.84645,0.84655,1.00,8.80
2010.07.20 14:13:51.726,0.84645,0.84655,1.00,10.40
2010.07.20 14:13:51.935,0.84645,0.84655,1.60,19.20
2010.07.20 14:13:52.683,0.8465,0.8466,5.60,1.00
2010.07.20 14:13:53.032,0.8465,0.8466,9.60,2.40
2010.07.20 14:13:53.677,0.8465,0.8466,9.60,1.60
2010.07.20 14:13:53.941,0.84655,0.84665,9.60,2.40
2010.07.20 14:13:54.698,0.84655,0.84665,5.60,6.40
2010.07.20 14:13:55.563,0.84655,0.8466,4.80,7.60
2010.07.20 14:13:55.894,0.84655,0.8466,4.80,1.00
2010.07.20 14:13:56.891,0.8465,0.8466,4.80,4.60
2010.07.20 14:13:57.798,0.8465,0.84655,4.80,1.00
2010.07.20 14:13:58.145,0.84645,0.84655,5.60,5.40
2010.07.20 14:13:59.159,0.84645,0.8466,8.80,14.60
2010.07.20 14:13:59.503,0.84645,0.84655,5.60,4.00
2010.07.20 14:13:59.851,0.84645,0.84655,9.60,1.00
2010.07.20 14:14:01.126,0.84645,0.84655,5.60,4.80
2010.07.20 14:14:01.367,0.84645,0.84655,9.60,4.80
2010.07.20 14:14:02.029,0.84645,0.84655,9.60,1.00
2010.07.20 14:14:03.047,0.84645,0.8466,9.60,14.20
2010.07.20 14:14:03.207,0.8465,0.8466,4.00,8.60
2010.07.20 14:14:03.908,0.8465,0.8466,4.80,7.80
2010.07.20 14:14:04.596,0.8465,0.8466,4.80,8.60
2010.07.20 14:14:04.867,0.84645,0.84655,9.60,1.00
2010.07.20 14:14:05.789,0.8465,0.8466,4.80,5.40
2010.07.20 14:14:06.008,0.8465,0.8466,4.80,7.00
2010.07.20 14:14:09.286,0.8465,0.8466,4.80,5.40
2010.07.20 14:14:09.879,0.8465,0.8466,9.60,4.80
2010.07.20 14:14:10.073,0.8465,0.8466,9.60,1.00
2010.07.20 14:14:12.094,0.8465,0.84665,9.60,13.80
2010.07.20 14:14:13.131,0.8465,0.84665,9.60,13.00
2010.07.20 14:14:13.380,0.8465,0.8466,9.60,1.00
2010.07.20 14:14:21.016,0.8465,0.84655,9.60,1.00
2010.07.20 14:14:21.084,0.8465,0.84655,4.00,1.00
2010.07.20 14:14:21.146,0.84645,0.84655,9.60,1.00
2010.07.20 14:14:26.097,0.84645,0.8466,9.60,16.60
2010.07.20 14:14:26.786,0.84645,0.8466,11.20,9.40
2010.07.20 14:14:26.983,0.8465,0.8466,5.60,4.60
2010.07.20 14:14:27.312,0.8465,0.8466,4.00,9.40
2010.07.20 14:14:28.173,0.8465,0.8466,5.60,1.00
2010.07.20 14:14:28.483,0.8465,0.8466,9.60,1.00
2010.07.20 14:14:30.775,0.8465,0.8466,5.60,1.00
2010.07.20 14:14:30.839,0.8465,0.8466,5.60,1.60
2010.07.20 14:14:30.967,0.8465,0.8466,1.60,5.60
2010.07.20 14:14:31.539,0.84645,0.84655,9.60,1.00
2010.07.20 14:14:32.079,0.84645,0.84655,9.60,1.60
2010.07.20 14:14:32.879,0.8464,0.84655,11.20,9.60
2010.07.20 14:14:33.079,0.84645,0.84655,1.60,9.40
2010.07.20 14:14:35.533,0.84645,0.84655,5.60,8.00
2010.07.20 14:14:35.816,0.84645,0.84655,9.60,1.00
2010.07.20 14:14:36.102,0.84645,0.84655,5.60,8.80
2010.07.20 14:14:36.901,0.84645,0.84655,1.60,8.80
2010.07.20 14:14:37.251,0.84645,0.84655,9.60,1.00
2010.07.20 14:14:37.597,0.84645,0.8466,9.60,22.20
2010.07.20 14:14:37.937,0.84645,0.8466,9.60,12.60
2010.07.20 14:14:38.711,0.84645,0.84655,9.60,1.00
2010.07.20 14:14:41.333,0.84645,0.84655,5.60,4.80
2010.07.20 14:14:43.661,0.84645,0.84655,9.60,1.00
2010.07.20 14:14:43.787,0.84645,0.8466,9.60,20.20
2010.07.20 14:14:44.147,0.84645,0.8466,9.60,18.60
2010.07.20 14:14:44.269,0.84645,0.8466,10.80,11.80
2010.07.20 14:14:44.913,0.8465,0.8466,5.60,1.00
2010.07.20 14:14:45.230,0.8465,0.8466,10.80,1.00
2010.07.20 14:14:46.537,0.8465,0.8466,9.60,1.00
2010.07.20 14:14:46.788,0.8465,0.8466,4.80,4.80
2010.07.20 14:14:47.769,0.8465,0.8466,1.00,9.40
2010.07.20 14:14:48.886,0.84645,0.84655,6.00,4.80
2010.07.20 14:14:49.121,0.8465,0.8466,1.00,11.80
2010.07.20 14:14:49.853,0.8465,0.8466,4.80,4.80
2010.07.20 14:14:50.204,0.8465,0.8466,1.60,8.80
2010.07.20 14:14:50.888,0.8465,0.8466,1.00,8.80
2010.07.20 14:14:51.720,0.8465,0.8466,1.00,9.40
2010.07.20 14:14:52.051,0.8465,0.8466,1.00,10.20
2010.07.20 14:14:52.578,0.84645,0.8466,10.00,10.20
2010.07.20 14:14:53.510,0.8465,0.8466,1.00,10.20
2010.07.20 14:14:53.857,0.8465,0.8466,1.00,9.40
2010.07.20 14:14:54.905,0.8465,0.8466,11.20,1.00
2010.07.20 14:14:55.259,0.8465,0.8466,6.40,1.40
2010.07.20 14:14:56.009,0.8465,0.8466,4.80,1.40
2010.07.20 14:14:56.411,0.8465,0.8466,8.80,1.00
2010.07.20 14:14:56.610,0.8465,0.84665,9.60,22.20
2010.07.20 14:14:57.494,0.8465,0.8466,9.60,1.00
2010.07.20 14:14:58.179,0.8465,0.8466,8.80,1.00
2010.07.20 14:14:58.953,0.84645,0.8466,2.40,1.80
2010.07.20 14:14:59.252,0.8465,0.8466,1.00,12.60
2010.07.20 14:14:59.538,0.8465,0.84665,5.60,11.80
2010.07.20 14:15:00.418,0.8465,0.8466,9.60,1.00
2010.07.20 14:15:01.609,0.8465,0.8466,5.60,4.60
2010.07.20 14:15:01.820,0.8465,0.8466,1.60,8.60
2010.07.20 14:15:02.226,0.84655,0.8466,1.00,8.60
2010.07.20 14:15:02.847,0.84655,0.8466,4.80,4.00
2010.07.20 14:15:03.134,0.8465,0.8466,1.60,8.00
2010.07.20 14:15:03.409,0.8465,0.8466,1.60,4.00
2010.07.20 14:15:04.230,0.8465,0.8466,1.60,8.00
2010.07.20 14:15:04.574,0.84655,0.84665,1.00,11.00
2010.07.20 14:15:04.931,0.84655,0.84665,1.00,10.20
2010.07.20 14:15:05.530,0.8465,0.8466,6.80,4.00
2010.07.20 14:15:05.874,0.8465,0.84665,10.80,11.00
2010.07.20 14:15:06.756,0.84655,0.84665,4.80,7.00
2010.07.20 14:15:07.297,0.84655,0.84665,4.80,3.00
2010.07.20 14:15:07.571,0.8465,0.84665,10.80,11.00
2010.07.20 14:15:07.747,0.8465,0.8466,10.80,1.00
2010.07.20 14:15:07.927,0.8465,0.8466,2.80,8.80
2010.07.20 14:15:08.106,0.8465,0.8466,2.00,8.80
2010.07.20 14:15:08.777,0.8465,0.8466,6.80,4.00
2010.07.20 14:15:08.993,0.8465,0.84665,9.60,12.60
2010.07.20 14:15:09.197,0.8465,0.84665,9.60,11.00
2010.07.20 14:15:12.396,0.8465,0.84665,10.40,12.60
2010.07.20 14:15:12.858,0.8465,0.84665,10.40,11.80
2010.07.20 14:15:13.089,0.84655,0.84665,4.00,9.40
2010.07.20 14:15:13.841,0.84655,0.84665,4.00,5.40
2010.07.20 14:15:15.522,0.84655,0.84665,4.80,5.40
2010.07.20 14:15:15.810,0.84655,0.84665,10.40,1.40
2010.07.20 14:15:16.611,0.84655,0.8467,12.40,10.20
2010.07.20 14:15:18.554,0.8466,0.8467,8.80,5.40
2010.07.20 14:15:18.903,0.84655,0.8467,12.40,9.40
2010.07.20 14:15:18.985,0.84655,0.8467,13.20,9.40
2010.07.20 14:15:19.349,0.8466,0.8467,4.80,5.40
2010.07.20 14:15:20.231,0.84655,0.8467,14.00,9.40
2010.07.20 14:15:20.580,0.8466,0.8467,4.80,5.40
2010.07.20 14:15:21.128,0.8466,0.8467,1.00,9.40
2010.07.20 14:15:21.631,0.8466,0.8467,4.80,5.40
2010.07.20 14:15:22.130,0.8466,0.8467,5.60,5.40
2010.07.20 14:15:22.875,0.8466,0.8467,7.20,5.40
2010.07.20 14:15:23.223,0.8466,0.84675,11.20,13.40
2010.07.20 14:15:23.933,0.8466,0.84675,12.00,11.80
2010.07.20 14:15:24.139,0.8466,0.84675,12.00,13.40
2010.07.20 14:15:24.347,0.8466,0.84675,10.40,13.40
2010.07.20 14:15:25.621,0.8466,0.8467,9.60,1.00
2010.07.20 14:15:25.799,0.8466,0.8467,10.40,1.00
2010.07.20 14:15:25.970,0.8466,0.84675,9.60,13.40
2010.07.20 14:15:26.980,0.8466,0.8467,5.60,1.40
2010.07.20 14:15:27.657,0.8466,0.8467,1.00,9.40
2010.07.20 14:15:27.947,0.8466,0.8467,4.80,1.40
2010.07.20 14:15:28.777,0.8466,0.8467,4.80,1.00
2010.07.20 14:15:30.997,0.8466,0.8467,5.60,1.00
2010.07.20 14:15:36.502,0.8466,0.8467,5.60,4.80
2010.07.20 14:15:37.006,0.8466,0.8467,5.60,1.00
2010.07.20 14:15:37.297,0.8466,0.8467,9.60,1.00
2010.07.20 14:15:37.906,0.8466,0.8467,5.60,1.00
2010.07.20 14:15:38.143,0.8466,0.8467,5.60,4.80
2010.07.20 14:15:38.898,0.84655,0.8467,13.60,10.20
2010.07.20 14:15:39.139,0.84655,0.8467,10.80,10.20
2010.07.20 14:15:39.617,0.84655,0.8467,10.40,11.00
2010.07.20 14:15:40.976,0.84655,0.84665,6.40,4.00
2010.07.20 14:15:41.136,0.8466,0.8467,1.00,11.00
2010.07.20 14:15:41.297,0.8466,0.8467,1.00,8.80
2010.07.20 14:15:42.081,0.84665,0.8467,1.00,1.00
2010.07.20 14:15:44.033,0.84665,0.8467,4.80,1.00
2010.07.20 14:15:44.220,0.84665,0.84675,9.60,1.00
2010.07.20 14:15:48.650,0.84665,0.84675,11.20,1.00
2010.07.20 14:15:48.747,0.8467,0.84675,1.60,1.00
2010.07.20 14:15:49.049,0.8467,0.84675,1.60,4.80
2010.07.20 14:15:49.145,0.84665,0.84675,6.80,4.80
2010.07.20 14:15:49.247,0.84665,0.84675,12.00,1.00
2010.07.20 14:15:49.889,0.8467,0.84675,1.60,1.00
2010.07.20 14:15:50.231,0.84665,0.84675,10.40,1.00
2010.07.20 14:15:51.028,0.84665,0.84675,5.60,4.80
2010.07.20 14:15:51.828,0.84665,0.84675,6.40,4.80
2010.07.20 14:15:52.973,0.84665,0.84675,9.60,1.00
2010.07.20 14:15:53.716,0.84665,0.84675,1.60,8.80
2010.07.20 14:15:54.042,0.84665,0.84675,9.60,1.00
2010.07.20 14:15:58.423,0.8467,0.84675,1.00,1.00
2010.07.20 14:15:58.629,0.84665,0.84675,9.60,1.00
2010.07.20 14:15:59.359,0.8467,0.84675,1.00,1.00
2010.07.20 14:15:59.570,0.84665,0.84675,9.60,1.00
2010.07.20 14:15:59.834,0.84665,0.8467,1.00,8.80
2010.07.20 14:16:00.620,0.8466,0.8467,6.40,4.00
2010.07.20 14:16:00.876,0.84665,0.84675,1.00,11.80
2010.07.20 14:16:02.876,0.84665,0.84675,1.00,7.80
2010.07.20 14:16:03.207,0.84665,0.84675,5.60,11.00
2010.07.20 14:16:03.906,0.84665,0.8467,1.60,4.80
2010.07.20 14:16:04.173,0.8466,0.8467,9.60,1.00
2010.07.20 14:16:04.409,0.8466,0.8467,10.80,1.00
2010.07.20 14:16:05.195,0.8466,0.8467,11.60,1.00
2010.07.20 14:16:06.055,0.8466,0.8467,10.80,1.00
2010.07.20 14:16:06.398,0.8466,0.8467,9.60,1.00
2010.07.20 14:16:09.939,0.84665,0.84675,9.60,2.40
2010.07.20 14:16:10.703,0.84665,0.84675,9.60,1.00
2010.07.20 14:16:11.052,0.84665,0.84675,9.60,2.40
2010.07.20 14:16:12.442,0.8467,0.84675,1.00,1.00
2010.07.20 14:16:12.708,0.8466,0.8467,3.60,4.00
2010.07.20 14:16:13.424,0.8466,0.84675,10.80,21.60
2010.07.20 14:16:13.632,0.8466,0.8467,5.20,6.40
2010.07.20 14:16:13.839,0.8466,0.8467,5.20,2.40
2010.07.20 14:16:14.237,0.8466,0.8467,5.20,1.60
2010.07.20 14:16:15.235,0.8466,0.8467,1.00,8.80
2010.07.20 14:16:17.526,0.8466,0.8467,4.80,4.80
2010.07.20 14:16:19.398,0.8466,0.8467,4.80,6.40
2010.07.20 14:16:19.535,0.8466,0.8467,1.00,10.40
2010.07.20 14:16:20.225,0.8466,0.8467,1.60,4.00
2010.07.20 14:16:20.553,0.84665,0.8467,1.00,1.00
2010.07.20 14:16:24.311,0.8466,0.8467,4.80,4.80
2010.07.20 14:16:24.466,0.8466,0.8467,4.80,1.00
2010.07.20 14:16:25.118,0.8466,0.8467,4.80,4.80
2010.07.20 14:16:25.157,0.8466,0.8467,4.80,4.00
2010.07.20 14:16:26.213,0.8466,0.8467,4.80,1.00
2010.07.20 14:16:26.775,0.8466,0.8467,4.80,4.80
2010.07.20 14:16:26.987,0.8466,0.8467,4.80,6.40
2010.07.20 14:16:27.730,0.8466,0.8467,1.00,6.40
2010.07.20 14:16:27.851,0.8466,0.8467,4.80,6.40
2010.07.20 14:16:28.496,0.8466,0.8467,4.80,2.40
2010.07.20 14:16:28.737,0.8466,0.8467,4.80,1.60
2010.07.20 14:16:29.363,0.8466,0.84675,9.60,15.20
2010.07.20 14:16:29.623,0.84665,0.84675,1.60,10.40
2010.07.20 14:16:30.220,0.84665,0.84675,1.00,10.40
2010.07.20 14:16:31.112,0.8466,0.84675,10.40,12.00
2010.07.20 14:16:31.298,0.8466,0.84675,9.60,12.80
2010.07.20 14:16:33.164,0.8467,0.84675,1.00,8.80
2010.07.20 14:16:33.935,0.8467,0.8468,1.60,19.20
2010.07.20 14:16:34.733,0.8467,0.8468,1.00,10.40
2010.07.20 14:16:35.084,0.84675,0.8468,1.00,1.00
2010.07.20 14:16:35.432,0.8467,0.8468,1.00,9.40
2010.07.20 14:16:36.219,0.84665,0.84675,1.60,8.80
2010.07.20 14:16:36.467,0.84665,0.84675,9.60,1.00
2010.07.20 14:16:37.146,0.84665,0.84675,1.60,8.80
2010.07.20 14:16:38.403,0.84665,0.84675,6.00,11.80
2010.07.20 14:16:38.643,0.8467,0.84675,8.00,1.00
2010.07.20 14:16:39.443,0.84665,0.8468,10.40,10.20
2010.07.20 14:16:39.722,0.84665,0.8468,9.60,11.00
2010.07.20 14:16:39.937,0.84665,0.84675,5.60,4.00
2010.07.20 14:16:40.366,0.84665,0.84675,5.60,4.80
2010.07.20 14:16:41.434,0.84665,0.84675,1.00,10.20
2010.07.20 14:16:42.173,0.8466,0.8467,9.60,1.00
2010.07.20 14:16:44.338,0.8466,0.8467,5.60,1.00
2010.07.20 14:16:48.799,0.8466,0.84675,6.40,11.80
2010.07.20 14:16:49.206,0.8466,0.8467,2.40,8.00
2010.07.20 14:16:50.583,0.8466,0.84675,11.20,11.80
2010.07.20 14:16:50.876,0.84665,0.84675,1.00,11.80
2010.07.20 14:16:52.687,0.8466,0.8467,11.20,4.00
2010.07.20 14:16:52.887,0.8466,0.8467,6.40,4.00
2010.07.20 14:16:54.126,0.8466,0.8467,5.60,4.00
2010.07.20 14:16:55.336,0.8466,0.8467,4.80,4.80
2010.07.20 14:16:55.547,0.84655,0.8467,10.00,8.80
2010.07.20 14:16:55.757,0.8466,0.8467,1.00,8.80
2010.07.20 14:16:56.392,0.8466,0.8467,4.80,4.80
2010.07.20 14:16:56.496,0.8466,0.8467,5.60,4.80
2010.07.20 14:16:57.667,0.8466,0.8467,1.60,8.80
2010.07.20 14:16:58.517,0.8466,0.8467,1.00,9.60
2010.07.20 14:16:58.666,0.8466,0.84665,1.00,1.00
2010.07.20 14:16:59.342,0.84655,0.84665,6.00,4.80
2010.07.20 14:16:59.767,0.84655,0.84665,1.60,8.80
2010.07.20 14:17:01.486,0.84655,0.84665,1.60,10.20
2010.07.20 14:17:01.636,0.84655,0.8466,1.00,4.00
2010.07.20 14:17:02.525,0.8465,0.84665,10.40,11.80
2010.07.20 14:17:02.866,0.8465,0.84665,10.40,12.60
2010.07.20 14:17:03.622,0.8465,0.84665,9.60,12.60
2010.07.20 14:17:03.756,0.84655,0.84665,1.00,11.80
2010.07.20 14:17:04.236,0.84655,0.84665,1.00,11.00
2010.07.20 14:17:08.259,0.84655,0.84665,1.00,11.80
2010.07.20 14:17:09.688,0.84655,0.8466,1.00,4.00
2010.07.20 14:17:09.953,0.8465,0.8466,6.40,4.00
2010.07.20 14:17:11.838,0.8465,0.84665,10.40,12.60
2010.07.20 14:17:12.295,0.84655,0.84665,1.00,12.60
2010.07.20 14:17:13.385,0.84655,0.84665,1.60,11.80
2010.07.20 14:17:13.696,0.84655,0.84665,1.60,11.00
2010.07.20 14:17:16.628,0.84655,0.84665,1.60,10.40
2010.07.20 14:17:19.600,0.84655,0.8466,1.60,4.00
2010.07.20 14:17:19.988,0.84655,0.84665,1.00,12.60
2010.07.20 14:17:20.277,0.84655,0.84665,1.00,10.20
2010.07.20 14:17:20.567,0.84655,0.84665,1.00,11.80
2010.07.20 14:17:21.219,0.8465,0.84665,6.40,12.60
2010.07.20 14:17:22.460,0.8465,0.84665,5.60,12.60
2010.07.20 14:17:22.690,0.8465,0.8466,5.60,4.00
2010.07.20 14:17:23.767,0.8465,0.8466,4.80,4.80
2010.07.20 14:17:24.518,0.8465,0.8466,4.80,10.40
2010.07.20 14:17:24.662,0.84645,0.8466,12.40,10.60
2010.07.20 14:17:24.796,0.84645,0.8466,12.40,10.20
2010.07.20 14:17:25.196,0.84645,0.8466,12.00,10.20
2010.07.20 14:17:25.782,0.84645,0.8466,12.00,11.00
2010.07.20 14:17:26.101,0.84645,0.8466,13.20,10.20
2010.07.20 14:17:27.441,0.8465,0.8466,4.80,6.20
2010.07.20 14:17:27.790,0.8465,0.8466,1.00,10.20
2010.07.20 14:17:28.996,0.8465,0.8466,1.60,8.00
2010.07.20 14:17:29.845,0.8465,0.8466,5.60,4.00
2010.07.20 14:17:30.131,0.8465,0.8466,1.00,8.80
2010.07.20 14:17:30.425,0.8465,0.8466,1.00,9.40
2010.07.20 14:17:37.898,0.84645,0.8466,12.40,9.40
2010.07.20 14:17:38.181,0.84645,0.8466,10.40,12.60
2010.07.20 14:17:38.471,0.84645,0.84655,2.40,8.60
2010.07.20 14:17:38.758,0.84645,0.84655,1.60,8.60
2010.07.20 14:17:39.047,0.84645,0.84655,1.60,9.40
2010.07.20 14:17:40.496,0.84645,0.84655,2.40,8.60
2010.07.20 14:17:40.829,0.8465,0.8466,1.60,12.00
2010.07.20 14:17:41.384,0.8465,0.8466,1.60,10.40
2010.07.20 14:17:41.585,0.8465,0.8466,6.40,4.00
2010.07.20 14:17:41.788,0.8465,0.8466,5.60,5.60
2010.07.20 14:17:42.547,0.8465,0.8466,5.60,3.00
2010.07.20 14:17:42.898,0.8465,0.8466,5.60,1.40
2010.07.20 14:17:43.782,0.8465,0.84655,1.00,8.00
2010.07.20 14:17:44.049,0.8465,0.8466,1.00,9.40
2010.07.20 14:17:44.919,0.84645,0.8465,1.20,8.00
2010.07.20 14:17:45.245,0.84645,0.8465,1.00,4.00
2010.07.20 14:17:47.498,0.8464,0.84655,7.20,11.80
2010.07.20 14:17:47.788,0.8464,0.8465,4.00,1.40
2010.07.20 14:17:48.574,0.84635,0.84645,11.60,1.00
2010.07.20 14:17:49.298,0.84635,0.8465,12.00,10.20
2010.07.20 14:17:50.135,0.84635,0.84645,11.20,1.00
2010.07.20 14:17:50.422,0.84635,0.8465,12.00,9.40
2010.07.20 14:17:51.532,0.84635,0.84645,12.00,1.00
2010.07.20 14:17:51.630,0.84635,0.84645,10.40,1.40
2010.07.20 14:17:51.727,0.84635,0.84645,10.40,1.00
2010.07.20 14:17:51.816,0.84635,0.8465,10.40,10.60
2010.07.20 14:17:51.907,0.84635,0.8465,10.40,10.20
2010.07.20 14:17:52.948,0.84635,0.8465,10.40,9.40
2010.07.20 14:17:54.374,0.84635,0.8465,12.80,9.40
2010.07.20 14:17:55.123,0.84635,0.84645,8.80,1.00
2010.07.20 14:17:56.636,0.84635,0.84645,10.40,1.00
2010.07.20 14:17:57.687,0.84635,0.8465,11.20,9.40
2010.07.20 14:17:57.900,0.84635,0.8465,12.80,9.40
2010.07.20 14:17:58.119,0.84635,0.8465,13.60,9.40
2010.07.20 14:17:58.339,0.8464,0.8465,4.00,5.40
2010.07.20 14:17:59.201,0.8464,0.8465,5.60,5.40
2010.07.20 14:17:59.526,0.8464,0.8465,1.00,9.40
2010.07.20 14:18:00.110,0.84635,0.8465,21.20,9.40
2010.07.20 14:18:00.414,0.84635,0.8465,13.20,9.40
2010.07.20 14:18:07.809,0.84635,0.8465,12.40,9.40
2010.07.20 14:18:21.539,0.84635,0.8465,12.80,9.40
2010.07.20 14:18:24.902,0.8464,0.8465,1.00,9.40
2010.07.20 14:18:25.671,0.84635,0.8465,13.20,10.20
2010.07.20 14:18:25.868,0.84635,0.8465,12.40,10.20
2010.07.20 14:18:31.444,0.84635,0.8465,13.20,10.20
2010.07.20 14:18:32.406,0.84635,0.8465,12.40,10.20
2010.07.20 14:18:34.018,0.8464,0.8465,1.00,5.40
2010.07.20 14:18:34.089,0.8464,0.8465,4.80,5.40
2010.07.20 14:18:34.160,0.8464,0.84655,9.60,12.60
2010.07.20 14:18:34.717,0.8464,0.84655,11.20,12.60
2010.07.20 14:18:34.795,0.84645,0.84655,1.00,10.20
2010.07.20 14:18:39.078,0.84645,0.8465,1.00,4.00
2010.07.20 14:18:40.011,0.84645,0.84655,1.00,10.20
2010.07.20 14:18:41.100,0.84645,0.84655,1.00,11.00
2010.07.20 14:18:41.423,0.84645,0.84655,1.00,10.20
2010.07.20 14:18:42.242,0.8464,0.84655,12.40,11.00
2010.07.20 14:18:42.526,0.8464,0.84655,6.80,10.20
2010.07.20 14:18:44.465,0.84645,0.84655,1.00,10.20
2010.07.20 14:18:45.068,0.84645,0.84655,1.00,11.00
2010.07.20 14:18:45.611,0.84645,0.84655,1.00,10.20
2010.07.20 14:18:48.011,0.8464,0.8465,11.60,1.00
2010.07.20 14:18:48.190,0.8464,0.8465,7.60,4.60
2010.07.20 14:18:48.369,0.8464,0.8465,6.40,4.60
2010.07.20 14:18:49.091,0.8464,0.8465,4.80,4.60
2010.07.20 14:18:52.544,0.84645,0.84655,1.00,10.20
2010.07.20 14:18:53.771,0.84645,0.84655,1.00,11.00
2010.07.20 14:18:57.107,0.84645,0.84655,1.00,10.20
2010.07.20 14:18:57.487,0.84645,0.84655,1.00,11.00
2010.07.20 14:19:00.346,0.8464,0.84655,10.40,11.00
2010.07.20 14:19:00.939,0.8464,0.8465,4.80,4.80
2010.07.20 14:19:01.174,0.84635,0.8465,12.80,10.20
2010.07.20 14:19:03.820,0.84635,0.8465,14.00,10.20
2010.07.20 14:19:04.737,0.8464,0.8465,4.00,10.20
2010.07.20 14:19:04.875,0.8464,0.8465,4.00,6.20
2010.07.20 14:19:05.137,0.8464,0.8465,4.80,5.40
2010.07.20 14:19:05.946,0.8464,0.8465,5.60,1.40
2010.07.20 14:19:06.170,0.8464,0.8465,9.60,1.40
2010.07.20 14:19:06.795,0.8464,0.8465,10.40,1.00
2010.07.20 14:19:07.008,0.8464,0.8465,6.40,1.00
2010.07.20 14:19:08.041,0.8464,0.8465,1.60,9.40
2010.07.20 14:19:08.281,0.8464,0.8465,1.00,9.40
2010.07.20 14:19:09.927,0.8464,0.8465,1.60,9.40
2010.07.20 14:19:10.664,0.8464,0.8465,1.00,10.20
2010.07.20 14:19:10.893,0.84645,0.84655,1.00,11.80
2010.07.20 14:19:11.123,0.84645,0.84655,4.00,7.80
2010.07.20 14:19:12.188,0.8464,0.84655,9.60,11.80
2010.07.20 14:19:12.838,0.8464,0.84655,10.40,11.80
2010.07.20 14:19:13.620,0.8464,0.84655,11.20,11.80
2010.07.20 14:19:13.962,0.8464,0.84655,10.40,11.80
2010.07.20 14:19:14.782,0.84645,0.84655,4.00,7.00
2010.07.20 14:19:15.050,0.84645,0.84655,4.80,6.40
2010.07.20 14:19:16.261,0.84645,0.84655,8.80,2.40
2010.07.20 14:19:16.481,0.84645,0.84655,10.40,1.00
2010.07.20 14:19:16.703,0.84645,0.84655,6.40,4.80
2010.07.20 14:19:17.456,0.84645,0.84655,8.80,2.20
2010.07.20 14:19:17.801,0.84645,0.84655,5.60,6.20
2010.07.20 14:19:18.631,0.84645,0.84655,1.60,6.20
2010.07.20 14:19:18.944,0.84645,0.84655,4.00,7.00
2010.07.20 14:19:19.549,0.84645,0.84655,4.80,7.00
2010.07.20 14:19:20.373,0.84635,0.8465,14.80,9.40
2010.07.20 14:19:20.653,0.84635,0.8465,12.40,10.20
2010.07.20 14:19:20.931,0.8464,0.8465,4.00,6.20
2010.07.20 14:19:21.199,0.84635,0.8465,12.40,10.20
2010.07.20 14:19:22.116,0.8464,0.8465,4.00,6.20
2010.07.20 14:19:22.876,0.8464,0.8465,8.00,2.20
2010.07.20 14:19:24.478,0.8464,0.8465,8.00,6.20
2010.07.20 14:19:24.545,0.8464,0.8465,4.00,6.20
2010.07.20 14:19:25.116,0.8464,0.8465,8.00,2.20
2010.07.20 14:19:30.105,0.8464,0.8465,4.00,6.20
2010.07.20 14:19:30.152,0.8464,0.8465,4.00,10.20
2010.07.20 14:19:30.242,0.8464,0.8465,4.00,6.20
2010.07.20 14:19:31.280,0.84635,0.8465,12.00,6.20
2010.07.20 14:19:31.618,0.84635,0.84645,11.20,1.00
2010.07.20 14:19:32.204,0.84635,0.8465,11.20,10.20
2010.07.20 14:19:32.573,0.8463,0.84645,14.00,10.20
2010.07.20 14:19:32.922,0.84635,0.8464,4.80,1.00
2010.07.20 14:19:33.792,0.84635,0.8464,1.00,1.00
2010.07.20 14:19:34.133,0.84635,0.84645,8.80,2.20
2010.07.20 14:19:35.912,0.84635,0.84645,1.00,10.20
2010.07.20 14:19:36.143,0.84635,0.84645,10.40,2.20
2010.07.20 14:19:37.463,0.8464,0.84645,2.00,1.00
2010.07.20 14:19:37.718,0.84645,0.8465,1.00,4.00
2010.07.20 14:19:38.670,0.84645,0.8466,12.00,10.60
2010.07.20 14:19:40.064,0.84645,0.8466,12.80,6.20
2010.07.20 14:19:40.693,0.8465,0.8466,4.00,5.40
2010.07.20 14:19:41.049,0.8465,0.8466,4.80,5.40
2010.07.20 14:19:41.384,0.84645,0.84655,1.00,8.60
2010.07.20 14:19:42.248,0.84645,0.84655,1.00,9.40
2010.07.20 14:19:42.581,0.84645,0.84655,1.00,10.20
2010.07.20 14:19:45.479,0.84645,0.84655,1.60,10.20
2010.07.20 14:19:46.173,0.84645,0.8465,1.60,8.00
2010.07.20 14:19:46.944,0.84645,0.8465,1.00,8.60
2010.07.20 14:19:47.160,0.8464,0.8465,1.60,9.40
2010.07.20 14:19:47.378,0.8464,0.84645,1.00,1.00
2010.07.20 14:19:48.221,0.8464,0.8465,1.00,9.40
2010.07.20 14:19:48.573,0.8464,0.8465,9.60,1.00
2010.07.20 14:19:49.707,0.8464,0.84655,10.40,10.20
2010.07.20 14:19:51.039,0.84635,0.8465,14.80,11.00
2010.07.20 14:19:51.239,0.84635,0.8465,12.40,10.20
2010.07.20 14:19:51.437,0.84635,0.84645,12.40,1.00
2010.07.20 14:19:52.469,0.84635,0.84645,12.00,1.00
2010.07.20 14:19:55.450,0.84635,0.84645,12.80,1.00
2010.07.20 14:19:55.990,0.84635,0.8465,12.00,10.20
2010.07.20 14:19:56.785,0.84635,0.8465,14.40,5.40
2010.07.20 14:19:57.118,0.8464,0.8465,4.80,5.40
2010.07.20 14:19:58.329,0.8464,0.8465,1.60,9.40
2010.07.20 14:19:59.515,0.8464,0.8465,7.20,1.00
2010.07.20 14:19:59.862,0.84645,0.84655,1.60,8.60
2010.07.20 14:20:00.844,0.84645,0.84655,1.60,8.00
2010.07.20 14:20:01.194,0.84645,0.84655,1.00,9.40
2010.07.20 14:20:01.927,0.8464,0.84655,9.60,13.40
2010.07.20 14:20:02.252,0.8464,0.8465,1.00,10.20
2010.07.20 14:20:03.434,0.8464,0.8465,4.00,6.20
2010.07.20 14:20:04.646,0.84635,0.8465,12.00,10.20
2010.07.20 14:20:04.873,0.84635,0.8465,12.80,10.20
2010.07.20 14:20:05.996,0.8464,0.8465,1.00,9.40
2010.07.20 14:20:06.337,0.8464,0.8465,4.80,5.40
2010.07.20 14:20:06.679,0.8464,0.8465,4.80,1.40
2010.07.20 14:20:06.930,0.8464,0.8465,8.80,1.00
2010.07.20 14:20:07.479,0.8464,0.8465,9.60,1.00
2010.07.20 14:20:07.732,0.8464,0.84655,10.40,10.60
2010.07.20 14:20:09.874,0.8464,0.84655,11.20,9.40
2010.07.20 14:20:09.987,0.84645,0.84655,1.00,9.40
2010.07.20 14:20:10.098,0.84645,0.84655,1.60,9.40
2010.07.20 14:20:13.239,0.84645,0.84655,1.00,9.40
2010.07.20 14:20:13.489,0.84645,0.84655,1.60,8.80
2010.07.20 14:20:13.827,0.84645,0.84655,1.60,9.40
2010.07.20 14:20:16.246,0.8464,0.84655,8.00,10.20
2010.07.20 14:20:17.267,0.8464,0.84655,8.80,9.40
2010.07.20 14:20:17.609,0.8464,0.8465,8.80,4.00
2010.07.20 14:20:17.949,0.8464,0.84655,8.80,9.40
2010.07.20 14:20:18.776,0.8464,0.84655,12.80,9.40
2010.07.20 14:20:19.123,0.8464,0.84655,8.80,9.60
2010.07.20 14:20:19.986,0.8464,0.8465,8.80,4.00
2010.07.20 14:20:21.310,0.8464,0.8465,8.00,4.00
2010.07.20 14:20:22.180,0.8464,0.84655,11.20,16.20
2010.07.20 14:20:22.503,0.8464,0.8465,9.60,1.00
2010.07.20 14:20:22.819,0.8464,0.8465,8.80,1.40
2010.07.20 14:20:25.567,0.8464,0.8465,9.60,1.00
2010.07.20 14:20:25.827,0.8464,0.8465,8.80,1.40
2010.07.20 14:20:26.089,0.8464,0.8465,1.00,11.00
2010.07.20 14:20:26.351,0.84635,0.84645,4.00,5.40
2010.07.20 14:20:27.377,0.84635,0.84645,5.60,4.00
2010.07.20 14:20:27.726,0.84635,0.8465,11.60,10.20
2010.07.20 14:20:27.908,0.8464,0.8465,4.00,2.20
2010.07.20 14:20:28.762,0.84635,0.8465,10.80,10.20
2010.07.20 14:20:29.289,0.84635,0.8465,10.00,10.20
2010.07.20 14:20:32.061,0.84635,0.84645,9.60,1.00
2010.07.20 14:20:33.142,0.84635,0.84645,11.20,1.00
2010.07.20 14:20:33.348,0.84635,0.84645,10.40,1.00
2010.07.20 14:20:34.055,0.84635,0.84645,9.60,1.40
2010.07.20 14:20:34.263,0.84635,0.84645,1.60,9.40
2010.07.20 14:20:34.590,0.84635,0.84645,5.60,5.40
2010.07.20 14:20:35.720,0.84635,0.84645,9.60,1.40
2010.07.20 14:20:35.981,0.8463,0.84645,12.80,9.40
2010.07.20 14:20:36.676,0.8463,0.84645,11.20,10.20
2010.07.20 14:20:36.946,0.84635,0.84645,1.00,10.20
2010.07.20 14:20:37.222,0.84635,0.84645,8.80,1.40
2010.07.20 14:20:37.494,0.8463,0.8464,11.60,4.00
2010.07.20 14:20:38.308,0.8463,0.84645,5.60,10.20
2010.07.20 14:20:38.609,0.8463,0.84645,5.60,9.40
2010.07.20 14:20:38.909,0.8463,0.8464,1.60,8.00
2010.07.20 14:20:39.211,0.8463,0.84645,4.80,11.00
2010.07.20 14:20:40.296,0.8463,0.84645,5.60,11.00
2010.07.20 14:20:40.569,0.8463,0.84645,4.00,11.00
2010.07.20 14:20:41.192,0.8463,0.8464,4.00,1.00
2010.07.20 14:20:41.503,0.8463,0.84635,4.00,1.00
2010.07.20 14:20:42.249,0.84625,0.84635,10.80,5.40
2010.07.20 14:20:42.484,0.84625,0.84635,1.20,9.40
2010.07.20 14:20:43.349,0.84625,0.84635,2.80,9.40
2010.07.20 14:20:43.695,0.84625,0.8463,1.00,1.00
2010.07.20 14:20:43.972,0.8462,0.84625,1.00,1.00
2010.07.20 14:20:44.801,0.84615,0.84625,10.40,1.00
2010.07.20 14:20:46.284,0.84615,0.84625,4.00,7.00
2010.07.20 14:20:47.091,0.8461,0.8462,8.40,5.40
2010.07.20 14:20:47.337,0.8461,0.8462,7.60,5.40
2010.07.20 14:20:47.577,0.8461,0.8462,6.80,5.40
2010.07.20 14:20:48.058,0.8461,0.8462,6.00,5.40
2010.07.20 14:20:48.818,0.8461,0.84615,4.80,1.00
2010.07.20 14:20:49.162,0.8461,0.8462,4.80,5.40
2010.07.20 14:20:51.861,0.8461,0.8462,7.20,5.40
2010.07.20 14:20:52.030,0.8461,0.8462,7.20,4.60
2010.07.20 14:20:55.289,0.8461,0.8462,8.00,4.60
2010.07.20 14:20:56.477,0.8461,0.8462,6.40,4.60
2010.07.20 14:20:56.658,0.8461,0.8462,5.60,5.40
2010.07.20 14:20:57.428,0.8461,0.8462,1.00,9.40
2010.07.20 14:20:57.675,0.8461,0.8462,1.60,8.00
2010.07.20 14:20:58.459,0.8461,0.84625,10.40,10.20
2010.07.20 14:20:58.718,0.84625,0.84635,9.60,1.00
2010.07.20 14:20:58.991,0.84625,0.84635,5.60,5.00
2010.07.20 14:21:00.300,0.84625,0.84635,4.80,5.00
2010.07.20 14:21:00.548,0.84625,0.84635,6.40,5.00
2010.07.20 14:21:00.799,0.84625,0.84635,6.40,4.60
2010.07.20 14:21:01.449,0.84625,0.84635,8.40,4.60
2010.07.20 14:21:01.792,0.84625,0.84635,5.60,5.40
2010.07.20 14:21:03.051,0.84625,0.8464,22.80,9.40
2010.07.20 14:21:03.238,0.84625,0.8464,22.40,9.40
2010.07.20 14:21:03.597,0.84625,0.8464,22.80,9.40
2010.07.20 14:21:04.301,0.8463,0.8464,1.00,8.60
2010.07.20 14:21:04.551,0.84625,0.8464,22.40,9.40
2010.07.20 14:21:05.038,0.8463,0.8464,8.00,1.40
2010.07.20 14:21:05.808,0.8463,0.8464,1.00,8.60
2010.07.20 14:21:06.060,0.84625,0.8464,22.40,8.60
2010.07.20 14:21:06.380,0.8463,0.8464,1.00,9.40
2010.07.20 14:21:13.816,0.84625,0.8464,22.00,9.40
2010.07.20 14:21:14.023,0.84625,0.8464,20.40,9.40
2010.07.20 14:21:14.599,0.84625,0.8464,21.20,9.40
2010.07.20 14:21:14.756,0.84625,0.84635,12.80,1.00
2010.07.20 14:21:15.448,0.84625,0.84635,19.60,1.00
2010.07.20 14:21:15.796,0.8464,0.84645,2.40,4.00
2010.07.20 14:21:16.685,0.84635,0.84645,4.00,8.00
2010.07.20 14:21:17.020,0.84635,0.84645,1.60,9.40
2010.07.20 14:21:17.481,0.84635,0.84645,1.00,9.40
2010.07.20 14:21:18.228,0.8463,0.8464,7.60,4.00
2010.07.20 14:21:18.471,0.8463,0.8464,7.60,4.60
2010.07.20 14:21:19.397,0.8463,0.8464,6.80,4.60
2010.07.20 14:21:19.638,0.8463,0.8464,6.00,4.60
2010.07.20 14:21:20.408,0.8463,0.8464,6.00,5.40
2010.07.20 14:21:20.715,0.8463,0.8464,5.20,5.40
2010.07.20 14:21:21.696,0.8463,0.8464,9.60,1.40
2010.07.20 14:21:21.937,0.8463,0.8464,10.40,1.40
2010.07.20 14:21:23.089,0.8463,0.8464,8.80,1.40
2010.07.20 14:21:23.278,0.84625,0.8464,16.80,9.40
2010.07.20 14:21:23.827,0.84625,0.8464,14.40,9.40
2010.07.20 14:21:24.171,0.84625,0.8464,13.60,9.40
2010.07.20 14:21:25.012,0.84625,0.8464,14.40,9.40
2010.07.20 14:21:25.295,0.84625,0.84635,12.00,1.00
2010.07.20 14:21:26.095,0.84625,0.8464,14.40,9.40
2010.07.20 14:21:28.533,0.8463,0.8464,4.00,5.40
2010.07.20 14:21:30.058,0.84625,0.8464,14.40,9.40
2010.07.20 14:21:30.407,0.8463,0.8464,1.00,9.40
2010.07.20 14:21:41.054,0.84625,0.8464,14.40,5.80
2010.07.20 14:21:41.379,0.84625,0.84635,14.40,1.00
2010.07.20 14:21:42.019,0.8463,0.8464,4.00,5.40
2010.07.20 14:21:43.757,0.84625,0.8464,15.20,9.40
2010.07.20 14:21:45.521,0.8463,0.8464,4.80,4.00
2010.07.20 14:21:45.618,0.8463,0.84645,4.80,13.60
2010.07.20 14:21:45.709,0.8463,0.84645,5.60,12.60
2010.07.20 14:21:47.300,0.84625,0.8464,14.40,9.40
2010.07.20 14:21:48.323,0.8463,0.84645,7.20,10.20
2010.07.20 14:21:49.012,0.8463,0.8464,7.20,5.40
2010.07.20 14:21:49.360,0.8463,0.8464,7.20,4.80
2010.07.20 14:21:50.727,0.8463,0.8464,7.20,4.00
2010.07.20 14:21:50.791,0.8463,0.84645,12.80,11.00
2010.07.20 14:21:50.857,0.8463,0.8464,11.20,1.00
2010.07.20 14:21:50.926,0.8463,0.8464,3.20,9.40
2010.07.20 14:21:50.999,0.8463,0.8464,1.60,9.40
2010.07.20 14:21:51.644,0.8463,0.8464,5.60,1.40
2010.07.20 14:21:52.945,0.8463,0.8464,1.00,9.40
2010.07.20 14:21:55.030,0.84625,0.8464,14.40,9.40
2010.07.20 14:21:55.322,0.8463,0.8464,4.00,5.40
2010.07.20 14:21:55.483,0.84625,0.8464,14.40,5.40
2010.07.20 14:21:55.639,0.8463,0.8464,4.00,5.40
2010.07.20 14:21:59.356,0.8463,0.8464,4.80,5.40
2010.07.20 14:22:00.596,0.8463,0.8464,4.00,5.40
2010.07.20 14:22:00.778,0.84625,0.8464,13.60,11.00
2010.07.20 14:22:01.842,0.8463,0.8464,4.00,9.40
2010.07.20 14:22:02.170,0.84625,0.8464,13.60,9.40
2010.07.20 14:22:03.449,0.8463,0.8464,4.00,5.40
2010.07.20 14:22:03.710,0.8463,0.8464,4.00,6.20
2010.07.20 14:22:03.966,0.84625,0.8464,13.60,10.20
2010.07.20 14:22:04.226,0.84625,0.8464,13.60,9.40
2010.07.20 14:22:06.847,0.8463,0.8464,4.00,1.40
2010.07.20 14:22:06.905,0.8463,0.8464,4.00,5.40
2010.07.20 14:22:07.857,0.8463,0.8464,4.80,1.40
2010.07.20 14:22:10.357,0.8463,0.8464,4.80,5.40
2010.07.20 14:22:11.022,0.8463,0.84645,9.60,10.80
2010.07.20 14:22:11.269,0.8463,0.84645,11.20,12.40
2010.07.20 14:22:11.518,0.8463,0.84645,7.20,14.20
2010.07.20 14:22:11.768,0.8463,0.84645,9.60,11.80
2010.07.20 14:22:12.415,0.8463,0.84645,3.20,3.80
2010.07.20 14:22:12.665,0.84635,0.84645,4.80,6.20
2010.07.20 14:22:13.445,0.84635,0.84645,8.80,2.20
2010.07.20 14:22:13.698,0.8463,0.84645,14.40,9.40
2010.07.20 14:22:15.780,0.8463,0.84645,14.00,9.40
2010.07.20 14:22:18.023,0.84635,0.8465,11.20,10.20
2010.07.20 14:22:18.297,0.84635,0.8465,12.80,10.20
2010.07.20 14:22:19.237,0.8464,0.8465,8.80,2.20
2010.07.20 14:22:19.970,0.8464,0.8465,4.80,5.40
2010.07.20 14:22:20.061,0.8464,0.8465,8.80,5.40
2010.07.20 14:22:20.254,0.8464,0.8465,4.80,5.40
2010.07.20 14:22:21.766,0.84635,0.84645,1.00,10.20
2010.07.20 14:22:22.612,0.8463,0.8464,13.20,1.00
2010.07.20 14:22:23.638,0.84635,0.8464,1.00,1.00
2010.07.20 14:22:23.985,0.84635,0.84645,5.60,5.40
2010.07.20 14:22:24.328,0.84635,0.84645,1.00,9.40
2010.07.20 14:22:24.668,0.84635,0.8465,10.80,10.20
2010.07.20 14:22:25.226,0.84635,0.8465,12.80,10.20
2010.07.20 14:22:26.551,0.84635,0.8465,14.00,11.00
2010.07.20 14:22:26.748,0.84635,0.84645,14.00,1.00
2010.07.20 14:22:27.899,0.8464,0.8465,4.00,6.20
2010.07.20 14:22:28.586,0.84635,0.8465,14.00,6.20
2010.07.20 14:22:28.853,0.84635,0.8465,13.60,11.80
2010.07.20 14:22:29.108,0.84635,0.84645,13.60,1.00
2010.07.20 14:22:30.485,0.84635,0.84645,11.20,1.00
2010.07.20 14:22:31.268,0.84635,0.84645,12.80,1.00
2010.07.20 14:22:32.199,0.84635,0.84645,11.20,1.00
2010.07.20 14:22:33.284,0.84635,0.84645,4.80,7.40
2010.07.20 14:22:34.095,0.8463,0.8464,2.00,9.40
2010.07.20 14:22:34.420,0.8463,0.8464,6.00,4.60
2010.07.20 14:22:35.292,0.84635,0.8464,1.00,1.00
2010.07.20 14:22:36.498,0.8463,0.8464,1.00,8.60
2010.07.20 14:22:36.743,0.8463,0.8464,1.00,9.40
2010.07.20 14:22:37.513,0.8463,0.8464,1.00,8.60
2010.07.20 14:22:37.872,0.84635,0.84645,4.00,6.20
2010.07.20 14:22:38.714,0.84635,0.84645,4.80,4.60
2010.07.20 14:22:38.969,0.84635,0.84645,8.80,1.00
2010.07.20 14:22:39.716,0.84635,0.84645,8.80,1.40
2010.07.20 14:22:39.948,0.84635,0.84645,4.80,5.40
2010.07.20 14:22:40.178,0.84635,0.84645,1.00,9.40
2010.07.20 14:22:40.920,0.84635,0.84645,1.00,10.20
2010.07.20 14:22:41.163,0.84635,0.84645,4.00,6.20
2010.07.20 14:22:41.809,0.8463,0.84645,12.40,11.00
2010.07.20 14:22:42.028,0.8463,0.84645,6.40,10.60
2010.07.20 14:22:42.249,0.8463,0.8464,5.60,4.60
2010.07.20 14:22:42.901,0.8463,0.8464,5.60,5.40
2010.07.20 14:22:45.022,0.84635,0.84645,1.00,10.20
2010.07.20 14:22:45.226,0.84635,0.84645,1.00,10.60
2010.07.20 14:22:45.978,0.8463,0.8464,8.80,2.20
2010.07.20 14:22:46.438,0.8463,0.8464,4.00,6.20
2010.07.20 14:22:48.063,0.8463,0.8464,8.80,1.40
2010.07.20 14:22:48.419,0.8463,0.8464,4.80,1.40
2010.07.20 14:22:52.847,0.8463,0.8464,4.80,5.40
2010.07.20 14:22:53.804,0.8463,0.8464,1.00,9.40
2010.07.20 14:22:55.340,0.84625,0.84635,12.80,1.40
2010.07.20 14:22:55.546,0.84625,0.84635,10.40,1.40
2010.07.20 14:22:55.841,0.84625,0.84635,10.40,5.40
2010.07.20 14:22:56.128,0.84625,0.84635,10.40,1.40
2010.07.20 14:22:58.390,0.84625,0.84635,6.40,5.40
2010.07.20 14:22:58.601,0.84625,0.84635,10.00,1.40
2010.07.20 14:22:58.810,0.84625,0.84635,4.80,5.40
2010.07.20 14:22:59.695,0.84625,0.8464,9.60,11.00
2010.07.20 14:23:00.569,0.84625,0.8464,10.40,11.00
2010.07.20 14:23:00.917,0.84625,0.8464,10.80,10.20
2010.07.20 14:23:01.161,0.84625,0.8464,17.20,6.20
2010.07.20 14:23:01.403,0.8463,0.8464,4.00,6.20
2010.07.20 14:23:02.642,0.84625,0.8464,20.00,10.20
2010.07.20 14:23:02.893,0.84625,0.8464,20.40,10.20
2010.07.20 14:23:03.991,0.8463,0.8464,8.00,1.40
2010.07.20 14:23:04.310,0.8463,0.8464,8.80,1.00
2010.07.20 14:23:05.033,0.8463,0.84645,8.80,11.00
2010.07.20 14:23:05.364,0.8463,0.8464,9.60,1.00
2010.07.20 14:23:06.540,0.8463,0.8464,11.20,1.40
2010.07.20 14:23:07.442,0.8463,0.8464,8.80,1.40
2010.07.20 14:23:08.855,0.8463,0.8464,9.60,1.40
2010.07.20 14:23:09.175,0.8463,0.8464,9.60,1.00
2010.07.20 14:23:09.799,0.8463,0.8464,10.40,1.00
2010.07.20 14:23:10.528,0.8463,0.84645,10.40,11.00
2010.07.20 14:23:11.130,0.8463,0.8464,10.40,1.00
2010.07.20 14:23:11.913,0.8463,0.8464,4.80,9.40
2010.07.20 14:23:12.660,0.8463,0.8464,4.80,8.60
2010.07.20 14:23:13.002,0.8463,0.8464,4.80,5.40
2010.07.20 14:23:13.656,0.8463,0.8464,8.80,1.40
2010.07.20 14:23:14.012,0.84635,0.84645,1.00,10.20
2010.07.20 14:23:15.038,0.8463,0.84645,21.20,10.20
2010.07.20 14:23:15.696,0.8463,0.84645,12.80,10.40
2010.07.20 14:23:15.945,0.8463,0.8464,1.00,8.60
2010.07.20 14:23:17.118,0.8463,0.8464,4.80,1.00
2010.07.20 14:23:17.339,0.8463,0.8464,6.40,4.60
2010.07.20 14:23:17.639,0.8463,0.8464,2.40,8.00
2010.07.20 14:23:18.345,0.8463,0.8464,6.40,4.00
2010.07.20 14:23:18.697,0.8463,0.8464,1.00,8.60
2010.07.20 14:23:19.648,0.8463,0.8464,1.00,11.80
2010.07.20 14:23:19.932,0.8463,0.8464,1.00,12.00
2010.07.20 14:23:20.777,0.8463,0.8464,1.00,9.60
2010.07.20 14:23:21.130,0.84625,0.84635,4.80,5.40
2010.07.20 14:23:21.974,0.8462,0.8463,4.40,8.00
2010.07.20 14:23:22.128,0.8462,0.8463,6.80,4.00
2010.07.20 14:23:22.947,0.8462,0.84635,6.40,12.20
2010.07.20 14:23:23.550,0.8462,0.84635,6.40,11.80
2010.07.20 14:23:23.905,0.84625,0.8463,1.60,4.00
2010.07.20 14:23:24.254,0.84625,0.8464,10.80,10.20
2010.07.20 14:23:25.037,0.84625,0.8464,10.80,9.40
2010.07.20 14:23:26.741,0.84625,0.84635,6.80,4.00
2010.07.20 14:23:28.314,0.84625,0.8464,10.80,10.20
2010.07.20 14:23:28.662,0.8463,0.8464,1.00,10.20
2010.07.20 14:23:29.758,0.8463,0.8464,4.80,6.20
2010.07.20 14:23:30.018,0.8463,0.8464,1.00,10.20
2010.07.20 14:23:31.764,0.8463,0.8464,1.00,10.40
2010.07.20 14:23:32.033,0.84625,0.84635,6.80,4.60
2010.07.20 14:23:32.867,0.84625,0.8464,11.60,10.20
2010.07.20 14:23:34.101,0.84625,0.8464,12.40,9.40
2010.07.20 14:23:34.440,0.84625,0.8464,12.80,9.40
2010.07.20 14:23:34.956,0.84625,0.8464,12.40,9.40
2010.07.20 14:23:35.727,0.8463,0.8464,1.00,8.60
2010.07.20 14:23:36.128,0.8463,0.8464,1.00,9.40
2010.07.20 14:23:36.948,0.8463,0.8464,9.60,1.00
2010.07.20 14:23:37.184,0.8463,0.84645,7.20,10.30
2010.07.20 14:23:37.411,0.8463,0.8464,7.20,4.00
2010.07.20 14:23:38.505,0.8463,0.8464,7.20,4.60
2010.07.20 14:23:38.827,0.8463,0.8464,5.60,4.60
2010.07.20 14:23:42.324,0.8463,0.8464,1.60,8.60
2010.07.20 14:23:42.769,0.8463,0.8464,1.60,9.40
2010.07.20 14:23:43.545,0.84625,0.8464,13.20,9.40
2010.07.20 14:23:43.870,0.84625,0.84635,7.60,5.40
2010.07.20 14:23:44.191,0.84625,0.84635,2.00,9.40
2010.07.20 14:23:45.934,0.84625,0.84635,1.00,11.80
2010.07.20 14:23:46.613,0.84625,0.84635,2.00,11.80
2010.07.20 14:23:46.888,0.84625,0.84635,6.00,5.40
2010.07.20 14:23:47.943,0.8463,0.84635,1.00,4.00
2010.07.20 14:23:48.217,0.84625,0.84635,7.20,4.00
2010.07.20 14:23:48.479,0.84625,0.8464,12.00,9.40
2010.07.20 14:23:49.910,0.84625,0.8464,12.80,9.40
2010.07.20 14:23:51.189,0.8463,0.8464,1.00,8.60
2010.07.20 14:23:51.751,0.84625,0.8464,12.80,9.40
2010.07.20 14:23:52.767,0.84625,0.8464,13.20,9.40
2010.07.20 14:23:53.019,0.84625,0.84635,8.80,4.00
2010.07.20 14:23:53.930,0.84625,0.8464,12.40,9.40
2010.07.20 14:23:54.268,0.8463,0.8464,1.00,9.40
2010.07.20 14:23:55.229,0.8463,0.8464,4.80,1.40
