2017.09.14 19:00:00.047,0.88913,0.88923,6.38,1.30
2017.09.14 19:00:00.436,0.88916,0.88924,1.69,1.00
2017.09.14 19:00:00.848,0.88914,0.88923,3.19,1.00
2017.09.14 19:00:01.104,0.88916,0.88924,1.00,1.12
2017.09.14 19:00:01.828,0.88917,0.88926,2.25,1.12
2017.09.14 19:00:02.184,0.88919,0.88926,1.00,1.00
2017.09.14 19:00:02.544,0.8892,0.88929,1.50,1.00
2017.09.14 19:00:02.803,0.88923,0.8893,1.50,1.00
2017.09.14 19:00:03.142,0.88922,0.88932,3.19,2.06
2017.09.14 19:00:03.503,0.88922,0.8893,1.00,1.00
2017.09.14 19:00:03.862,0.88919,0.88928,5.62,1.00
2017.09.14 19:00:04.156,0.88922,0.8893,1.50,1.00
2017.09.14 19:00:04.363,0.8892,0.88929,1.87,1.00
2017.09.14 19:00:04.977,0.88919,0.88928,2.44,1.00
2017.09.14 19:00:05.081,0.88921,0.88928,2.25,1.00
2017.09.14 19:00:05.208,0.88922,0.88931,1.87,1.69
2017.09.14 19:00:05.313,0.88923,0.88929,1.12,1.00
2017.09.14 19:00:05.572,0.88921,0.88929,1.12,1.00
2017.09.14 19:00:06.904,0.8892,0.88928,1.00,1.00
2017.09.14 19:00:07.365,0.88922,0.88928,1.50,1.00
2017.09.14 19:00:08.576,0.8892,0.88928,2.44,1.00
2017.09.14 19:00:08.730,0.88919,0.88925,1.00,1.00
2017.09.14 19:00:08.782,0.88917,0.88925,1.00,1.00
2017.09.14 19:00:09.303,0.88917,0.88923,1.00,1.00
2017.09.14 19:00:09.406,0.88914,0.88923,2.81,1.00
2017.09.14 19:00:09.938,0.88914,0.88923,2.44,1.00
2017.09.14 19:00:11.175,0.88914,0.88923,3.37,1.87
2017.09.14 19:00:11.633,0.88913,0.88923,2.44,1.25
2017.09.14 19:00:12.793,0.88912,0.88922,3.75,1.25
2017.09.14 19:00:13.360,0.88912,0.88921,2.25,1.00
2017.09.14 19:00:14.782,0.88912,0.8892,2.25,1.00
2017.09.14 19:00:17.824,0.88911,0.88919,2.81,1.00
2017.09.14 19:00:18.332,0.88911,0.88918,1.87,1.00
2017.09.14 19:00:18.884,0.88912,0.88918,1.50,1.00
2017.09.14 19:00:20.874,0.8891,0.88918,1.50,1.00
2017.09.14 19:00:21.403,0.88909,0.88917,1.87,1.00
2017.09.14 19:00:24.613,0.88908,0.88917,2.06,1.00
2017.09.14 19:00:25.145,0.88908,0.88917,1.62,1.00
2017.09.14 19:00:26.747,0.88907,0.88916,4.12,1.00
2017.09.14 19:00:27.303,0.8891,0.88918,1.50,1.00
2017.09.14 19:00:27.764,0.88909,0.88916,2.81,1.00
2017.09.14 19:00:27.816,0.88909,0.88918,2.62,1.00
2017.09.14 19:00:28.354,0.88909,0.88918,2.25,1.25
2017.09.14 19:00:28.459,0.88909,0.88916,2.25,1.00
2017.09.14 19:00:28.825,0.88911,0.88918,1.50,1.00
2017.09.14 19:00:29.772,0.88911,0.88919,1.50,1.00
2017.09.14 19:00:30.342,0.8891,0.88919,2.81,1.00
2017.09.14 19:00:30.830,0.88912,0.88919,1.50,1.00
2017.09.14 19:00:31.342,0.8891,0.88919,1.87,1.00
2017.09.14 19:00:31.893,0.8891,0.88919,3.37,1.00
2017.09.14 19:00:32.333,0.88912,0.88919,1.00,1.00
2017.09.14 19:00:32.864,0.88911,0.8892,3.75,1.00
2017.09.14 19:00:33.416,0.88911,0.88919,3.00,1.00
2017.09.14 19:00:34.038,0.8891,0.88919,2.25,1.00
2017.09.14 19:00:34.541,0.88909,0.88918,4.50,1.00
2017.09.14 19:00:34.848,0.88907,0.88915,2.06,1.00
2017.09.14 19:00:35.053,0.88909,0.88917,3.00,1.00
2017.09.14 19:00:35.360,0.88911,0.88918,1.50,1.00
2017.09.14 19:00:35.867,0.88911,0.88917,1.50,1.00
2017.09.14 19:00:37.394,0.88911,0.88919,1.87,1.25
2017.09.14 19:00:38.004,0.8891,0.88919,3.37,1.00
2017.09.14 19:00:38.607,0.8891,0.88919,4.31,1.00
2017.09.14 19:00:39.108,0.8891,0.88918,2.62,1.00
2017.09.14 19:00:41.293,0.8891,0.88918,2.62,1.00
2017.09.14 19:00:42.434,0.8891,0.88918,3.37,1.00
2017.09.14 19:00:45.762,0.8891,0.88916,1.50,1.00
2017.09.14 19:00:45.867,0.88906,0.88914,2.44,1.00
2017.09.14 19:00:46.404,0.88907,0.88915,3.00,1.00
2017.09.14 19:00:50.525,0.88906,0.88915,3.19,1.00
2017.09.14 19:00:51.547,0.88906,0.88915,1.87,1.00
2017.09.14 19:00:52.559,0.88906,0.88914,1.87,1.00
2017.09.14 19:00:53.902,0.88906,0.88914,1.19,1.00
2017.09.14 19:00:54.412,0.88905,0.88914,3.37,1.00
2017.09.14 19:00:55.706,0.88906,0.88913,1.87,1.00
2017.09.14 19:00:55.757,0.88906,0.88915,1.87,1.50
2017.09.14 19:00:57.563,0.88906,0.88914,1.00,1.00
2017.09.14 19:00:58.569,0.88905,0.88914,2.06,1.00
2017.09.14 19:00:59.116,0.88904,0.88913,3.00,1.00
2017.09.14 19:00:59.659,0.88904,0.88912,1.25,1.00
2017.09.14 19:01:00.188,0.88904,0.88912,1.44,1.00
2017.09.14 19:01:00.723,0.88906,0.88914,1.50,1.00
2017.09.14 19:01:03.887,0.88907,0.88914,1.50,1.00
2017.09.14 19:01:04.392,0.88907,0.88913,1.50,1.00
2017.09.14 19:01:05.424,0.88906,0.88913,2.81,1.00
2017.09.14 19:01:06.107,0.88906,0.88913,3.00,1.00
2017.09.14 19:01:07.495,0.88906,0.88914,2.25,1.00
2017.09.14 19:01:09.037,0.88904,0.88914,3.75,1.00
2017.09.14 19:01:09.571,0.88904,0.88913,3.56,1.00
2017.09.14 19:01:10.120,0.88904,0.88913,4.31,1.00
2017.09.14 19:01:13.742,0.88906,0.88914,1.00,1.00
2017.09.14 19:01:17.492,0.88906,0.88915,3.00,1.00
2017.09.14 19:01:17.595,0.88907,0.88916,3.37,1.00
2017.09.14 19:01:18.109,0.88908,0.88917,1.87,1.00
2017.09.14 19:01:19.495,0.88908,0.88917,3.37,1.00
2017.09.14 19:01:24.874,0.88909,0.88917,1.87,1.00
2017.09.14 19:01:25.942,0.88909,0.88917,2.06,1.00
2017.09.14 19:01:27.024,0.88907,0.88912,3.00,1.00
2017.09.14 19:01:27.076,0.88907,0.88914,2.25,1.00
2017.09.14 19:01:27.229,0.88905,0.88912,1.87,1.00
2017.09.14 19:01:28.198,0.88904,0.88912,1.87,1.00
2017.09.14 19:01:28.783,0.88903,0.88911,3.19,1.00
2017.09.14 19:01:29.549,0.88901,0.8891,5.25,1.00
2017.09.14 19:01:29.652,0.88901,0.8891,1.31,1.00
2017.09.14 19:01:30.221,0.889,0.88909,3.37,1.00
2017.09.14 19:01:30.749,0.889,0.88909,4.50,1.00
2017.09.14 19:01:30.903,0.88902,0.88911,1.87,1.00
2017.09.14 19:01:31.744,0.88902,0.88913,1.87,4.87
2017.09.14 19:01:32.322,0.88902,0.88913,2.62,4.69
2017.09.14 19:01:32.847,0.88902,0.88913,2.62,6.00
2017.09.14 19:01:34.518,0.88901,0.88911,1.37,1.00
2017.09.14 19:01:34.621,0.889,0.8891,1.50,1.00
2017.09.14 19:01:35.390,0.889,0.88911,1.00,1.50
2017.09.14 19:01:35.993,0.889,0.88911,1.62,1.69
2017.09.14 19:01:36.991,0.889,0.88911,1.31,1.69
2017.09.14 19:01:37.494,0.889,0.8891,1.31,1.00
2017.09.14 19:01:38.014,0.889,0.88909,1.87,1.00
2017.09.14 19:01:38.118,0.88899,0.88909,1.31,1.87
2017.09.14 19:01:40.490,0.88899,0.8891,1.50,3.19
2017.09.14 19:01:40.593,0.88899,0.88908,1.12,1.44
2017.09.14 19:01:41.105,0.88899,0.88908,1.12,1.25
2017.09.14 19:01:41.636,0.88899,0.88909,4.31,1.44
2017.09.14 19:01:42.054,0.889,0.8891,1.12,1.31
2017.09.14 19:01:49.269,0.889,0.8891,1.69,2.81
2017.09.14 19:01:49.889,0.889,0.8891,1.31,1.31
2017.09.14 19:01:50.181,0.889,0.88908,1.00,1.25
2017.09.14 19:01:50.903,0.889,0.8891,1.00,2.62
2017.09.14 19:01:51.525,0.88899,0.8891,3.00,2.06
2017.09.14 19:01:52.027,0.88899,0.88909,1.31,1.31
2017.09.14 19:01:52.553,0.889,0.88909,1.00,1.31
2017.09.14 19:01:53.415,0.889,0.88909,1.12,3.19
2017.09.14 19:01:54.642,0.88899,0.88909,1.00,2.81
2017.09.14 19:01:56.117,0.88898,0.88908,1.87,1.31
2017.09.14 19:01:56.663,0.88898,0.88909,1.00,2.06
2017.09.14 19:01:57.057,0.88898,0.88908,1.12,1.44
2017.09.14 19:01:58.202,0.88896,0.88907,5.25,2.81
2017.09.14 19:01:59.054,0.88896,0.88905,3.56,1.00
2017.09.14 19:01:59.594,0.88897,0.88907,1.00,3.75
2017.09.14 19:02:00.124,0.88897,0.88907,1.37,3.19
2017.09.14 19:02:00.624,0.88899,0.88908,1.50,1.12
2017.09.14 19:02:01.157,0.88899,0.88909,2.06,1.31
2017.09.14 19:02:01.526,0.88899,0.8891,5.62,1.56
2017.09.14 19:02:01.834,0.88899,0.88909,1.00,3.19
2017.09.14 19:02:02.347,0.88898,0.88908,2.44,1.25
2017.09.14 19:02:05.103,0.88898,0.88906,1.00,1.50
2017.09.14 19:02:05.257,0.88897,0.88908,2.25,2.81
2017.09.14 19:02:06.043,0.88898,0.88907,1.00,1.25
2017.09.14 19:02:06.299,0.88897,0.88905,1.87,1.50
2017.09.14 19:02:06.802,0.88897,0.88905,1.12,1.50
2017.09.14 19:02:10.235,0.88897,0.88905,2.25,1.50
2017.09.14 19:02:10.898,0.88899,0.88908,1.00,2.25
2017.09.14 19:02:11.769,0.88898,0.88909,2.06,2.96
2017.09.14 19:02:11.989,0.88898,0.88907,4.87,1.50
2017.09.14 19:02:12.790,0.88898,0.88907,1.12,1.65
2017.09.14 19:02:13.099,0.88897,0.88905,1.50,1.50
2017.09.14 19:02:13.731,0.88898,0.88905,1.69,1.50
2017.09.14 19:02:14.654,0.88898,0.88906,1.00,1.50
2017.09.14 19:02:19.876,0.88898,0.88904,1.00,1.50
2017.09.14 19:02:20.112,0.88899,0.88909,1.00,2.44
2017.09.14 19:02:20.624,0.88899,0.88909,3.75,1.00
2017.09.14 19:02:21.170,0.88901,0.88911,1.50,3.75
2017.09.14 19:02:21.731,0.88901,0.8891,1.50,2.25
2017.09.14 19:02:23.247,0.889,0.88911,3.75,3.19
2017.09.14 19:02:23.456,0.88899,0.88909,3.00,1.69
2017.09.14 19:02:24.686,0.88901,0.8891,1.69,1.31
2017.09.14 19:02:24.993,0.88903,0.88912,1.50,3.00
2017.09.14 19:02:25.464,0.88901,0.88911,1.12,1.12
2017.09.14 19:02:26.137,0.889,0.8891,2.25,1.00
2017.09.14 19:02:26.393,0.88903,0.88911,1.50,2.06
2017.09.14 19:02:26.445,0.88901,0.88911,1.50,1.87
2017.09.14 19:02:26.976,0.88901,0.8891,2.62,1.00
2017.09.14 19:02:27.637,0.88901,0.88911,2.25,1.12
2017.09.14 19:02:28.894,0.88899,0.88909,2.81,1.19
2017.09.14 19:02:29.202,0.88899,0.88908,1.87,1.87
2017.09.14 19:02:29.909,0.88899,0.88909,1.87,4.87
2017.09.14 19:02:30.678,0.88899,0.88908,1.87,2.25
2017.09.14 19:02:32.299,0.88898,0.88907,1.00,1.25
2017.09.14 19:02:32.644,0.88895,0.88905,3.00,1.12
2017.09.14 19:02:32.696,0.88895,0.88905,1.87,1.12
2017.09.14 19:02:33.454,0.88897,0.88904,1.50,1.00
2017.09.14 19:02:33.863,0.88897,0.88906,1.50,1.25
2017.09.14 19:02:34.427,0.88897,0.88905,1.50,1.00
2017.09.14 19:02:35.009,0.88895,0.88906,3.00,2.06
2017.09.14 19:02:36.915,0.88895,0.88904,1.87,1.00
2017.09.14 19:02:37.545,0.88894,0.88903,3.06,1.87
2017.09.14 19:02:37.700,0.88895,0.88903,1.50,1.69
2017.09.14 19:02:38.220,0.88894,0.88905,1.69,3.56
2017.09.14 19:02:39.058,0.88896,0.88905,1.50,4.31
2017.09.14 19:02:39.882,0.88895,0.88904,1.50,1.19
2017.09.14 19:02:40.401,0.88894,0.88904,1.87,3.56
2017.09.14 19:02:41.032,0.88894,0.88904,2.12,4.69
2017.09.14 19:02:41.910,0.88894,0.88904,1.50,2.06
2017.09.14 19:02:43.287,0.88894,0.88904,1.50,2.06
2017.09.14 19:02:44.105,0.88892,0.88904,5.87,5.25
2017.09.14 19:02:45.362,0.88894,0.88903,1.50,1.25
2017.09.14 19:02:45.951,0.88893,0.88903,2.31,1.25
2017.09.14 19:02:46.501,0.88893,0.88904,2.31,3.56
2017.09.14 19:02:50.586,0.88892,0.88902,3.25,1.00
2017.09.14 19:02:51.135,0.88893,0.88903,1.00,1.87
2017.09.14 19:02:51.695,0.88893,0.88903,2.31,4.69
2017.09.14 19:02:52.267,0.88893,0.88903,2.31,2.81
2017.09.14 19:02:53.943,0.88893,0.88903,1.18,3.37
2017.09.14 19:02:54.447,0.88893,0.88903,1.18,1.69
2017.09.14 19:02:56.022,0.88893,0.88901,1.56,1.00
2017.09.14 19:02:56.713,0.88893,0.88902,1.56,1.31
2017.09.14 19:02:59.440,0.88893,0.88902,1.56,1.43
2017.09.14 19:03:00.392,0.88893,0.88903,1.56,4.68
2017.09.14 19:03:02.072,0.88893,0.88901,1.56,1.00
2017.09.14 19:03:02.124,0.88893,0.88903,1.56,1.00
2017.09.14 19:03:02.672,0.88893,0.88904,3.06,1.87
2017.09.14 19:03:04.392,0.88892,0.88902,5.68,1.00
2017.09.14 19:03:04.546,0.88893,0.88904,1.08,2.62
2017.09.14 19:03:05.106,0.88896,0.88905,1.50,2.81
2017.09.14 19:03:05.414,0.88906,0.88913,1.50,1.00
2017.09.14 19:03:06.408,0.88905,0.88911,1.00,1.25
2017.09.14 19:03:06.511,0.88901,0.88911,1.12,1.69
2017.09.14 19:03:06.613,0.889,0.8891,2.25,2.25
2017.09.14 19:03:07.190,0.88899,0.8891,2.44,1.19
2017.09.14 19:03:07.719,0.88899,0.8891,2.25,1.87
2017.09.14 19:03:08.261,0.88899,0.8891,1.00,4.12
2017.09.14 19:03:08.791,0.88899,0.88909,1.12,1.87
2017.09.14 19:03:09.324,0.88899,0.8891,1.00,5.06
2017.09.14 19:03:10.071,0.88899,0.88909,1.12,3.19
2017.09.14 19:03:11.025,0.88897,0.88909,5.25,3.56
2017.09.14 19:03:11.129,0.88897,0.88906,2.06,1.12
2017.09.14 19:03:12.892,0.88897,0.88907,1.00,2.06
2017.09.14 19:03:13.963,0.88897,0.88908,2.25,3.37
2017.09.14 19:03:14.517,0.88897,0.88907,2.62,1.50
2017.09.14 19:03:15.049,0.88897,0.88908,3.00,3.37
2017.09.14 19:03:15.720,0.88897,0.88908,2.62,3.75
2017.09.14 19:03:18.412,0.88897,0.88906,2.62,1.37
2017.09.14 19:03:19.462,0.88897,0.88907,3.19,1.12
2017.09.14 19:03:20.793,0.88897,0.88907,2.81,2.25
2017.09.14 19:03:20.946,0.88897,0.88905,1.87,1.00
2017.09.14 19:03:21.985,0.88897,0.88906,1.00,1.12
2017.09.14 19:03:22.535,0.88896,0.88906,1.00,2.06
2017.09.14 19:03:23.046,0.88895,0.88905,1.00,1.31
2017.09.14 19:03:23.555,0.88896,0.88906,1.50,1.00
2017.09.14 19:03:24.067,0.88895,0.88906,3.00,1.69
2017.09.14 19:03:24.634,0.88894,0.88905,2.81,1.31
2017.09.14 19:03:25.676,0.88894,0.88904,2.81,1.62
2017.09.14 19:03:26.088,0.88896,0.88905,1.50,1.31
2017.09.14 19:03:26.140,0.88894,0.88904,3.56,1.69
2017.09.14 19:03:26.322,0.88896,0.88904,1.50,1.87
2017.09.14 19:03:27.502,0.88896,0.88906,2.25,3.75
2017.09.14 19:03:28.654,0.88896,0.88905,2.62,1.37
2017.09.14 19:03:29.003,0.88898,0.88909,2.25,6.75
2017.09.14 19:03:29.055,0.88898,0.88909,3.00,4.50
2017.09.14 19:03:29.625,0.88899,0.88909,1.50,5.06
2017.09.14 19:03:30.015,0.88898,0.88907,1.25,1.12
2017.09.14 19:03:30.760,0.88897,0.88908,4.12,2.81
2017.09.14 19:03:31.129,0.88894,0.88904,2.06,1.87
2017.09.14 19:03:31.538,0.88892,0.88903,5.68,1.87
2017.09.14 19:03:31.947,0.88893,0.88904,4.75,2.44
2017.09.14 19:03:34.644,0.88894,0.88903,1.50,1.00
2017.09.14 19:03:35.194,0.88894,0.88904,2.06,2.25
2017.09.14 19:03:35.245,0.88893,0.88902,1.93,1.50
2017.09.14 19:03:35.502,0.88894,0.88905,4.50,1.50
2017.09.14 19:03:35.903,0.88894,0.88903,2.44,1.50
2017.09.14 19:03:36.006,0.88894,0.88902,1.00,1.50
2017.09.14 19:03:36.057,0.88893,0.889,1.33,1.50
2017.09.14 19:03:36.470,0.88891,0.88903,3.37,1.25
2017.09.14 19:03:37.785,0.88891,0.88903,3.94,4.50
2017.09.14 19:03:38.339,0.88891,0.88903,2.81,2.44
2017.09.14 19:03:38.855,0.88891,0.88903,2.81,4.12
2017.09.14 19:03:39.807,0.88891,0.88903,2.81,3.19
2017.09.14 19:03:39.909,0.88891,0.889,1.31,1.50
2017.09.14 19:03:40.297,0.88887,0.88897,2.44,1.69
2017.09.14 19:03:40.451,0.88888,0.88897,1.19,1.69
2017.09.14 19:03:40.966,0.88888,0.88897,1.00,1.50
2017.09.14 19:03:41.560,0.88888,0.88898,1.00,1.25
2017.09.14 19:03:42.101,0.88889,0.889,3.00,1.62
2017.09.14 19:03:42.509,0.8889,0.88902,2.62,3.75
2017.09.14 19:03:43.028,0.8889,0.88902,2.62,1.87
2017.09.14 19:03:43.420,0.88889,0.88899,1.50,1.69
2017.09.14 19:03:43.747,0.88886,0.88895,1.25,1.50
2017.09.14 19:03:44.258,0.88885,0.88896,2.81,3.75
2017.09.14 19:03:44.968,0.88885,0.88897,3.00,5.62
2017.09.14 19:03:45.475,0.88885,0.88897,3.75,4.12
2017.09.14 19:03:47.060,0.88885,0.88897,3.19,4.87
2017.09.14 19:03:47.235,0.88888,0.88899,1.69,3.00
2017.09.14 19:03:47.857,0.8889,0.889,1.50,2.81
2017.09.14 19:03:48.359,0.88889,0.889,1.12,1.25
2017.09.14 19:03:49.332,0.88887,0.88897,4.12,2.25
2017.09.14 19:03:49.384,0.88887,0.88896,1.00,1.00
2017.09.14 19:03:49.538,0.88885,0.88896,2.44,1.69
2017.09.14 19:03:50.444,0.88885,0.88896,1.69,2.62
2017.09.14 19:03:51.250,0.88885,0.88894,1.25,1.50
2017.09.14 19:03:51.679,0.88886,0.88897,2.44,3.37
2017.09.14 19:03:51.732,0.88887,0.88897,2.06,1.62
2017.09.14 19:03:51.784,0.88888,0.88898,1.00,1.25
2017.09.14 19:03:52.798,0.88888,0.88898,1.00,3.19
2017.09.14 19:03:53.312,0.88885,0.88897,6.94,1.87
2017.09.14 19:03:53.844,0.88886,0.88897,3.19,4.31
2017.09.14 19:03:54.382,0.88888,0.88898,2.25,1.69
2017.09.14 19:03:54.892,0.88888,0.88898,2.44,3.00
2017.09.14 19:03:55.513,0.88888,0.88899,2.62,2.06
2017.09.14 19:03:56.580,0.88889,0.889,1.00,5.06
2017.09.14 19:03:59.033,0.88887,0.88899,5.06,4.31
2017.09.14 19:03:59.619,0.88887,0.88899,3.75,3.19
2017.09.14 19:04:00.169,0.88887,0.889,4.50,6.19
2017.09.14 19:04:02.805,0.88888,0.88899,1.00,2.06
2017.09.14 19:04:03.522,0.88888,0.88898,2.25,2.25
2017.09.14 19:04:04.031,0.88888,0.88898,3.00,3.75
2017.09.14 19:04:06.223,0.88889,0.88898,1.87,1.38
2017.09.14 19:04:06.733,0.88889,0.88898,1.88,1.12
2017.09.14 19:04:07.402,0.88889,0.88899,2.63,2.81
2017.09.14 19:04:07.555,0.88888,0.88897,1.12,1.13
2017.09.14 19:04:08.169,0.88887,0.88897,1.00,1.88
2017.09.14 19:04:09.088,0.88886,0.88896,1.87,1.00
2017.09.14 19:04:09.354,0.88884,0.88894,2.06,1.00
2017.09.14 19:04:10.530,0.88883,0.88892,1.50,1.69
2017.09.14 19:04:10.686,0.88885,0.88894,1.00,1.00
2017.09.14 19:04:10.946,0.88883,0.88894,4.31,2.44
2017.09.14 19:04:11.154,0.88884,0.88893,1.44,1.50
2017.09.14 19:04:11.678,0.88884,0.88893,1.00,1.50
2017.09.14 19:04:11.989,0.88882,0.88893,1.69,3.26
2017.09.14 19:04:12.196,0.8888,0.8889,1.00,2.25
2017.09.14 19:04:12.714,0.88881,0.88891,1.00,2.32
2017.09.14 19:04:13.561,0.8888,0.8889,1.50,1.07
2017.09.14 19:04:13.869,0.88883,0.88892,1.50,1.10
2017.09.14 19:04:14.380,0.88882,0.88892,3.19,1.00
2017.09.14 19:04:14.891,0.88883,0.88894,4.31,2.63
2017.09.14 19:04:15.403,0.88882,0.88893,2.06,3.00
2017.09.14 19:04:15.930,0.88882,0.88891,1.50,1.00
2017.09.14 19:04:16.507,0.8888,0.88891,1.31,5.06
2017.09.14 19:04:16.817,0.88881,0.88889,1.00,1.00
2017.09.14 19:04:17.328,0.88881,0.8889,1.00,1.00
2017.09.14 19:04:17.720,0.8888,0.88891,2.81,2.44
2017.09.14 19:04:17.771,0.88879,0.88889,1.50,2.06
2017.09.14 19:04:17.823,0.88879,0.88884,1.31,1.00
2017.09.14 19:04:17.928,0.88874,0.88883,3.45,1.69
2017.09.14 19:04:18.033,0.88873,0.88882,2.06,1.50
2017.09.14 19:04:18.188,0.88873,0.8888,3.00,1.00
2017.09.14 19:04:18.343,0.88874,0.88883,1.12,1.25
2017.09.14 19:04:18.601,0.88872,0.88881,3.37,1.00
2017.09.14 19:04:18.912,0.8887,0.88881,2.06,1.01
2017.09.14 19:04:19.015,0.88871,0.8888,1.00,1.39
2017.09.14 19:04:19.322,0.88873,0.88882,1.50,3.64
2017.09.14 19:04:19.374,0.88873,0.88882,1.50,3.26
2017.09.14 19:04:19.917,0.88873,0.88882,1.50,2.51
2017.09.14 19:04:20.329,0.88874,0.88884,1.50,2.25
2017.09.14 19:04:20.381,0.88876,0.88885,2.25,2.25
2017.09.14 19:04:20.813,0.88877,0.88886,1.50,2.62
2017.09.14 19:04:20.867,0.88879,0.88888,1.50,1.12
2017.09.14 19:04:21.178,0.88882,0.88892,1.50,1.62
2017.09.14 19:04:21.543,0.88877,0.88885,1.87,1.00
2017.09.14 19:04:21.595,0.88881,0.88889,1.50,2.62
2017.09.14 19:04:22.109,0.88881,0.88891,1.50,2.81
2017.09.14 19:04:22.650,0.8888,0.8889,1.50,3.00
2017.09.14 19:04:23.610,0.88879,0.8889,2.25,2.25
2017.09.14 19:04:24.175,0.88879,0.88889,2.25,1.00
2017.09.14 19:04:24.718,0.88879,0.88889,2.62,1.50
2017.09.14 19:04:24.823,0.88882,0.88891,2.25,3.00
2017.09.14 19:04:25.132,0.88885,0.88893,1.00,1.50
2017.09.14 19:04:25.338,0.88883,0.88892,2.25,1.12
2017.09.14 19:04:25.859,0.88883,0.88893,1.00,1.25
2017.09.14 19:04:26.373,0.8888,0.88891,3.19,2.62
2017.09.14 19:04:26.426,0.8888,0.88889,1.25,2.32
2017.09.14 19:04:26.478,0.88878,0.88889,1.00,4.76
2017.09.14 19:04:26.725,0.88877,0.88887,2.44,2.33
2017.09.14 19:04:27.212,0.88877,0.88888,2.25,2.63
2017.09.14 19:04:27.366,0.88877,0.88886,2.25,1.00
2017.09.14 19:04:27.774,0.88878,0.88888,1.50,1.87
2017.09.14 19:04:28.522,0.88878,0.88887,1.50,1.00
2017.09.14 19:04:30.064,0.88878,0.88888,2.25,1.12
2017.09.14 19:04:30.167,0.8888,0.88888,1.50,1.12
2017.09.14 19:04:30.321,0.88882,0.88891,1.00,1.00
2017.09.14 19:04:30.833,0.88882,0.88892,1.00,1.31
2017.09.14 19:04:31.334,0.88882,0.88891,1.00,1.13
2017.09.14 19:04:31.901,0.88882,0.88892,1.00,1.25
2017.09.14 19:04:33.603,0.88882,0.88891,2.25,1.13
2017.09.14 19:04:34.113,0.88882,0.88892,1.00,2.63
2017.09.14 19:04:35.158,0.88882,0.88891,1.00,2.62
2017.09.14 19:04:35.209,0.88879,0.88889,1.12,1.88
2017.09.14 19:04:35.518,0.88883,0.88893,1.50,2.44
2017.09.14 19:04:36.544,0.88883,0.88894,1.50,5.59
2017.09.14 19:04:36.810,0.88882,0.88893,1.50,8.59
2017.09.14 19:04:37.016,0.8888,0.8889,3.00,1.12
2017.09.14 19:04:37.884,0.88883,0.88892,1.00,5.96
2017.09.14 19:04:37.987,0.88881,0.88892,3.00,1.50
2017.09.14 19:04:38.141,0.88883,0.88892,1.50,2.06
2017.09.14 19:04:38.500,0.88881,0.88892,3.00,1.00
2017.09.14 19:04:39.163,0.88882,0.88892,2.25,2.06
2017.09.14 19:04:39.827,0.88883,0.88892,1.00,2.06
2017.09.14 19:04:40.399,0.88884,0.88894,1.00,3.56
2017.09.14 19:04:40.758,0.88884,0.88895,3.75,1.50
2017.09.14 19:04:41.014,0.88886,0.88896,1.50,2.25
2017.09.14 19:04:41.733,0.88887,0.88895,1.50,1.25
2017.09.14 19:04:42.311,0.88886,0.88896,1.50,1.87
2017.09.14 19:04:42.735,0.88889,0.88899,1.50,3.56
2017.09.14 19:04:43.457,0.8889,0.88898,2.25,1.25
2017.09.14 19:04:44.498,0.88889,0.88899,1.50,4.69
2017.09.14 19:04:45.042,0.88889,0.88898,1.50,1.50
2017.09.14 19:04:45.983,0.88889,0.88898,1.87,1.50
2017.09.14 19:04:50.439,0.88889,0.88898,1.50,1.12
2017.09.14 19:04:51.431,0.88889,0.889,2.25,3.19
2017.09.14 19:04:51.789,0.88893,0.88901,1.50,5.62
2017.09.14 19:04:51.894,0.88893,0.88902,3.00,1.00
2017.09.14 19:04:52.082,0.88892,0.88901,2.44,1.50
2017.09.14 19:04:52.135,0.88889,0.88899,1.87,2.06
2017.09.14 19:04:52.238,0.88889,0.88897,1.12,4.13
2017.09.14 19:04:52.290,0.88887,0.88896,3.56,1.50
2017.09.14 19:04:52.700,0.88889,0.88898,1.00,3.00
2017.09.14 19:04:53.234,0.88888,0.88898,2.44,1.87
2017.09.14 19:04:55.732,0.88888,0.88899,1.42,2.63
2017.09.14 19:04:56.256,0.88889,0.88897,1.12,1.00
2017.09.14 19:04:56.856,0.88888,0.88897,1.00,1.00
2017.09.14 19:04:57.394,0.88889,0.88897,1.00,1.12
2017.09.14 19:04:57.905,0.88889,0.88898,1.50,1.12
2017.09.14 19:04:58.008,0.8889,0.889,3.94,1.31
2017.09.14 19:04:58.316,0.8889,0.88898,1.50,1.00
2017.09.14 19:04:58.626,0.88887,0.88895,1.00,1.12
2017.09.14 19:04:58.833,0.88886,0.88897,3.75,2.44
2017.09.14 19:04:59.187,0.88889,0.88897,1.50,4.13
2017.09.14 19:04:59.239,0.88887,0.88897,2.25,2.44
2017.09.14 19:04:59.445,0.88886,0.88897,2.25,2.44
2017.09.14 19:05:00.181,0.88888,0.88897,2.25,1.12
2017.09.14 19:05:00.531,0.8889,0.88898,1.50,1.87
2017.09.14 19:05:01.244,0.8889,0.88898,1.50,1.62
2017.09.14 19:05:01.764,0.8889,0.88898,1.50,1.31
2017.09.14 19:05:02.836,0.8889,0.88897,1.50,1.00
2017.09.14 19:05:04.497,0.88891,0.88899,1.50,1.37
2017.09.14 19:05:05.032,0.88891,0.889,1.50,1.88
2017.09.14 19:05:05.392,0.88888,0.88898,3.56,1.13
2017.09.14 19:05:05.444,0.88888,0.88895,1.00,1.00
2017.09.14 19:05:05.547,0.88885,0.88893,1.50,1.25
2017.09.14 19:05:06.053,0.88884,0.88893,1.50,1.31
2017.09.14 19:05:06.564,0.88884,0.88894,1.50,2.06
2017.09.14 19:05:07.189,0.88884,0.88894,1.50,2.81
2017.09.14 19:05:08.215,0.88886,0.88894,1.50,3.00
2017.09.14 19:05:08.966,0.88886,0.88894,1.50,3.56
2017.09.14 19:05:09.839,0.88883,0.88892,1.88,1.19
2017.09.14 19:05:10.354,0.88882,0.88891,1.00,1.00
2017.09.14 19:05:12.655,0.88883,0.88891,1.50,1.00
2017.09.14 19:05:12.964,0.88884,0.88893,1.50,1.31
2017.09.14 19:05:13.169,0.88882,0.88893,2.25,1.31
2017.09.14 19:05:14.098,0.88883,0.88893,1.00,4.69
2017.09.14 19:05:14.632,0.88882,0.88893,2.25,1.88
2017.09.14 19:05:14.683,0.88884,0.88893,1.50,1.00
2017.09.14 19:05:15.150,0.88882,0.88892,1.00,1.88
2017.09.14 19:05:15.741,0.88884,0.88892,1.50,1.00
2017.09.14 19:05:15.894,0.88884,0.88894,1.50,1.69
2017.09.14 19:05:15.998,0.88884,0.88892,1.50,1.00
2017.09.14 19:05:16.255,0.88882,0.88892,2.25,4.13
2017.09.14 19:05:16.773,0.8888,0.88891,3.37,2.81
2017.09.14 19:05:17.291,0.88881,0.8889,1.00,1.25
2017.09.14 19:05:17.856,0.88882,0.8889,1.00,2.63
2017.09.14 19:05:18.062,0.8888,0.8889,1.87,1.50
2017.09.14 19:05:18.776,0.88878,0.88888,2.25,1.44
2017.09.14 19:05:19.323,0.88877,0.88888,2.63,3.19
2017.09.14 19:05:19.833,0.88878,0.88887,1.13,1.25
2017.09.14 19:05:20.374,0.88877,0.88887,2.81,1.12
2017.09.14 19:05:22.582,0.88877,0.88887,1.19,4.13
2017.09.14 19:05:22.635,0.88876,0.88886,3.00,1.00
2017.09.14 19:05:22.930,0.88877,0.88887,2.81,3.38
2017.09.14 19:05:23.485,0.88877,0.88887,4.13,3.38
2017.09.14 19:05:23.833,0.8888,0.8889,1.50,3.38
2017.09.14 19:05:24.514,0.8888,0.88889,1.50,1.31
2017.09.14 19:05:25.935,0.88879,0.88889,2.81,1.00
2017.09.14 19:05:26.521,0.88879,0.88889,4.31,1.50
2017.09.14 19:05:27.031,0.88879,0.8889,3.38,3.00
2017.09.14 19:05:27.986,0.88879,0.88889,4.12,1.50
2017.09.14 19:05:28.503,0.88879,0.8889,3.00,3.94
2017.09.14 19:05:28.837,0.8888,0.88888,2.25,1.50
2017.09.14 19:05:28.889,0.8888,0.8889,2.25,2.44
2017.09.14 19:05:29.440,0.88879,0.88889,1.50,2.44
2017.09.14 19:05:29.593,0.88879,0.88887,1.87,1.12
2017.09.14 19:05:30.107,0.88879,0.88888,1.50,2.25
2017.09.14 19:05:30.639,0.88879,0.88887,1.50,1.13
2017.09.14 19:05:31.269,0.88879,0.88887,1.50,1.50
2017.09.14 19:05:31.837,0.88878,0.88888,2.62,4.31
2017.09.14 19:05:37.321,0.88881,0.8889,1.50,3.19
2017.09.14 19:05:37.425,0.88881,0.88891,1.50,8.06
2017.09.14 19:05:38.044,0.88881,0.88889,1.50,1.00
2017.09.14 19:05:38.645,0.88881,0.8889,1.50,2.06
2017.09.14 19:05:40.567,0.88881,0.88891,1.50,6.00
2017.09.14 19:05:41.613,0.88881,0.88891,1.31,2.62
2017.09.14 19:05:41.769,0.88883,0.88893,1.69,2.81
2017.09.14 19:05:41.873,0.88884,0.88894,2.44,1.69
2017.09.14 19:05:42.496,0.88885,0.88895,1.50,3.19
2017.09.14 19:05:43.129,0.88885,0.88895,2.44,1.12
2017.09.14 19:05:43.970,0.88885,0.88896,2.25,4.13
2017.09.14 19:05:44.481,0.88885,0.88896,2.62,4.50
2017.09.14 19:05:47.719,0.88886,0.88896,1.00,1.88
2017.09.14 19:05:48.078,0.88888,0.88896,1.50,1.37
2017.09.14 19:05:48.235,0.88888,0.88899,2.25,1.69
2017.09.14 19:05:48.750,0.88888,0.88899,2.25,5.44
2017.09.14 19:05:48.903,0.88888,0.88897,1.00,1.63
2017.09.14 19:05:49.328,0.88889,0.88898,2.44,1.25
2017.09.14 19:05:49.430,0.88888,0.88898,2.25,2.81
2017.09.14 19:05:49.942,0.88888,0.88897,1.50,1.69
2017.09.14 19:05:50.446,0.88888,0.88897,1.87,1.69
2017.09.14 19:05:50.987,0.88887,0.88898,3.37,4.50
2017.09.14 19:05:53.947,0.88887,0.88896,1.12,1.50
2017.09.14 19:05:54.463,0.88887,0.88897,2.44,1.50
2017.09.14 19:05:55.007,0.88889,0.88899,2.44,2.44
2017.09.14 19:05:55.318,0.88887,0.88897,2.25,1.31
2017.09.14 19:05:55.840,0.88888,0.88897,1.50,1.50
2017.09.14 19:05:56.361,0.88888,0.88896,1.50,1.00
2017.09.14 19:05:56.874,0.88888,0.88897,1.50,1.25
2017.09.14 19:05:57.629,0.88888,0.88897,1.50,2.63
2017.09.14 19:05:58.335,0.88887,0.88897,2.25,1.50
2017.09.14 19:05:58.858,0.88887,0.88897,2.25,3.00
2017.09.14 19:05:59.870,0.88887,0.88897,1.69,3.00
2017.09.14 19:06:00.386,0.88887,0.88898,1.50,7.69
2017.09.14 19:06:01.135,0.88887,0.88897,2.63,2.63
2017.09.14 19:06:01.678,0.88887,0.88898,1.87,3.56
2017.09.14 19:06:02.474,0.88888,0.88899,1.88,4.31
2017.09.14 19:06:02.992,0.88889,0.88899,1.50,2.81
2017.09.14 19:06:03.945,0.8889,0.88899,1.00,1.50
2017.09.14 19:06:04.356,0.88892,0.889,1.50,2.25
2017.09.14 19:06:05.337,0.88892,0.88901,1.50,3.75
2017.09.14 19:06:05.439,0.88892,0.88901,1.50,1.00
2017.09.14 19:06:05.543,0.88891,0.88901,3.94,1.69
2017.09.14 19:06:05.645,0.8889,0.88902,3.19,4.69
2017.09.14 19:06:05.697,0.8889,0.88899,2.06,1.38
2017.09.14 19:06:06.201,0.88889,0.88898,1.87,1.13
2017.09.14 19:06:06.614,0.88889,0.88898,1.00,3.94
2017.09.14 19:06:07.125,0.88888,0.88897,1.50,1.50
2017.09.14 19:06:08.112,0.88886,0.88897,5.81,1.69
2017.09.14 19:06:08.756,0.88888,0.88897,1.50,1.31
2017.09.14 19:06:09.267,0.88887,0.88896,1.50,1.12
2017.09.14 19:06:10.274,0.88886,0.88897,3.56,2.25
2017.09.14 19:06:10.783,0.88887,0.88897,1.25,4.31
2017.09.14 19:06:11.311,0.88886,0.88897,3.19,2.63
2017.09.14 19:06:11.648,0.88888,0.88897,1.50,1.00
2017.09.14 19:06:12.466,0.88888,0.88898,1.87,4.88
2017.09.14 19:06:14.132,0.88888,0.88898,2.81,1.00
2017.09.14 19:06:15.138,0.88889,0.88898,1.50,1.00
2017.09.14 19:06:15.834,0.88891,0.88899,1.50,2.63
2017.09.14 19:06:15.885,0.88891,0.889,1.50,1.31
2017.09.14 19:06:15.937,0.88889,0.88899,2.62,1.38
2017.09.14 19:06:16.449,0.88888,0.88899,2.63,2.44
2017.09.14 19:06:16.768,0.88888,0.88898,1.69,4.69
2017.09.14 19:06:17.279,0.88888,0.88897,1.00,1.00
2017.09.14 19:06:17.785,0.88888,0.88898,1.69,4.13
2017.09.14 19:06:18.895,0.88887,0.88896,3.56,1.00
2017.09.14 19:06:21.996,0.88887,0.88896,4.69,1.00
2017.09.14 19:06:22.538,0.88887,0.88896,3.56,1.00
2017.09.14 19:06:26.303,0.88888,0.88896,1.00,1.25
2017.09.14 19:06:26.962,0.88887,0.88896,2.63,1.88
2017.09.14 19:06:27.468,0.88888,0.88896,1.50,1.00
2017.09.14 19:06:27.571,0.88889,0.889,3.19,6.56
2017.09.14 19:06:27.622,0.88889,0.889,2.44,3.56
2017.09.14 19:06:27.778,0.8889,0.88898,1.50,1.44
2017.09.14 19:06:27.985,0.8889,0.88899,1.50,1.31
2017.09.14 19:06:28.499,0.8889,0.88899,1.50,2.06
2017.09.14 19:06:29.080,0.8889,0.889,1.50,3.94
2017.09.14 19:06:29.184,0.88892,0.889,1.50,4.13
2017.09.14 19:06:29.703,0.88892,0.889,1.50,3.19
2017.09.14 19:06:30.230,0.88891,0.889,1.50,1.50
2017.09.14 19:06:30.749,0.88891,0.88901,2.25,2.25
2017.09.14 19:06:31.409,0.88892,0.889,2.25,1.44
2017.09.14 19:06:31.918,0.88893,0.889,1.12,1.56
2017.09.14 19:06:32.873,0.88892,0.88901,4.87,2.44
2017.09.14 19:06:33.332,0.88894,0.88901,1.37,2.44
2017.09.14 19:06:33.962,0.88893,0.88901,1.50,1.50
2017.09.14 19:06:35.990,0.88894,0.889,1.50,1.25
2017.09.14 19:06:36.562,0.88894,0.88902,1.50,1.38
2017.09.14 19:06:37.094,0.88896,0.88903,2.25,1.00
2017.09.14 19:06:37.146,0.88896,0.88906,2.44,1.69
2017.09.14 19:06:37.250,0.88898,0.88905,1.12,1.31
2017.09.14 19:06:37.405,0.88896,0.88906,2.25,1.31
2017.09.14 19:06:37.907,0.88897,0.88906,1.00,1.31
2017.09.14 19:06:38.062,0.88896,0.88904,3.37,1.38
2017.09.14 19:06:38.164,0.88895,0.88904,2.25,1.50
2017.09.14 19:06:38.424,0.88894,0.88903,1.50,3.00
2017.09.14 19:06:38.930,0.88894,0.88902,1.00,1.69
2017.09.14 19:06:39.440,0.88893,0.88901,3.75,1.00
2017.09.14 19:06:39.988,0.88894,0.88902,1.12,2.25
2017.09.14 19:06:40.520,0.88893,0.88902,1.12,1.50
2017.09.14 19:06:41.025,0.88892,0.88901,4.87,2.81
2017.09.14 19:06:41.739,0.88894,0.88901,1.00,2.63
2017.09.14 19:06:42.254,0.88893,0.88902,1.00,2.25
2017.09.14 19:06:42.765,0.88892,0.88902,1.12,3.00
2017.09.14 19:06:43.316,0.88892,0.88901,3.19,1.13
2017.09.14 19:06:43.878,0.88892,0.88902,5.06,3.38
2017.09.14 19:06:44.504,0.88892,0.88902,3.00,2.44
2017.09.14 19:06:45.048,0.88894,0.88902,2.06,1.62
2017.09.14 19:06:45.557,0.88894,0.88902,1.12,1.00
2017.09.14 19:06:47.750,0.88895,0.88903,1.50,1.00
2017.09.14 19:06:48.275,0.88894,0.88903,2.62,1.25
2017.09.14 19:06:49.306,0.88895,0.88904,1.50,1.69
2017.09.14 19:06:53.175,0.88895,0.88904,2.62,1.25
2017.09.14 19:06:53.515,0.88894,0.88902,1.00,3.75
2017.09.14 19:06:53.771,0.88892,0.88901,4.88,1.63
2017.09.14 19:06:54.373,0.88892,0.88902,1.87,1.69
2017.09.14 19:06:55.090,0.88892,0.88902,3.00,1.50
2017.09.14 19:06:56.063,0.88892,0.88902,4.87,1.50
2017.09.14 19:06:58.225,0.88893,0.88902,1.00,3.38
2017.09.14 19:06:59.210,0.88891,0.88901,1.87,1.12
2017.09.14 19:06:59.803,0.88891,0.88901,1.87,1.31
2017.09.14 19:07:00.344,0.88892,0.88902,2.25,4.12
2017.09.14 19:07:03.273,0.88894,0.88903,1.87,6.00
2017.09.14 19:07:03.325,0.88895,0.88905,2.62,1.37
2017.09.14 19:07:04.537,0.88894,0.88903,1.12,2.81
2017.09.14 19:07:05.048,0.88893,0.88902,2.62,1.00
2017.09.14 19:07:06.947,0.88892,0.88902,3.37,1.87
2017.09.14 19:07:07.101,0.88894,0.88904,1.50,3.19
2017.09.14 19:07:07.614,0.88894,0.88905,2.25,2.06
2017.09.14 19:07:08.137,0.88895,0.88905,1.00,2.06
2017.09.14 19:07:08.675,0.88896,0.88904,1.50,1.69
2017.09.14 19:07:09.288,0.88896,0.88905,1.50,3.56
2017.09.14 19:07:09.638,0.88893,0.88903,3.56,1.00
2017.09.14 19:07:09.741,0.88893,0.88903,2.06,2.44
2017.09.14 19:07:10.281,0.88894,0.88905,2.25,5.81
2017.09.14 19:07:10.385,0.88893,0.88903,1.12,1.69
2017.09.14 19:07:12.551,0.88893,0.88903,1.00,2.25
2017.09.14 19:07:13.249,0.88892,0.88902,2.25,1.31
2017.09.14 19:07:13.859,0.88892,0.88902,1.50,2.06
2017.09.14 19:07:14.641,0.88892,0.88902,1.50,1.31
2017.09.14 19:07:16.935,0.88892,0.88902,1.69,1.88
2017.09.14 19:07:17.548,0.88892,0.88902,1.50,1.69
2017.09.14 19:07:19.446,0.88892,0.88902,1.50,1.69
2017.09.14 19:07:19.970,0.88892,0.88902,1.50,1.88
2017.09.14 19:07:21.780,0.88892,0.88902,1.50,1.88
2017.09.14 19:07:23.695,0.88892,0.88902,1.50,1.88
2017.09.14 19:07:24.745,0.88892,0.88902,1.88,1.50
2017.09.14 19:07:25.551,0.88892,0.88902,1.50,1.31
2017.09.14 19:07:26.082,0.88892,0.88902,2.06,1.63
2017.09.14 19:07:28.007,0.88893,0.88903,1.50,1.31
2017.09.14 19:07:28.406,0.88892,0.88903,2.63,2.25
2017.09.14 19:07:28.910,0.88892,0.88903,1.87,4.31
2017.09.14 19:07:29.881,0.88892,0.88901,1.87,1.00
2017.09.14 19:07:30.476,0.88894,0.88903,1.50,1.62
2017.09.14 19:07:31.190,0.88893,0.88902,2.25,1.69
2017.09.14 19:07:31.704,0.88893,0.88903,1.50,1.50
2017.09.14 19:07:32.226,0.88892,0.88903,2.44,1.88
2017.09.14 19:07:33.141,0.88892,0.88903,1.87,1.87
2017.09.14 19:07:33.498,0.88894,0.88903,1.50,2.44
2017.09.14 19:07:33.553,0.88892,0.88902,1.50,1.87
2017.09.14 19:07:34.067,0.88894,0.88905,2.44,2.62
2017.09.14 19:07:34.735,0.88894,0.88905,2.63,2.44
2017.09.14 19:07:35.246,0.88894,0.88904,1.69,1.00
2017.09.14 19:07:35.757,0.88895,0.88906,1.87,4.69
2017.09.14 19:07:36.388,0.88895,0.88906,1.87,3.00
2017.09.14 19:07:36.906,0.88895,0.88905,1.87,1.19
2017.09.14 19:07:37.426,0.88894,0.88906,1.87,5.25
2017.09.14 19:07:37.936,0.88894,0.88905,1.87,3.19
2017.09.14 19:07:38.502,0.88894,0.88905,1.87,3.94
2017.09.14 19:07:39.557,0.88895,0.88905,1.12,3.37
2017.09.14 19:07:40.277,0.88894,0.88904,3.75,1.19
2017.09.14 19:07:40.813,0.88894,0.88905,3.00,4.31
2017.09.14 19:07:41.325,0.88894,0.88905,1.50,1.69
2017.09.14 19:07:43.625,0.88894,0.88905,2.44,2.63
2017.09.14 19:07:44.139,0.88894,0.88905,2.06,1.69
2017.09.14 19:07:44.862,0.88894,0.88906,2.81,6.37
2017.09.14 19:07:45.407,0.88894,0.88905,3.19,1.38
2017.09.14 19:07:45.459,0.88896,0.88907,1.50,3.37
2017.09.14 19:07:45.612,0.88895,0.88905,1.69,2.06
2017.09.14 19:07:45.766,0.88893,0.88904,1.87,4.31
2017.09.14 19:07:46.333,0.88892,0.88903,3.00,2.00
2017.09.14 19:07:46.838,0.88892,0.88903,2.62,1.81
2017.09.14 19:07:47.673,0.88892,0.88903,3.00,2.62
2017.09.14 19:07:48.183,0.88892,0.88903,3.00,3.37
2017.09.14 19:07:48.800,0.88894,0.88903,1.50,2.44
2017.09.14 19:07:49.106,0.88894,0.88904,1.50,4.50
2017.09.14 19:07:50.344,0.88894,0.88904,1.69,1.63
2017.09.14 19:07:50.859,0.88894,0.88904,1.50,1.19
2017.09.14 19:07:51.467,0.88894,0.88904,1.69,1.63
2017.09.14 19:07:52.010,0.88894,0.88904,1.50,2.44
2017.09.14 19:07:52.294,0.88894,0.88902,1.50,1.19
2017.09.14 19:07:53.198,0.88894,0.88902,1.50,1.25
2017.09.14 19:07:53.993,0.88894,0.88902,1.50,1.63
2017.09.14 19:07:54.519,0.88894,0.88903,1.50,2.25
2017.09.14 19:07:55.941,0.88894,0.88904,1.50,2.63
2017.09.14 19:07:56.442,0.88893,0.88903,1.50,3.37
2017.09.14 19:07:58.031,0.88893,0.88903,1.50,4.31
2017.09.14 19:07:58.085,0.88893,0.88903,1.50,3.00
2017.09.14 19:08:00.267,0.88892,0.88903,2.25,2.63
2017.09.14 19:08:00.477,0.88892,0.88901,1.00,2.06
2017.09.14 19:08:01.063,0.88893,0.88901,1.50,1.00
2017.09.14 19:08:01.217,0.88891,0.88901,2.06,2.06
2017.09.14 19:08:02.315,0.88891,0.88901,1.69,1.69
2017.09.14 19:08:02.970,0.88891,0.88902,1.50,2.81
2017.09.14 19:08:03.564,0.88892,0.88901,1.50,1.12
2017.09.14 19:08:05.788,0.88892,0.88902,1.50,2.25
2017.09.14 19:08:06.328,0.88892,0.88902,1.88,2.81
2017.09.14 19:08:06.638,0.88889,0.889,2.62,1.69
2017.09.14 19:08:07.184,0.88889,0.889,3.00,1.87
2017.09.14 19:08:07.724,0.88889,0.889,2.25,2.81
2017.09.14 19:08:08.490,0.88889,0.889,1.88,2.81
2017.09.14 19:08:09.115,0.88891,0.889,1.00,4.31
2017.09.14 19:08:09.457,0.88892,0.88901,1.50,1.12
2017.09.14 19:08:09.815,0.88891,0.88901,2.44,1.88
2017.09.14 19:08:09.918,0.88891,0.88901,2.25,1.25
2017.09.14 19:08:12.722,0.8889,0.889,3.00,1.00
2017.09.14 19:08:13.231,0.8889,0.88901,3.00,1.50
2017.09.14 19:08:14.023,0.8889,0.88901,2.63,1.63
2017.09.14 19:08:14.532,0.8889,0.88901,2.25,1.00
2017.09.14 19:08:15.379,0.8889,0.88901,2.63,1.38
2017.09.14 19:08:15.896,0.8889,0.88901,2.25,1.00
2017.09.14 19:08:17.233,0.8889,0.88902,3.00,5.63
2017.09.14 19:08:17.784,0.88891,0.88902,2.44,1.69
2017.09.14 19:08:18.120,0.88892,0.88902,1.25,1.13
2017.09.14 19:08:18.325,0.8889,0.889,2.81,1.13
2017.09.14 19:08:18.855,0.88889,0.889,4.31,1.63
2017.09.14 19:08:19.365,0.88889,0.88899,3.37,1.13
2017.09.14 19:08:20.557,0.88889,0.88899,4.50,1.50
2017.09.14 19:08:23.127,0.88889,0.88899,4.12,1.00
2017.09.14 19:08:24.344,0.88889,0.889,4.50,3.00
2017.09.14 19:08:26.306,0.88891,0.889,1.50,1.69
2017.09.14 19:08:26.358,0.8889,0.88901,2.06,1.69
2017.09.14 19:08:26.462,0.8889,0.889,2.62,1.56
2017.09.14 19:08:26.980,0.8889,0.88899,1.50,1.50
2017.09.14 19:08:27.522,0.8889,0.889,3.00,1.25
2017.09.14 19:08:28.081,0.8889,0.889,1.50,1.63
2017.09.14 19:08:28.978,0.8889,0.88899,1.50,1.63
2017.09.14 19:08:29.786,0.8889,0.88901,3.56,2.06
2017.09.14 19:08:30.082,0.88892,0.88901,1.50,1.13
2017.09.14 19:08:30.392,0.88894,0.88903,1.00,1.00
2017.09.14 19:08:31.035,0.88893,0.88903,1.50,1.25
2017.09.14 19:08:31.677,0.88893,0.88903,1.50,1.69
2017.09.14 19:08:32.347,0.88893,0.88902,1.50,1.50
2017.09.14 19:08:32.854,0.88893,0.88904,2.63,3.19
2017.09.14 19:08:33.619,0.88894,0.88904,1.50,4.69
2017.09.14 19:08:34.618,0.88894,0.88904,1.50,2.44
2017.09.14 19:08:35.119,0.88895,0.88905,2.63,1.88
2017.09.14 19:08:35.273,0.88894,0.88905,3.00,2.81
2017.09.14 19:08:35.826,0.88895,0.88905,1.50,1.12
2017.09.14 19:08:36.186,0.88895,0.88905,1.50,2.06
2017.09.14 19:08:36.734,0.88895,0.88906,1.50,4.31
2017.09.14 19:08:37.368,0.88894,0.88904,1.00,2.44
2017.09.14 19:08:37.829,0.88893,0.88902,2.44,1.31
2017.09.14 19:08:38.392,0.88893,0.88902,2.25,1.25
2017.09.14 19:08:38.935,0.88893,0.88902,2.62,1.63
2017.09.14 19:08:39.628,0.88893,0.88902,2.25,1.31
2017.09.14 19:08:41.481,0.88893,0.88902,2.44,2.25
2017.09.14 19:08:42.427,0.88893,0.88904,2.25,5.81
2017.09.14 19:08:42.942,0.88892,0.88902,1.87,2.44
2017.09.14 19:08:43.249,0.88892,0.88902,1.50,5.44
2017.09.14 19:08:44.758,0.88892,0.88902,1.50,1.87
2017.09.14 19:08:47.774,0.88892,0.88902,2.25,1.50
2017.09.14 19:08:48.736,0.88893,0.88903,3.00,1.87
2017.09.14 19:08:48.992,0.88891,0.88902,3.19,2.06
2017.09.14 19:08:49.684,0.88891,0.88902,4.50,1.56
2017.09.14 19:08:50.186,0.88891,0.889,3.19,1.00
2017.09.14 19:08:50.691,0.88891,0.88902,2.25,1.88
2017.09.14 19:08:51.343,0.88891,0.88902,2.25,1.88
2017.09.14 19:08:52.963,0.88892,0.88901,1.50,1.50
2017.09.14 19:08:55.306,0.88891,0.88902,3.56,1.69
2017.09.14 19:08:55.972,0.88892,0.88902,1.00,1.12
2017.09.14 19:08:56.486,0.88892,0.88902,1.12,2.25
2017.09.14 19:08:57.495,0.88892,0.88902,1.12,1.87
2017.09.14 19:08:57.900,0.88891,0.889,2.06,2.63
2017.09.14 19:08:58.414,0.8889,0.889,1.50,3.38
2017.09.14 19:08:58.962,0.8889,0.889,1.12,1.00
2017.09.14 19:08:59.436,0.88892,0.88901,1.50,4.87
2017.09.14 19:08:59.947,0.88892,0.88901,1.50,2.25
2017.09.14 19:09:00.511,0.88892,0.88902,1.50,3.94
2017.09.14 19:09:01.053,0.88892,0.88901,1.69,1.25
2017.09.14 19:09:02.018,0.88892,0.88902,1.50,2.44
2017.09.14 19:09:05.610,0.88892,0.88902,4.31,1.50
2017.09.14 19:09:05.814,0.88893,0.88903,1.50,1.88
2017.09.14 19:09:06.523,0.88893,0.88902,1.69,1.50
2017.09.14 19:09:06.881,0.88892,0.88901,1.69,1.44
2017.09.14 19:09:07.137,0.88891,0.88902,3.56,1.00
2017.09.14 19:09:07.650,0.88892,0.88903,2.25,4.50
2017.09.14 19:09:08.635,0.88892,0.88902,2.63,3.00
2017.09.14 19:09:09.148,0.88891,0.88901,1.00,4.69
2017.09.14 19:09:09.760,0.88891,0.88901,1.00,1.12
2017.09.14 19:09:10.295,0.88891,0.88902,3.00,3.56
2017.09.14 19:09:11.049,0.88891,0.88901,3.19,1.31
2017.09.14 19:09:11.638,0.88891,0.88902,3.00,3.38
2017.09.14 19:09:12.997,0.88891,0.88902,4.13,5.25
2017.09.14 19:09:13.099,0.88891,0.889,1.00,1.69
2017.09.14 19:09:13.647,0.88891,0.88902,1.00,6.38
2017.09.14 19:09:14.423,0.88892,0.88902,2.25,3.94
2017.09.14 19:09:14.988,0.88892,0.88901,1.25,1.50
2017.09.14 19:09:19.389,0.88892,0.88901,1.12,1.87
2017.09.14 19:09:19.763,0.88893,0.88902,2.25,1.00
2017.09.14 19:09:20.351,0.88892,0.88901,1.12,2.81
2017.09.14 19:09:20.987,0.88891,0.88901,3.56,1.69
2017.09.14 19:09:21.245,0.88894,0.88902,1.00,2.25
2017.09.14 19:09:21.552,0.88892,0.88901,2.62,2.06
2017.09.14 19:09:22.440,0.88891,0.889,4.50,1.13
2017.09.14 19:09:22.984,0.88891,0.88901,3.00,1.50
2017.09.14 19:09:25.053,0.88891,0.889,3.00,1.12
2017.09.14 19:09:25.605,0.88891,0.88902,3.00,5.63
2017.09.14 19:09:26.209,0.88891,0.88901,3.37,1.69
2017.09.14 19:09:28.124,0.88891,0.88902,3.00,4.31
2017.09.14 19:09:28.636,0.88894,0.88902,1.50,2.06
2017.09.14 19:09:29.178,0.88893,0.88902,1.50,1.00
2017.09.14 19:09:29.747,0.88893,0.88901,1.50,1.00
2017.09.14 19:09:30.402,0.88893,0.88902,1.50,1.50
2017.09.14 19:09:30.924,0.88893,0.88901,1.69,1.00
2017.09.14 19:09:31.265,0.88894,0.88903,2.62,1.12
2017.09.14 19:09:32.097,0.88894,0.88903,2.25,1.87
2017.09.14 19:09:32.834,0.88894,0.88902,2.63,1.00
2017.09.14 19:09:33.980,0.88894,0.88903,1.50,1.12
2017.09.14 19:09:35.982,0.88894,0.88904,3.00,2.25
2017.09.14 19:09:37.055,0.88894,0.88904,3.38,3.37
2017.09.14 19:09:40.480,0.88894,0.88904,2.44,1.37
2017.09.14 19:09:42.200,0.88895,0.88903,1.50,1.88
2017.09.14 19:09:42.252,0.88893,0.88903,2.25,1.13
2017.09.14 19:09:42.356,0.88895,0.88905,1.00,5.44
2017.09.14 19:09:42.714,0.88896,0.88903,1.00,1.00
2017.09.14 19:09:43.072,0.88894,0.88903,2.25,1.88
2017.09.14 19:09:45.004,0.88895,0.88904,1.50,2.25
2017.09.14 19:09:45.516,0.88894,0.88904,2.62,5.25
2017.09.14 19:09:45.961,0.88897,0.88904,1.50,1.87
2017.09.14 19:09:46.321,0.88895,0.88903,1.00,1.44
2017.09.14 19:09:46.832,0.88894,0.88903,1.50,1.31
2017.09.14 19:09:47.526,0.88893,0.88902,2.62,1.00
2017.09.14 19:09:48.425,0.88893,0.88901,1.50,1.50
2017.09.14 19:09:49.039,0.88892,0.88901,2.62,1.00
2017.09.14 19:09:49.575,0.88893,0.88903,2.25,2.44
2017.09.14 19:09:50.087,0.88893,0.88902,2.63,1.88
2017.09.14 19:09:50.831,0.88893,0.88902,2.44,2.06
2017.09.14 19:09:51.380,0.88893,0.88903,2.25,3.19
2017.09.14 19:09:52.148,0.88894,0.88904,1.69,1.12
2017.09.14 19:09:52.456,0.88893,0.88903,2.25,1.88
2017.09.14 19:09:53.135,0.88893,0.88903,2.25,1.25
2017.09.14 19:09:53.802,0.88893,0.88903,2.25,1.31
2017.09.14 19:09:56.339,0.88893,0.88903,2.62,3.38
2017.09.14 19:09:58.020,0.88893,0.88903,3.19,3.56
2017.09.14 19:09:58.824,0.88895,0.88903,1.50,5.06
2017.09.14 19:09:58.877,0.88895,0.88903,1.50,1.12
2017.09.14 19:09:59.198,0.88897,0.88905,1.50,1.12
2017.09.14 19:09:59.506,0.88899,0.88908,1.50,4.88
2017.09.14 19:09:59.967,0.88898,0.88905,1.50,1.00
2017.09.14 19:10:00.564,0.88897,0.88905,1.50,1.00
2017.09.14 19:10:00.761,0.88895,0.88904,4.12,1.69
2017.09.14 19:10:01.279,0.88896,0.88904,1.50,1.12
2017.09.14 19:10:02.006,0.88896,0.88905,1.50,2.44
2017.09.14 19:10:02.111,0.88899,0.88905,1.50,1.00
2017.09.14 19:10:02.216,0.88899,0.88907,1.50,1.50
2017.09.14 19:10:03.173,0.88899,0.88906,1.50,1.13
2017.09.14 19:10:07.170,0.88899,0.88907,1.50,1.12
2017.09.14 19:10:09.663,0.88899,0.88909,2.81,1.13
2017.09.14 19:10:09.714,0.88901,0.88909,1.00,1.25
2017.09.14 19:10:10.039,0.88899,0.88907,1.50,1.13
2017.09.14 19:10:10.605,0.88899,0.88908,1.50,1.88
2017.09.14 19:10:11.128,0.88899,0.88907,1.50,1.00
2017.09.14 19:10:11.964,0.88899,0.88907,1.50,1.37
2017.09.14 19:10:13.692,0.88899,0.88909,1.50,5.81
2017.09.14 19:10:15.277,0.88901,0.88909,1.50,5.06
2017.09.14 19:10:15.686,0.88899,0.88908,1.00,2.25
2017.09.14 19:10:15.738,0.88897,0.88907,2.25,1.50
2017.09.14 19:10:16.268,0.88897,0.88907,1.87,3.75
2017.09.14 19:10:17.912,0.88897,0.88907,2.25,2.44
2017.09.14 19:10:18.618,0.88901,0.88908,1.50,2.06
2017.09.14 19:10:19.129,0.88901,0.88909,1.50,1.12
2017.09.14 19:10:20.917,0.88901,0.8891,1.50,4.69
2017.09.14 19:10:22.356,0.889,0.88909,3.37,1.00
2017.09.14 19:10:23.491,0.88901,0.88909,1.88,1.12
2017.09.14 19:10:23.998,0.88901,0.8891,1.50,4.88
2017.09.14 19:10:24.305,0.88901,0.88909,1.50,1.62
2017.09.14 19:10:25.461,0.88901,0.88909,1.50,1.12
2017.09.14 19:10:27.394,0.88901,0.8891,1.50,3.00
2017.09.14 19:10:28.319,0.88901,0.88909,1.50,2.06
2017.09.14 19:10:28.892,0.88901,0.8891,1.50,3.56
2017.09.14 19:10:29.400,0.88901,0.88909,1.69,2.81
2017.09.14 19:10:30.846,0.88901,0.88909,1.50,1.37
2017.09.14 19:10:32.421,0.88901,0.8891,1.87,4.50
2017.09.14 19:10:34.852,0.889,0.88909,1.87,3.00
2017.09.14 19:10:35.468,0.889,0.88909,1.50,1.00
2017.09.14 19:10:35.969,0.88899,0.88908,1.50,2.25
2017.09.14 19:10:36.288,0.88901,0.8891,1.50,1.87
2017.09.14 19:10:37.757,0.889,0.8891,2.62,3.19
2017.09.14 19:10:38.779,0.889,0.88909,1.50,2.25
2017.09.14 19:10:39.736,0.889,0.8891,1.50,5.25
2017.09.14 19:10:42.204,0.889,0.88908,1.50,1.00
2017.09.14 19:10:42.892,0.889,0.88909,1.50,1.00
2017.09.14 19:10:43.501,0.889,0.88909,1.87,1.38
2017.09.14 19:10:45.037,0.889,0.88909,1.50,1.88
2017.09.14 19:10:45.957,0.889,0.88909,1.88,1.63
2017.09.14 19:10:46.478,0.889,0.88909,1.87,1.88
2017.09.14 19:10:48.579,0.889,0.88909,2.25,2.25
2017.09.14 19:10:49.698,0.889,0.8891,1.50,3.94
2017.09.14 19:10:53.510,0.889,0.88909,1.87,2.25
2017.09.14 19:10:54.835,0.889,0.88909,1.87,1.00
2017.09.14 19:10:56.505,0.889,0.88908,1.50,2.44
2017.09.14 19:10:57.033,0.88899,0.88908,1.50,1.00
2017.09.14 19:10:59.520,0.88899,0.88909,2.25,1.00
2017.09.14 19:10:59.833,0.88899,0.88907,2.62,1.00
2017.09.14 19:10:59.886,0.88901,0.8891,1.50,1.37
2017.09.14 19:10:59.989,0.88901,0.88911,1.69,2.44
2017.09.14 19:11:00.493,0.88901,0.8891,2.25,1.00
2017.09.14 19:11:01.093,0.88901,0.8891,2.44,2.81
2017.09.14 19:11:01.619,0.88901,0.8891,1.50,1.25
2017.09.14 19:11:02.143,0.88902,0.8891,1.88,2.06
2017.09.14 19:11:02.885,0.88902,0.88911,1.50,3.19
2017.09.14 19:11:03.463,0.88902,0.8891,1.50,1.00
2017.09.14 19:11:07.196,0.88902,0.88911,1.50,3.75
2017.09.14 19:11:07.796,0.88902,0.8891,1.69,2.06
2017.09.14 19:11:08.322,0.88902,0.88909,1.50,1.00
2017.09.14 19:11:08.832,0.88902,0.8891,1.50,1.00
2017.09.14 19:11:11.104,0.88902,0.88909,1.50,1.00
2017.09.14 19:11:15.736,0.88901,0.88909,1.50,1.00
2017.09.14 19:11:16.106,0.88899,0.88909,4.87,1.13
2017.09.14 19:11:16.261,0.88899,0.88907,1.87,1.31
2017.09.14 19:11:17.007,0.88899,0.88908,1.50,2.44
2017.09.14 19:11:17.321,0.88898,0.88907,1.69,3.56
2017.09.14 19:11:17.696,0.88896,0.88905,1.50,1.88
2017.09.14 19:11:18.233,0.88896,0.88904,1.50,2.06
2017.09.14 19:11:18.811,0.88896,0.88905,1.50,3.56
2017.09.14 19:11:20.941,0.88896,0.88904,1.50,2.06
2017.09.14 19:11:21.666,0.88895,0.88904,1.50,3.00
2017.09.14 19:11:22.533,0.88895,0.88904,1.50,2.25
2017.09.14 19:11:23.241,0.88894,0.88904,2.81,2.25
2017.09.14 19:11:23.798,0.88894,0.88904,2.44,2.25
2017.09.14 19:11:24.342,0.88895,0.88904,1.69,5.63
2017.09.14 19:11:24.911,0.88895,0.88904,1.50,3.75
2017.09.14 19:11:26.195,0.88895,0.88903,1.50,1.00
2017.09.14 19:11:27.590,0.88898,0.88904,1.50,1.00
2017.09.14 19:11:28.958,0.88896,0.88904,1.87,1.31
2017.09.14 19:11:29.658,0.88895,0.88903,1.87,1.00
2017.09.14 19:11:30.191,0.88895,0.88904,1.50,2.25
2017.09.14 19:11:30.794,0.88896,0.88904,1.50,2.81
2017.09.14 19:11:31.340,0.88896,0.88904,1.50,1.37
2017.09.14 19:11:32.266,0.88898,0.88905,1.50,1.87
2017.09.14 19:11:32.471,0.88899,0.88906,1.69,1.00
2017.09.14 19:11:33.017,0.88899,0.88907,1.50,1.87
2017.09.14 19:11:33.527,0.88898,0.88907,1.88,1.87
2017.09.14 19:11:34.034,0.88898,0.88906,1.87,1.12
2017.09.14 19:11:35.096,0.88898,0.88906,1.88,1.50
2017.09.14 19:11:35.628,0.88898,0.88906,1.69,1.69
2017.09.14 19:11:38.363,0.88898,0.88908,1.69,3.75
2017.09.14 19:11:39.954,0.88898,0.88908,2.81,4.88
2017.09.14 19:11:40.467,0.88898,0.88908,1.50,3.00
2017.09.14 19:11:40.977,0.88899,0.88908,1.50,2.06
2017.09.14 19:11:43.836,0.88898,0.88907,1.69,1.69
2017.09.14 19:11:52.885,0.88898,0.88908,2.44,2.62
2017.09.14 19:11:54.894,0.88898,0.88908,1.87,3.19
2017.09.14 19:11:55.752,0.88896,0.88903,1.87,1.00
2017.09.14 19:11:55.804,0.88894,0.88903,2.62,1.44
2017.09.14 19:12:00.142,0.88893,0.88902,1.50,1.12
2017.09.14 19:12:02.834,0.88892,0.88902,1.50,2.06
2017.09.14 19:12:03.365,0.88892,0.88901,1.50,1.25
2017.09.14 19:12:03.913,0.88892,0.88902,1.50,2.06
2017.09.14 19:12:05.718,0.88892,0.88901,1.50,1.00
2017.09.14 19:12:06.292,0.88892,0.88902,1.50,2.06
2017.09.14 19:12:07.333,0.88892,0.88901,1.50,1.00
2017.09.14 19:12:08.384,0.88893,0.88902,1.50,1.12
2017.09.14 19:12:08.933,0.88892,0.88902,1.87,1.12
2017.09.14 19:12:12.453,0.88892,0.88902,2.63,3.75
2017.09.14 19:12:13.605,0.88892,0.88902,2.25,2.63
2017.09.14 19:12:14.681,0.88892,0.88902,1.87,1.12
2017.09.14 19:12:15.213,0.88892,0.88901,1.88,1.31
2017.09.14 19:12:15.865,0.88894,0.88901,1.50,1.00
2017.09.14 19:12:19.914,0.88894,0.88901,1.50,2.63
2017.09.14 19:12:22.383,0.88892,0.88901,1.50,1.87
2017.09.14 19:12:22.486,0.88891,0.88898,1.50,1.25
2017.09.14 19:12:22.537,0.88888,0.88897,3.75,1.00
2017.09.14 19:12:23.606,0.8889,0.88897,1.50,1.00
2017.09.14 19:12:23.658,0.88891,0.88899,1.50,1.12
2017.09.14 19:12:24.176,0.88891,0.88899,1.50,2.81
2017.09.14 19:12:24.679,0.88891,0.88899,1.50,1.69
2017.09.14 19:12:27.187,0.8889,0.88899,1.50,2.81
2017.09.14 19:12:27.699,0.88891,0.889,1.50,1.31
2017.09.14 19:12:29.889,0.88891,0.889,2.06,2.25
2017.09.14 19:12:30.779,0.88891,0.889,1.50,1.31
2017.09.14 19:12:34.603,0.88893,0.88901,1.50,1.25
2017.09.14 19:12:34.906,0.88895,0.88903,1.50,1.69
2017.09.14 19:12:35.465,0.88896,0.88903,1.50,2.06
2017.09.14 19:12:39.850,0.88896,0.88903,1.50,1.37
2017.09.14 19:12:40.982,0.88896,0.88903,1.50,1.00
2017.09.14 19:12:41.685,0.88896,0.88904,1.50,2.25
2017.09.14 19:12:43.713,0.88894,0.88904,1.87,2.06
2017.09.14 19:12:44.490,0.88894,0.88903,2.44,1.25
2017.09.14 19:12:45.916,0.88895,0.88903,1.50,1.25
2017.09.14 19:12:46.439,0.88895,0.88904,1.50,3.00
2017.09.14 19:12:47.677,0.88895,0.88903,1.50,1.25
2017.09.14 19:12:48.196,0.88895,0.88904,1.50,3.75
2017.09.14 19:12:48.862,0.88894,0.88904,1.87,3.94
2017.09.14 19:12:49.366,0.88894,0.88903,1.87,1.00
2017.09.14 19:12:50.075,0.88893,0.88903,2.81,1.00
2017.09.14 19:12:51.790,0.88894,0.88903,1.00,1.88
2017.09.14 19:12:56.278,0.88893,0.88902,1.87,2.06
2017.09.14 19:12:56.330,0.88892,0.88902,1.87,2.25
2017.09.14 19:12:56.858,0.88892,0.88901,1.87,1.00
2017.09.14 19:12:58.730,0.88892,0.88902,2.06,2.25
2017.09.14 19:13:00.541,0.88892,0.88902,4.88,1.12
2017.09.14 19:13:01.827,0.88893,0.88903,1.00,2.06
2017.09.14 19:13:03.051,0.88894,0.88903,1.00,1.12
2017.09.14 19:13:03.739,0.88893,0.88904,3.00,1.87
2017.09.14 19:13:09.764,0.88891,0.88901,7.31,1.00
2017.09.14 19:13:10.322,0.88891,0.88902,3.38,1.00
2017.09.14 19:13:11.055,0.88891,0.88902,3.00,1.37
2017.09.14 19:13:11.764,0.88892,0.88901,1.25,1.25
2017.09.14 19:13:12.411,0.88891,0.88902,3.00,2.25
2017.09.14 19:13:12.936,0.88891,0.88901,4.13,1.00
2017.09.14 19:13:13.797,0.88891,0.889,1.87,1.00
2017.09.14 19:13:14.343,0.8889,0.88901,3.00,3.19
2017.09.14 19:13:14.858,0.8889,0.88901,3.00,3.19
2017.09.14 19:13:16.462,0.8889,0.889,3.38,1.50
2017.09.14 19:13:17.076,0.8889,0.88901,2.81,3.38
2017.09.14 19:13:17.578,0.8889,0.88901,2.25,3.94
2017.09.14 19:13:18.944,0.88889,0.889,3.00,2.06
2017.09.14 19:13:19.130,0.88888,0.88899,2.81,2.44
2017.09.14 19:13:19.785,0.88888,0.88899,3.94,3.19
2017.09.14 19:13:20.330,0.88888,0.88899,2.63,3.38
2017.09.14 19:13:22.064,0.88887,0.88896,4.31,1.00
2017.09.14 19:13:22.319,0.88887,0.88896,1.50,1.00
2017.09.14 19:13:22.839,0.88888,0.88896,1.00,1.00
2017.09.14 19:13:23.433,0.88887,0.88896,2.81,1.00
2017.09.14 19:13:26.548,0.88887,0.88896,3.00,1.12
2017.09.14 19:13:29.371,0.88887,0.88896,4.88,1.00
2017.09.14 19:13:29.957,0.88888,0.88896,2.81,1.00
2017.09.14 19:13:30.009,0.88888,0.88899,3.00,4.88
2017.09.14 19:13:30.512,0.88888,0.88898,2.81,2.25
2017.09.14 19:13:31.118,0.88888,0.88899,2.25,6.00
2017.09.14 19:13:31.632,0.88888,0.88898,2.06,1.87
2017.09.14 19:13:32.488,0.88888,0.88897,2.06,1.12
2017.09.14 19:13:33.028,0.88888,0.88898,2.06,1.50
2017.09.14 19:13:33.957,0.88888,0.88898,2.44,2.81
2017.09.14 19:13:34.561,0.88888,0.88898,1.87,3.00
2017.09.14 19:13:36.108,0.88889,0.88899,2.44,1.87
2017.09.14 19:13:36.416,0.88889,0.889,2.25,3.75
2017.09.14 19:13:36.960,0.88889,0.889,2.44,3.75
2017.09.14 19:13:37.722,0.88889,0.88899,2.63,1.69
2017.09.14 19:13:38.421,0.88889,0.889,2.44,4.31
2017.09.14 19:13:38.976,0.88889,0.889,2.81,4.50
2017.09.14 19:13:39.564,0.8889,0.889,1.13,5.81
2017.09.14 19:13:40.362,0.88889,0.889,3.00,3.75
2017.09.14 19:13:40.863,0.8889,0.889,1.00,4.50
2017.09.14 19:13:41.893,0.88889,0.889,3.00,3.75
2017.09.14 19:13:43.200,0.88889,0.889,3.00,4.13
2017.09.14 19:13:43.744,0.88892,0.88899,1.00,1.00
2017.09.14 19:13:44.100,0.88889,0.889,3.00,3.94
2017.09.14 19:13:47.282,0.88889,0.88899,3.00,1.00
2017.09.14 19:13:50.782,0.88889,0.88899,2.06,2.62
2017.09.14 19:13:51.893,0.8889,0.88899,1.00,1.12
2017.09.14 19:13:52.813,0.8889,0.88899,1.12,1.50
2017.09.14 19:13:55.114,0.88889,0.88899,3.38,2.81
2017.09.14 19:13:55.652,0.88891,0.88899,1.88,1.00
2017.09.14 19:13:56.173,0.88891,0.88899,1.88,1.00
2017.09.14 19:13:56.675,0.88891,0.88901,3.75,1.87
2017.09.14 19:13:57.403,0.88891,0.88901,3.75,4.31
2017.09.14 19:13:57.906,0.8889,0.88902,4.13,4.31
2017.09.14 19:13:58.531,0.8889,0.88902,4.12,4.50
2017.09.14 19:13:58.735,0.8889,0.88901,6.19,1.50
2017.09.14 19:13:59.695,0.8889,0.889,4.50,1.00
2017.09.14 19:14:00.613,0.88893,0.88901,2.25,1.87
2017.09.14 19:14:00.767,0.88897,0.88907,1.69,1.50
2017.09.14 19:14:01.278,0.88898,0.88908,1.87,4.31
2017.09.14 19:14:05.206,0.88897,0.88907,1.12,1.50
2017.09.14 19:14:05.866,0.88897,0.88907,1.19,3.38
2017.09.14 19:14:06.579,0.88896,0.88907,4.88,1.31
2017.09.14 19:14:07.096,0.88898,0.88908,2.06,2.81
2017.09.14 19:14:08.992,0.88898,0.88908,1.50,3.19
2017.09.14 19:14:09.219,0.88895,0.88906,4.12,1.88
2017.09.14 19:14:09.425,0.88895,0.88904,1.50,1.69
2017.09.14 19:14:09.735,0.88894,0.88903,1.50,2.81
2017.09.14 19:14:10.240,0.88894,0.88904,1.50,3.00
2017.09.14 19:14:10.998,0.88893,0.88903,1.69,1.63
2017.09.14 19:14:12.338,0.88892,0.88903,2.25,1.31
2017.09.14 19:14:14.852,0.88894,0.88904,1.25,3.19
2017.09.14 19:14:15.493,0.88894,0.88903,1.00,3.00
2017.09.14 19:14:16.002,0.88894,0.88903,2.81,1.50
2017.09.14 19:14:16.654,0.88893,0.88904,2.81,4.69
2017.09.14 19:14:17.164,0.88894,0.88903,1.50,1.88
2017.09.14 19:14:17.707,0.88894,0.88904,1.50,3.94
2017.09.14 19:14:19.837,0.88894,0.88903,2.25,1.31
2017.09.14 19:14:20.341,0.88894,0.88904,2.06,3.94
2017.09.14 19:14:21.113,0.88895,0.88904,1.00,4.69
2017.09.14 19:14:21.165,0.88895,0.88904,1.00,5.06
2017.09.14 19:14:21.268,0.88895,0.88904,1.00,1.13
2017.09.14 19:14:21.952,0.88895,0.88903,1.25,1.13
2017.09.14 19:14:26.680,0.88895,0.88904,1.00,3.00
2017.09.14 19:14:28.002,0.88895,0.88903,1.00,2.25
2017.09.14 19:14:28.621,0.88895,0.88904,1.00,3.19
2017.09.14 19:14:28.775,0.88895,0.88904,1.00,4.31
2017.09.14 19:14:29.347,0.88893,0.88904,3.38,4.31
2017.09.14 19:14:29.851,0.88893,0.88902,1.00,1.69
2017.09.14 19:14:30.058,0.8889,0.88901,3.94,1.00
2017.09.14 19:14:30.679,0.88891,0.88901,1.31,1.00
2017.09.14 19:14:30.733,0.88891,0.88899,1.13,1.00
2017.09.14 19:14:31.018,0.8889,0.88901,2.06,1.25
2017.09.14 19:14:31.535,0.8889,0.889,3.19,1.25
2017.09.14 19:14:32.393,0.8889,0.889,1.13,1.12
2017.09.14 19:14:32.922,0.8889,0.889,1.38,1.50
2017.09.14 19:14:33.580,0.88891,0.889,1.88,1.50
2017.09.14 19:14:34.107,0.88891,0.889,1.88,1.31
2017.09.14 19:14:35.535,0.88891,0.88899,1.50,1.00
2017.09.14 19:14:36.296,0.88891,0.889,1.50,1.12
2017.09.14 19:14:36.714,0.88888,0.88899,4.13,1.13
2017.09.14 19:14:36.765,0.88887,0.88898,1.50,4.69
2017.09.14 19:14:37.072,0.88889,0.88899,2.63,1.69
2017.09.14 19:14:37.612,0.88889,0.889,1.69,4.31
2017.09.14 19:14:38.974,0.88889,0.88899,3.00,1.50
2017.09.14 19:14:40.273,0.88889,0.889,2.25,3.75
2017.09.14 19:14:40.639,0.8889,0.88901,2.63,3.56
2017.09.14 19:14:41.153,0.8889,0.88899,1.50,1.31
2017.09.14 19:14:41.758,0.88889,0.889,2.44,3.00
2017.09.14 19:14:42.313,0.88889,0.889,3.56,4.13
2017.09.14 19:14:42.807,0.8889,0.889,1.25,1.87
2017.09.14 19:14:43.316,0.88889,0.88899,4.69,1.00
2017.09.14 19:14:44.016,0.88889,0.88899,5.06,1.00
2017.09.14 19:14:45.935,0.88891,0.88901,1.69,3.75
2017.09.14 19:14:45.987,0.88891,0.88901,1.69,3.56
2017.09.14 19:14:47.057,0.88891,0.88901,1.50,4.69
2017.09.14 19:14:48.167,0.88891,0.889,1.87,1.50
2017.09.14 19:14:48.551,0.88889,0.88899,3.00,1.12
2017.09.14 19:14:49.084,0.88889,0.88899,5.81,1.31
2017.09.14 19:14:49.655,0.8889,0.889,1.12,2.06
2017.09.14 19:14:51.327,0.8889,0.88901,2.25,5.06
2017.09.14 19:14:53.882,0.8889,0.889,2.25,2.81
2017.09.14 19:14:53.984,0.8889,0.889,1.87,1.31
2017.09.14 19:14:54.111,0.8889,0.889,2.25,2.81
2017.09.14 19:14:54.579,0.88889,0.889,2.63,1.31
2017.09.14 19:14:55.050,0.8889,0.889,2.44,1.25
2017.09.14 19:14:55.460,0.88888,0.88899,9.19,1.88
2017.09.14 19:14:55.563,0.88888,0.88899,6.19,2.06
2017.09.14 19:14:55.716,0.88891,0.889,1.25,1.12
2017.09.14 19:14:56.234,0.8889,0.88901,2.06,4.69
2017.09.14 19:14:56.646,0.88892,0.88902,1.00,3.37
2017.09.14 19:14:57.210,0.88891,0.88902,1.69,1.00
2017.09.14 19:14:58.244,0.88892,0.88903,1.00,4.69
2017.09.14 19:14:58.754,0.88891,0.88901,2.44,1.00
2017.09.14 19:15:00.274,0.88892,0.88903,1.00,6.00
2017.09.14 19:15:00.326,0.88891,0.88903,6.75,7.50
2017.09.14 19:15:00.898,0.88892,0.88901,1.25,1.25
2017.09.14 19:15:02.774,0.88892,0.88903,1.87,4.31
2017.09.14 19:15:03.318,0.88892,0.88902,1.87,1.50
2017.09.14 19:15:05.036,0.88892,0.88903,1.87,5.06
2017.09.14 19:15:07.229,0.88892,0.88903,4.50,1.12
2017.09.14 19:15:07.738,0.88892,0.88903,3.56,3.00
2017.09.14 19:15:08.386,0.88892,0.88903,6.38,3.19
2017.09.14 19:15:14.191,0.88894,0.88903,1.50,1.31
2017.09.14 19:15:16.814,0.88893,0.88903,1.12,1.31
2017.09.14 19:15:17.754,0.88893,0.88904,1.37,3.94
2017.09.14 19:15:18.513,0.88893,0.88903,2.44,1.63
2017.09.14 19:15:19.173,0.88893,0.88903,2.44,1.69
2017.09.14 19:15:20.213,0.88893,0.88902,4.31,1.00
2017.09.14 19:15:21.703,0.88893,0.88904,1.87,3.19
2017.09.14 19:15:23.187,0.88893,0.88903,1.69,1.31
2017.09.14 19:15:23.696,0.88892,0.88903,3.94,1.25
2017.09.14 19:15:25.187,0.88893,0.88903,1.00,1.88
2017.09.14 19:15:25.798,0.88892,0.88904,5.81,5.25
2017.09.14 19:15:28.997,0.88894,0.88904,1.00,4.50
2017.09.14 19:15:33.523,0.88895,0.88904,1.00,4.69
2017.09.14 19:15:34.050,0.88894,0.88904,1.12,3.94
2017.09.14 19:15:37.607,0.88893,0.88904,1.31,4.69
2017.09.14 19:15:39.380,0.88892,0.88903,3.75,2.25
2017.09.14 19:15:39.865,0.88892,0.88903,3.94,3.00
2017.09.14 19:15:40.223,0.88892,0.88903,4.50,2.25
2017.09.14 19:15:40.671,0.88892,0.88903,6.19,1.87
2017.09.14 19:15:42.684,0.88892,0.88902,1.37,2.44
2017.09.14 19:15:43.197,0.8889,0.88901,3.37,1.50
2017.09.14 19:15:44.225,0.8889,0.88901,3.00,1.50
2017.09.14 19:15:44.756,0.88889,0.889,4.31,1.00
2017.09.14 19:15:44.859,0.88889,0.889,3.75,3.19
2017.09.14 19:15:45.013,0.8889,0.889,1.44,3.37
2017.09.14 19:15:45.746,0.8889,0.88899,1.00,1.00
2017.09.14 19:15:46.265,0.8889,0.88901,1.50,4.31
2017.09.14 19:15:46.805,0.88888,0.889,8.06,3.94
2017.09.14 19:15:47.620,0.88888,0.88899,8.81,1.37
2017.09.14 19:15:48.292,0.88888,0.88899,7.31,1.87
2017.09.14 19:15:50.621,0.88888,0.88897,6.37,1.00
2017.09.14 19:15:53.539,0.88889,0.88899,1.50,2.62
2017.09.14 19:15:54.086,0.88889,0.88898,1.69,1.19
2017.09.14 19:15:54.654,0.88889,0.88899,1.50,3.19
2017.09.14 19:15:55.087,0.88886,0.88899,5.62,5.06
2017.09.14 19:15:55.664,0.88886,0.88898,5.06,3.94
2017.09.14 19:15:56.073,0.88888,0.88898,1.25,4.69
2017.09.14 19:15:56.581,0.88887,0.88898,1.69,1.00
2017.09.14 19:15:57.099,0.88887,0.88899,3.37,3.94
2017.09.14 19:15:57.617,0.88888,0.88898,1.50,1.44
2017.09.14 19:15:58.159,0.88887,0.88899,4.12,5.06
2017.09.14 19:15:58.670,0.88888,0.88898,1.69,1.62
2017.09.14 19:15:59.218,0.88887,0.88899,5.06,5.25
2017.09.14 19:15:59.525,0.88887,0.88898,1.87,1.19
2017.09.14 19:16:00.037,0.88887,0.88897,3.00,1.19
2017.09.14 19:16:00.575,0.88887,0.88898,2.44,2.81
2017.09.14 19:16:01.404,0.88887,0.88898,2.06,7.12
2017.09.14 19:16:03.584,0.88887,0.88898,2.62,3.56
2017.09.14 19:16:05.965,0.88888,0.88898,1.50,1.25
2017.09.14 19:16:06.729,0.88888,0.88897,3.37,1.25
2017.09.14 19:16:07.324,0.88888,0.88898,2.25,1.25
2017.09.14 19:16:07.859,0.88888,0.88898,1.00,1.19
2017.09.14 19:16:08.472,0.88888,0.88898,1.50,2.25
2017.09.14 19:16:09.357,0.88888,0.88898,1.12,2.25
2017.09.14 19:16:12.928,0.88888,0.88897,1.69,1.12
2017.09.14 19:16:13.081,0.88888,0.88896,1.00,1.87
2017.09.14 19:16:13.591,0.88886,0.88897,3.75,5.06
2017.09.14 19:16:14.259,0.88886,0.88895,1.87,2.62
2017.09.14 19:16:14.809,0.88885,0.88894,1.00,1.31
2017.09.14 19:16:15.320,0.88885,0.88895,1.44,2.25
2017.09.14 19:16:15.854,0.88885,0.88894,3.19,1.00
2017.09.14 19:16:16.467,0.88885,0.88895,1.69,3.00
2017.09.14 19:16:17.250,0.88885,0.88894,1.87,1.00
2017.09.14 19:16:17.760,0.88885,0.88895,1.00,2.25
2017.09.14 19:16:20.587,0.88886,0.88895,1.50,1.00
2017.09.14 19:16:21.233,0.88886,0.88896,2.25,1.00
2017.09.14 19:16:22.717,0.88886,0.88895,3.56,1.25
2017.09.14 19:16:23.039,0.88888,0.88896,1.50,1.12
2017.09.14 19:16:26.357,0.8889,0.88898,2.25,2.25
2017.09.14 19:16:26.901,0.88891,0.88899,1.50,1.25
2017.09.14 19:16:27.495,0.88891,0.88898,1.50,1.25
2017.09.14 19:16:28.004,0.88891,0.88899,1.50,2.44
2017.09.14 19:16:29.563,0.88891,0.88898,1.50,1.00
2017.09.14 19:16:30.090,0.88891,0.88899,1.50,1.25
2017.09.14 19:16:31.463,0.8889,0.88899,2.62,1.25
2017.09.14 19:16:32.013,0.88889,0.88899,4.31,3.00
2017.09.14 19:16:32.556,0.88889,0.88898,4.50,1.12
2017.09.14 19:16:33.069,0.88889,0.88899,2.62,1.50
2017.09.14 19:16:34.290,0.8889,0.88899,1.50,1.87
2017.09.14 19:16:34.819,0.88891,0.88899,1.50,3.00
2017.09.14 19:16:35.350,0.88891,0.88898,1.50,1.00
2017.09.14 19:16:36.294,0.88891,0.88899,1.50,1.00
2017.09.14 19:16:36.907,0.8889,0.88899,1.00,1.12
2017.09.14 19:16:37.719,0.8889,0.88898,1.00,1.12
2017.09.14 19:16:38.231,0.8889,0.88899,1.00,1.12
2017.09.14 19:16:39.773,0.88892,0.88898,1.50,1.00
2017.09.14 19:16:40.535,0.88892,0.88899,1.50,1.00
2017.09.14 19:16:40.823,0.8889,0.88899,2.25,1.00
2017.09.14 19:16:41.384,0.8889,0.88898,2.44,1.00
2017.09.14 19:16:41.906,0.8889,0.88899,3.00,1.00
2017.09.14 19:16:42.650,0.8889,0.88899,1.12,1.62
2017.09.14 19:16:43.711,0.8889,0.88899,1.12,1.25
2017.09.14 19:16:44.221,0.88889,0.88898,2.06,1.25
2017.09.14 19:16:44.762,0.88888,0.88899,3.19,2.81
2017.09.14 19:16:45.315,0.88888,0.88899,3.37,3.00
2017.09.14 19:16:45.818,0.88888,0.88898,6.37,1.12
2017.09.14 19:16:46.006,0.88888,0.88898,6.75,1.50
2017.09.14 19:16:46.807,0.88891,0.88899,1.50,1.37
2017.09.14 19:16:47.334,0.88891,0.889,1.12,2.62
2017.09.14 19:16:47.903,0.8889,0.88899,1.00,1.00
2017.09.14 19:16:48.459,0.8889,0.88898,1.00,1.00
2017.09.14 19:16:48.573,0.8889,0.889,2.25,2.25
2017.09.14 19:16:49.086,0.8889,0.88899,3.37,1.00
2017.09.14 19:16:49.188,0.88891,0.88901,1.00,4.12
2017.09.14 19:16:53.879,0.88892,0.88902,1.00,2.06
2017.09.14 19:16:55.151,0.88892,0.88902,1.12,6.00
2017.09.14 19:16:56.391,0.88891,0.88902,2.81,2.81
2017.09.14 19:16:56.932,0.88891,0.88902,2.25,3.00
2017.09.14 19:16:57.785,0.88891,0.88901,3.75,1.50
2017.09.14 19:16:58.421,0.88891,0.88901,3.75,1.31
2017.09.14 19:17:00.897,0.88891,0.88901,3.56,1.00
2017.09.14 19:17:02.317,0.88891,0.88899,2.06,1.00
2017.09.14 19:17:03.251,0.88889,0.88899,4.12,1.25
2017.09.14 19:17:03.813,0.8889,0.889,2.25,1.12
2017.09.14 19:17:04.315,0.88891,0.889,1.50,1.00
2017.09.14 19:17:05.493,0.88891,0.88899,2.62,1.00
2017.09.14 19:17:06.556,0.8889,0.889,2.81,1.00
2017.09.14 19:17:07.237,0.8889,0.88899,3.94,1.00
2017.09.14 19:17:07.816,0.8889,0.889,3.00,1.00
2017.09.14 19:17:09.025,0.8889,0.889,4.69,1.12
2017.09.14 19:17:09.778,0.88892,0.88899,1.50,1.00
2017.09.14 19:17:10.285,0.88892,0.889,2.25,1.00
2017.09.14 19:17:10.908,0.88892,0.88899,2.25,1.00
2017.09.14 19:17:11.509,0.88892,0.889,2.25,1.00
2017.09.14 19:17:12.036,0.88892,0.88899,2.25,1.00
2017.09.14 19:17:12.368,0.88892,0.88901,2.25,2.62
2017.09.14 19:17:12.904,0.88892,0.889,2.62,1.50
2017.09.14 19:17:17.698,0.88892,0.889,1.87,2.25
2017.09.14 19:17:18.963,0.88892,0.889,1.00,1.50
2017.09.14 19:17:21.034,0.88892,0.88901,1.00,2.25
2017.09.14 19:17:22.092,0.88892,0.88901,1.12,2.62
2017.09.14 19:17:22.644,0.88892,0.88901,1.00,2.25
2017.09.14 19:17:23.307,0.8889,0.889,2.25,1.00
2017.09.14 19:17:23.462,0.88888,0.88899,2.44,2.81
2017.09.14 19:17:23.755,0.8889,0.88899,1.50,1.56
2017.09.14 19:17:23.910,0.88891,0.88901,2.62,1.50
2017.09.14 19:17:25.012,0.88891,0.88901,5.62,1.50
2017.09.14 19:17:25.595,0.88895,0.88902,1.50,2.62
2017.09.14 19:17:26.105,0.88894,0.88903,2.62,1.00
2017.09.14 19:17:28.474,0.88894,0.88902,2.81,1.00
2017.09.14 19:17:28.805,0.88898,0.88905,1.50,1.00
2017.09.14 19:17:29.214,0.88896,0.88905,2.44,2.44
2017.09.14 19:17:29.722,0.88897,0.88905,1.50,2.44
2017.09.14 19:17:30.230,0.88897,0.88906,1.50,2.44
2017.09.14 19:17:31.014,0.88897,0.88905,1.50,1.50
2017.09.14 19:17:31.581,0.88897,0.88905,3.37,2.25
2017.09.14 19:17:33.358,0.88897,0.88906,2.62,2.25
2017.09.14 19:17:34.199,0.88898,0.88907,2.62,2.81
2017.09.14 19:17:34.684,0.88901,0.88908,1.50,1.12
2017.09.14 19:17:35.196,0.889,0.88909,1.87,2.44
2017.09.14 19:17:35.797,0.88901,0.88908,2.44,1.00
2017.09.14 19:17:36.341,0.88901,0.88909,2.25,2.25
2017.09.14 19:17:36.894,0.88901,0.88909,2.62,2.25
2017.09.14 19:17:38.200,0.88901,0.88909,2.62,1.00
2017.09.14 19:17:39.781,0.88901,0.88908,3.75,1.00
2017.09.14 19:17:40.315,0.88901,0.88909,3.37,2.25
2017.09.14 19:17:42.115,0.88901,0.8891,3.37,2.62
2017.09.14 19:17:43.247,0.88901,0.88912,2.62,1.44
2017.09.14 19:17:44.436,0.88901,0.88912,2.62,1.37
2017.09.14 19:17:45.266,0.88901,0.88912,3.19,1.62
2017.09.14 19:17:45.978,0.88901,0.88912,2.62,1.12
2017.09.14 19:17:47.064,0.88901,0.88912,2.62,1.12
2017.09.14 19:17:52.226,0.88903,0.88913,1.00,2.06
2017.09.14 19:17:52.660,0.88904,0.88915,1.69,1.87
2017.09.14 19:17:53.947,0.88904,0.88915,1.12,3.00
2017.09.14 19:17:54.965,0.88903,0.88914,3.56,1.50
2017.09.14 19:17:55.809,0.88903,0.88915,3.19,5.06
2017.09.14 19:17:56.346,0.88903,0.88914,3.19,1.31
2017.09.14 19:17:56.853,0.88903,0.88913,1.37,2.81
2017.09.14 19:17:59.183,0.88902,0.88913,2.62,2.25
2017.09.14 19:18:00.595,0.88902,0.88912,1.12,1.50
2017.09.14 19:18:01.100,0.88902,0.88911,1.12,1.50
2017.09.14 19:18:01.612,0.889,0.8891,1.87,1.50
2017.09.14 19:18:02.137,0.889,0.88911,1.37,2.06
2017.09.14 19:18:02.189,0.88899,0.8891,2.62,1.87
2017.09.14 19:18:03.170,0.88899,0.8891,3.75,4.12
2017.09.14 19:18:03.673,0.88899,0.8891,1.12,2.62
2017.09.14 19:18:05.738,0.88898,0.88909,1.87,1.25
2017.09.14 19:18:06.249,0.88897,0.88909,2.81,3.75
2017.09.14 19:18:06.900,0.88897,0.88908,3.37,1.50
2017.09.14 19:18:08.072,0.88898,0.88907,1.00,1.12
2017.09.14 19:18:09.298,0.88897,0.88907,3.37,1.12
2017.09.14 19:18:10.673,0.88897,0.88908,2.62,3.00
2017.09.14 19:18:14.508,0.88896,0.88905,1.00,1.50
2017.09.14 19:18:15.021,0.88895,0.88906,3.56,1.25
2017.09.14 19:18:15.548,0.88895,0.88906,2.81,1.25
2017.09.14 19:18:16.089,0.88895,0.88906,1.50,3.00
2017.09.14 19:18:16.628,0.88895,0.88906,1.12,3.94
2017.09.14 19:18:17.782,0.88894,0.88906,3.56,4.50
2017.09.14 19:18:18.204,0.88894,0.88904,2.06,2.62
2017.09.14 19:18:19.234,0.88894,0.88905,2.62,2.25
2017.09.14 19:18:19.895,0.88894,0.88905,3.37,2.25
2017.09.14 19:18:22.662,0.88894,0.88906,2.62,2.62
2017.09.14 19:18:24.200,0.88894,0.88905,3.37,1.50
2017.09.14 19:18:24.675,0.88894,0.88906,3.56,3.37
2017.09.14 19:18:25.220,0.88894,0.88906,3.56,3.19
2017.09.14 19:18:25.758,0.88894,0.88905,4.69,1.12
2017.09.14 19:18:26.551,0.88894,0.88905,4.31,2.25
2017.09.14 19:18:27.074,0.88894,0.88905,3.94,1.87
2017.09.14 19:18:28.021,0.88894,0.88905,3.56,2.81
2017.09.14 19:18:28.553,0.88894,0.88905,3.00,1.87
2017.09.14 19:18:30.352,0.88894,0.88905,1.87,1.50
2017.09.14 19:18:31.469,0.88894,0.88904,3.00,1.31
2017.09.14 19:18:32.623,0.88894,0.88904,1.87,1.31
2017.09.14 19:18:33.994,0.88894,0.88904,1.87,1.25
2017.09.14 19:18:35.327,0.88894,0.88904,3.00,2.62
2017.09.14 19:18:35.836,0.88894,0.88904,1.87,2.44
2017.09.14 19:18:36.373,0.88894,0.88904,1.87,3.00
2017.09.14 19:18:37.643,0.88895,0.88904,1.50,1.50
2017.09.14 19:18:39.451,0.88895,0.88904,1.50,1.31
2017.09.14 19:18:40.122,0.88895,0.88904,1.50,1.87
2017.09.14 19:18:41.250,0.88895,0.88904,1.50,1.12
2017.09.14 19:18:44.872,0.88895,0.88902,1.50,1.00
2017.09.14 19:18:45.370,0.88893,0.88902,2.62,1.00
2017.09.14 19:18:48.794,0.88893,0.88902,3.37,1.00
2017.09.14 19:18:49.815,0.88893,0.88902,1.69,1.12
2017.09.14 19:18:50.840,0.88893,0.88902,2.25,1.50
2017.09.14 19:18:51.415,0.88893,0.88902,1.25,1.12
2017.09.14 19:18:51.961,0.88892,0.88902,3.19,1.12
2017.09.14 19:18:52.814,0.88892,0.88902,3.19,1.25
2017.09.14 19:18:53.349,0.88892,0.88902,3.00,1.00
2017.09.14 19:18:54.107,0.88893,0.88902,1.00,1.25
2017.09.14 19:18:58.440,0.88893,0.88902,1.50,1.69
2017.09.14 19:18:58.594,0.8889,0.88899,1.31,1.00
2017.09.14 19:18:59.335,0.88889,0.88898,2.81,1.00
2017.09.14 19:19:06.703,0.88891,0.88899,1.69,1.00
2017.09.14 19:19:06.755,0.88891,0.88901,2.44,1.12
2017.09.14 19:19:07.256,0.88891,0.88901,1.87,1.12
2017.09.14 19:19:07.816,0.88892,0.88901,1.69,1.00
2017.09.14 19:19:08.443,0.88892,0.88901,1.31,1.00
2017.09.14 19:19:10.114,0.88892,0.88902,4.12,1.00
2017.09.14 19:19:10.619,0.88894,0.88902,2.06,1.00
2017.09.14 19:19:11.125,0.88894,0.88902,1.69,1.00
2017.09.14 19:19:11.651,0.88894,0.88902,2.44,1.00
2017.09.14 19:19:13.800,0.88894,0.88903,3.00,1.00
2017.09.14 19:19:14.228,0.88895,0.88904,3.94,1.00
2017.09.14 19:19:14.331,0.88895,0.88904,4.50,1.00
2017.09.14 19:19:15.165,0.88895,0.88904,3.75,1.00
2017.09.14 19:19:18.218,0.88898,0.88905,1.50,1.00
2017.09.14 19:19:18.469,0.88898,0.88907,2.25,1.50
2017.09.14 19:19:22.504,0.88898,0.88907,3.00,1.00
2017.09.14 19:19:23.758,0.88896,0.88907,3.00,2.81
2017.09.14 19:19:24.268,0.88896,0.88906,1.12,1.50
2017.09.14 19:19:24.816,0.88896,0.88905,1.12,1.00
2017.09.14 19:19:25.805,0.88896,0.88904,1.12,1.00
2017.09.14 19:19:26.940,0.88894,0.88904,3.19,1.25
2017.09.14 19:19:27.975,0.88894,0.88904,2.81,1.25
2017.09.14 19:19:30.272,0.88894,0.88904,3.00,1.12
2017.09.14 19:19:32.418,0.88894,0.88904,2.62,1.00
2017.09.14 19:19:32.928,0.88895,0.88904,1.12,1.00
2017.09.14 19:19:33.782,0.88894,0.88904,4.31,1.12
2017.09.14 19:19:34.388,0.88895,0.88903,2.06,1.00
2017.09.14 19:19:34.899,0.88895,0.88904,2.25,1.12
2017.09.14 19:19:35.446,0.88895,0.88903,1.50,1.00
2017.09.14 19:19:36.669,0.88897,0.88906,1.69,1.12
2017.09.14 19:19:36.929,0.88898,0.88908,1.69,1.00
2017.09.14 19:19:37.555,0.88897,0.88907,4.50,1.00
2017.09.14 19:19:37.948,0.88897,0.88907,5.44,1.00
2017.09.14 19:19:38.467,0.88898,0.88907,1.00,1.00
2017.09.14 19:19:38.972,0.88898,0.88907,3.37,1.00
2017.09.14 19:19:42.797,0.88898,0.88907,2.06,1.00
2017.09.14 19:19:43.315,0.88899,0.88908,1.12,1.00
2017.09.14 19:19:45.131,0.88899,0.88908,3.19,1.25
2017.09.14 19:19:47.275,0.88899,0.88907,3.56,1.00
2017.09.14 19:19:47.892,0.88899,0.88907,4.87,1.00
2017.09.14 19:19:51.553,0.88901,0.88908,1.69,1.00
2017.09.14 19:19:52.074,0.889,0.88908,2.06,1.00
2017.09.14 19:19:53.774,0.88899,0.88908,2.25,1.00
2017.09.14 19:19:55.029,0.88899,0.88908,3.19,1.25
2017.09.14 19:19:55.933,0.88899,0.88908,1.87,1.00
2017.09.14 19:19:57.076,0.88899,0.88908,1.87,1.00
2017.09.14 19:20:06.419,0.889,0.88909,2.06,1.00
2017.09.14 19:20:09.639,0.889,0.88909,1.87,1.00
2017.09.14 19:20:09.843,0.88899,0.88909,1.69,1.00
2017.09.14 19:20:10.954,0.88899,0.88909,3.19,1.00
2017.09.14 19:20:11.208,0.88899,0.88909,2.06,1.00
2017.09.14 19:20:11.718,0.88898,0.88908,3.75,1.00
2017.09.14 19:20:12.753,0.889,0.88908,1.50,1.00
2017.09.14 19:20:13.303,0.88899,0.88908,1.87,1.12
2017.09.14 19:20:15.261,0.88898,0.88906,1.12,1.00
2017.09.14 19:20:15.364,0.88896,0.88906,2.81,1.00
2017.09.14 19:20:16.024,0.88896,0.88905,1.87,1.00
2017.09.14 19:20:18.860,0.88893,0.88902,2.06,1.00
2017.09.14 19:20:18.963,0.88891,0.88901,5.06,1.00
2017.09.14 19:20:19.273,0.88891,0.88899,1.00,1.00
2017.09.14 19:20:19.561,0.88891,0.88901,1.50,1.00
2017.09.14 19:20:21.111,0.88891,0.88901,3.56,1.25
2017.09.14 19:20:21.977,0.88891,0.88901,4.87,1.00
2017.09.14 19:20:22.598,0.88891,0.88901,3.56,1.00
2017.09.14 19:20:22.972,0.88891,0.88901,4.69,1.00
2017.09.14 19:20:25.360,0.88891,0.88901,3.19,1.12
2017.09.14 19:20:27.342,0.88892,0.88901,1.19,1.25
2017.09.14 19:20:28.211,0.88891,0.88901,2.62,1.00
2017.09.14 19:20:29.835,0.88892,0.88901,2.25,1.00
2017.09.14 19:20:30.427,0.88893,0.88902,2.62,1.00
2017.09.14 19:20:31.948,0.88893,0.88901,1.00,1.00
2017.09.14 19:20:32.607,0.88891,0.88901,3.37,1.00
2017.09.14 19:20:33.677,0.88892,0.88901,2.06,1.00
2017.09.14 19:20:34.080,0.8889,0.88897,1.12,1.00
2017.09.14 19:20:34.444,0.88888,0.88896,3.56,2.25
2017.09.14 19:20:34.702,0.88888,0.88898,1.31,1.00
2017.09.14 19:20:35.233,0.88888,0.88898,3.94,1.00
2017.09.14 19:20:37.104,0.88889,0.88898,1.37,1.00
2017.09.14 19:20:38.898,0.88888,0.88896,1.25,1.00
2017.09.14 19:20:41.078,0.88886,0.88895,4.31,1.00
2017.09.14 19:20:41.180,0.88886,0.88895,1.00,1.00
2017.09.14 19:20:42.995,0.88884,0.88891,1.00,1.00
2017.09.14 19:20:43.047,0.88884,0.88893,1.25,1.00
2017.09.14 19:20:43.306,0.88883,0.88891,1.25,1.00
2017.09.14 19:20:44.237,0.88882,0.88891,3.94,1.00
2017.09.14 19:20:44.767,0.88883,0.8889,1.00,1.00
2017.09.14 19:20:46.857,0.88881,0.88889,2.06,1.00
2017.09.14 19:20:46.909,0.8888,0.88889,4.95,1.00
2017.09.14 19:20:47.984,0.8888,0.88888,4.12,1.00
2017.09.14 19:20:48.524,0.88879,0.88887,4.50,1.00
2017.09.14 19:20:48.679,0.88881,0.8889,2.62,1.00
2017.09.14 19:20:48.731,0.88882,0.8889,1.87,1.00
2017.09.14 19:20:49.140,0.88881,0.8889,2.62,1.00
2017.09.14 19:20:49.427,0.88879,0.88888,3.94,1.00
2017.09.14 19:20:52.385,0.88879,0.88888,1.69,1.00
2017.09.14 19:20:52.691,0.88878,0.88886,3.00,1.00
2017.09.14 19:20:52.902,0.8888,0.88889,1.87,1.00
2017.09.14 19:20:53.489,0.8888,0.88889,2.44,1.00
2017.09.14 19:20:54.004,0.88879,0.88889,4.50,1.00
2017.09.14 19:20:56.015,0.88879,0.88888,4.87,1.00
2017.09.14 19:20:58.117,0.88878,0.88884,1.87,1.00
2017.09.14 19:20:58.221,0.88874,0.88882,1.37,1.00
2017.09.14 19:20:58.273,0.88874,0.8888,1.00,1.00
2017.09.14 19:20:58.619,0.88874,0.88882,2.06,1.00
2017.09.14 19:20:58.824,0.88874,0.88884,3.94,1.12
2017.09.14 19:20:59.177,0.88877,0.88885,1.69,1.00
2017.09.14 19:20:59.697,0.88877,0.88885,1.44,1.00
2017.09.14 19:20:59.800,0.88876,0.88885,3.00,1.00
2017.09.14 19:21:00.144,0.88877,0.88885,1.44,1.00
2017.09.14 19:21:00.621,0.88876,0.88885,3.37,1.00
2017.09.14 19:21:00.673,0.88878,0.88885,1.50,1.00
2017.09.14 19:21:01.939,0.88878,0.88886,1.12,1.00
2017.09.14 19:21:03.002,0.88878,0.88885,1.50,1.00
2017.09.14 19:21:03.612,0.88877,0.88885,2.62,1.00
2017.09.14 19:21:04.233,0.88877,0.88885,3.00,1.00
2017.09.14 19:21:04.773,0.88877,0.88885,2.06,1.00
2017.09.14 19:21:07.150,0.88877,0.88885,3.19,1.00
2017.09.14 19:21:07.255,0.88879,0.88887,1.69,1.00
2017.09.14 19:21:07.759,0.88879,0.88888,1.69,1.00
2017.09.14 19:21:08.415,0.8888,0.88888,1.00,1.00
2017.09.14 19:21:08.933,0.88879,0.88888,2.81,1.00
2017.09.14 19:21:09.437,0.88878,0.88887,1.50,1.00
2017.09.14 19:21:10.934,0.88877,0.88886,1.69,1.00
2017.09.14 19:21:11.190,0.88876,0.88885,2.06,1.00
2017.09.14 19:21:12.722,0.88876,0.88884,1.87,1.00
2017.09.14 19:21:14.139,0.88875,0.88884,1.12,1.12
2017.09.14 19:21:14.707,0.88874,0.88882,2.06,1.00
2017.09.14 19:21:15.079,0.88872,0.8888,2.14,1.00
2017.09.14 19:21:16.379,0.88872,0.88879,2.81,1.00
2017.09.14 19:21:17.174,0.88872,0.88879,2.81,1.00
2017.09.14 19:21:18.445,0.88873,0.8888,2.81,1.00
2017.09.14 19:21:18.497,0.88873,0.88882,2.25,1.00
2017.09.14 19:21:18.858,0.88873,0.8888,2.25,1.00
2017.09.14 19:21:19.473,0.88873,0.8888,2.44,1.00
2017.09.14 19:21:20.003,0.88873,0.8888,1.69,1.00
2017.09.14 19:21:20.406,0.88876,0.88884,1.50,1.87
2017.09.14 19:21:21.172,0.88876,0.88885,1.50,1.00
2017.09.14 19:21:23.651,0.88876,0.88884,2.81,1.00
2017.09.14 19:21:23.754,0.8888,0.88886,1.50,1.12
2017.09.14 19:21:24.703,0.8888,0.88887,1.50,1.00
2017.09.14 19:21:24.911,0.88874,0.88884,3.75,1.00
2017.09.14 19:21:25.461,0.88876,0.88884,1.69,1.00
2017.09.14 19:21:30.005,0.88876,0.88884,2.25,1.00
2017.09.14 19:21:30.787,0.88879,0.88884,1.50,1.00
2017.09.14 19:21:30.839,0.88878,0.88886,1.87,1.00
2017.09.14 19:21:31.765,0.88877,0.88886,1.87,1.00
2017.09.14 19:21:32.280,0.88876,0.88886,5.44,1.00
2017.09.14 19:21:33.093,0.88876,0.88886,5.81,1.00
2017.09.14 19:21:33.616,0.88876,0.88883,1.50,1.00
2017.09.14 19:21:33.668,0.88875,0.88883,1.87,1.00
2017.09.14 19:21:33.771,0.88872,0.88882,4.87,1.00
2017.09.14 19:21:33.824,0.88872,0.8888,3.75,1.00
2017.09.14 19:21:34.444,0.88874,0.8888,1.50,1.00
2017.09.14 19:21:35.160,0.88874,0.88882,2.81,1.00
2017.09.14 19:21:37.998,0.88874,0.88882,3.00,1.00
2017.09.14 19:21:38.503,0.88874,0.88882,1.87,1.00
2017.09.14 19:21:39.827,0.88874,0.88882,3.37,1.00
2017.09.14 19:21:40.773,0.88874,0.88882,2.25,1.00
2017.09.14 19:21:42.045,0.88874,0.88882,3.37,1.00
2017.09.14 19:21:43.153,0.88874,0.88882,2.06,1.00
2017.09.14 19:21:44.917,0.88875,0.88882,1.00,1.00
2017.09.14 19:21:46.830,0.88875,0.88882,1.69,1.00
2017.09.14 19:21:47.693,0.88875,0.88882,1.00,1.00
2017.09.14 19:21:48.283,0.88875,0.88882,1.87,1.00
2017.09.14 19:21:48.884,0.88875,0.88882,2.44,1.00
2017.09.14 19:21:49.544,0.88875,0.88882,2.81,1.00
2017.09.14 19:21:49.962,0.88873,0.88883,6.19,1.00
2017.09.14 19:21:56.746,0.88874,0.88883,2.62,1.50
2017.09.14 19:21:57.001,0.88873,0.88881,1.00,1.00
2017.09.14 19:21:57.528,0.88873,0.8888,1.12,1.00
2017.09.14 19:21:58.216,0.88872,0.8888,3.56,1.00
2017.09.14 19:21:58.768,0.88873,0.88881,1.25,1.00
2017.09.14 19:21:59.288,0.88872,0.88881,3.75,1.00
2017.09.14 19:21:59.804,0.88873,0.88881,1.00,1.00
2017.09.14 19:22:00.504,0.88871,0.88881,4.12,1.00
2017.09.14 19:22:01.531,0.88872,0.88881,2.25,1.00
2017.09.14 19:22:03.162,0.88871,0.8888,3.56,1.00
2017.09.14 19:22:04.330,0.88872,0.8888,2.44,1.00
2017.09.14 19:22:06.681,0.88872,0.8888,1.31,1.00
2017.09.14 19:22:08.417,0.88872,0.8888,3.94,1.00
2017.09.14 19:22:14.802,0.88871,0.8888,4.50,1.00
2017.09.14 19:22:15.364,0.88872,0.8888,1.31,1.00
2017.09.14 19:22:16.277,0.88872,0.8888,1.62,1.00
2017.09.14 19:22:17.310,0.88872,0.8888,1.00,1.00
2017.09.14 19:22:17.944,0.88872,0.8888,1.50,1.00
2017.09.14 19:22:19.680,0.88872,0.8888,1.31,1.00
2017.09.14 19:22:23.521,0.88871,0.8888,5.25,1.00
2017.09.14 19:22:24.884,0.88871,0.8888,4.69,1.00
2017.09.14 19:22:25.871,0.88873,0.8888,1.12,1.00
2017.09.14 19:22:28.736,0.88872,0.8888,1.12,1.00
2017.09.14 19:22:29.932,0.88871,0.8888,2.62,1.00
2017.09.14 19:22:32.083,0.8887,0.88879,1.87,1.00
2017.09.14 19:22:32.338,0.88871,0.8888,3.75,1.00
2017.09.14 19:22:32.688,0.88871,0.8888,3.56,1.00
2017.09.14 19:22:33.148,0.88871,0.8888,4.12,1.00
2017.09.14 19:22:33.703,0.88872,0.88881,1.50,1.00
2017.09.14 19:22:34.208,0.88871,0.88881,2.06,1.00
2017.09.14 19:22:34.820,0.88871,0.88881,2.44,1.25
2017.09.14 19:22:35.478,0.88871,0.88881,1.31,1.00
2017.09.14 19:22:36.955,0.88871,0.88881,2.06,1.00
2017.09.14 19:22:39.985,0.88872,0.88881,1.50,1.25
2017.09.14 19:22:40.402,0.88874,0.88883,1.12,1.12
2017.09.14 19:22:40.916,0.88873,0.88883,3.37,1.12
2017.09.14 19:22:41.716,0.88873,0.88883,3.94,1.00
2017.09.14 19:22:42.230,0.88873,0.88882,3.94,1.00
2017.09.14 19:22:50.310,0.88875,0.88885,3.67,1.12
2017.09.14 19:22:50.414,0.88876,0.88887,2.54,1.25
2017.09.14 19:22:50.958,0.88877,0.88887,1.14,1.12
2017.09.14 19:22:51.504,0.88876,0.88887,2.36,1.00
2017.09.14 19:22:55.151,0.88876,0.88887,5.73,2.81
2017.09.14 19:22:57.948,0.88876,0.88887,1.98,2.06
2017.09.14 19:22:58.457,0.88876,0.88887,1.61,1.50
2017.09.14 19:22:59.546,0.88876,0.88887,2.73,1.87
2017.09.14 19:23:00.072,0.88877,0.88887,2.17,2.25
2017.09.14 19:23:00.611,0.88877,0.88887,1.23,2.06
2017.09.14 19:23:01.312,0.88877,0.88887,1.23,2.44
2017.09.14 19:23:02.058,0.88877,0.88887,2.25,2.44
2017.09.14 19:23:02.700,0.88877,0.88887,1.31,1.87
2017.09.14 19:23:03.228,0.88877,0.88887,1.50,1.87
2017.09.14 19:23:04.381,0.88877,0.88887,1.69,1.00
2017.09.14 19:23:04.934,0.88878,0.88887,1.25,1.12
2017.09.14 19:23:05.444,0.88877,0.88887,1.69,1.00
2017.09.14 19:23:08.217,0.88877,0.88887,1.62,1.12
2017.09.14 19:23:09.920,0.88876,0.88887,3.94,1.12
2017.09.14 19:23:10.561,0.88878,0.88887,1.25,1.87
2017.09.14 19:23:11.248,0.88877,0.88887,1.00,1.50
2017.09.14 19:23:12.130,0.88875,0.88884,3.00,1.00
2017.09.14 19:23:12.669,0.88875,0.88885,2.06,1.00
2017.09.14 19:23:13.384,0.88875,0.88887,2.81,3.94
2017.09.14 19:23:13.965,0.88875,0.88886,4.50,1.31
2017.09.14 19:23:14.367,0.88875,0.88887,2.81,3.94
2017.09.14 19:23:15.474,0.88875,0.88887,2.81,3.94
2017.09.14 19:23:16.561,0.88875,0.88887,4.31,6.56
2017.09.14 19:23:17.783,0.88875,0.88887,5.62,5.62
2017.09.14 19:23:18.321,0.88878,0.88889,1.00,5.62
2017.09.14 19:23:18.374,0.8888,0.88889,2.25,1.37
2017.09.14 19:23:18.889,0.88881,0.88889,1.00,1.00
2017.09.14 19:23:19.250,0.88881,0.88891,1.00,1.87
2017.09.14 19:23:19.795,0.88881,0.88892,1.87,2.06
2017.09.14 19:23:20.358,0.88881,0.88891,1.12,1.50
2017.09.14 19:23:20.890,0.8888,0.88892,4.87,1.87
2017.09.14 19:23:20.943,0.8888,0.88893,6.37,4.31
2017.09.14 19:23:21.045,0.88881,0.88893,2.06,2.81
2017.09.14 19:23:21.560,0.88882,0.88893,1.25,2.06
2017.09.14 19:23:22.387,0.88882,0.88893,2.06,2.06
2017.09.14 19:23:24.255,0.88883,0.88892,3.00,1.00
2017.09.14 19:23:24.794,0.88883,0.88894,1.50,4.12
2017.09.14 19:23:25.337,0.88883,0.88894,5.25,1.87
2017.09.14 19:23:27.068,0.88882,0.88892,1.37,1.69
2017.09.14 19:23:27.573,0.88882,0.88892,1.12,4.50
2017.09.14 19:23:28.418,0.88882,0.88892,1.00,2.81
2017.09.14 19:23:29.989,0.88882,0.88893,3.37,1.12
2017.09.14 19:23:30.196,0.88883,0.88894,2.06,4.50
2017.09.14 19:23:30.724,0.88883,0.88894,2.44,3.19
2017.09.14 19:23:31.468,0.88883,0.88894,3.94,2.44
2017.09.14 19:23:33.191,0.88883,0.88894,4.69,2.44
2017.09.14 19:23:34.630,0.88883,0.88894,4.69,2.44
2017.09.14 19:23:35.684,0.88883,0.88894,4.69,2.44
2017.09.14 19:23:37.217,0.88883,0.88894,3.56,1.87
2017.09.14 19:23:37.913,0.88884,0.88894,1.12,1.87
2017.09.14 19:23:39.835,0.88883,0.88894,2.62,3.94
2017.09.14 19:23:45.736,0.88883,0.88894,1.00,1.87
2017.09.14 19:23:46.254,0.88883,0.88893,1.69,1.12
2017.09.14 19:23:46.774,0.88883,0.88893,2.25,1.37
2017.09.14 19:23:48.804,0.88883,0.88893,1.37,2.25
2017.09.14 19:23:50.178,0.88883,0.88894,1.31,2.62
2017.09.14 19:23:50.813,0.88883,0.88891,1.31,1.00
2017.09.14 19:23:52.442,0.88883,0.88891,2.44,1.00
2017.09.14 19:23:53.297,0.88883,0.88894,3.75,1.37
2017.09.14 19:23:53.349,0.88885,0.88896,1.00,4.12
2017.09.14 19:23:53.656,0.88887,0.88896,1.25,1.00
2017.09.14 19:23:54.197,0.88887,0.88897,1.00,1.87
2017.09.14 19:23:58.118,0.88885,0.88896,1.25,2.25
2017.09.14 19:23:58.169,0.88883,0.88895,4.31,3.56
2017.09.14 19:23:58.273,0.88883,0.88894,1.12,2.25
2017.09.14 19:23:58.788,0.88882,0.88893,1.50,3.94
2017.09.14 19:23:59.404,0.88882,0.88894,2.62,3.75
2017.09.14 19:23:59.455,0.88882,0.88894,1.69,3.37
2017.09.14 19:24:00.139,0.88882,0.88894,2.06,3.75
2017.09.14 19:24:00.800,0.88882,0.88893,3.00,2.25
2017.09.14 19:24:01.462,0.88882,0.88894,3.56,3.94
2017.09.14 19:24:03.313,0.88882,0.88893,3.56,1.12
2017.09.14 19:24:05.500,0.88882,0.88893,4.69,1.50
2017.09.14 19:24:06.144,0.88882,0.88893,3.75,1.12
2017.09.14 19:24:06.247,0.88884,0.88894,1.00,4.12
2017.09.14 19:24:07.173,0.88884,0.88895,1.25,2.81
2017.09.14 19:24:08.897,0.88884,0.88895,1.00,3.94
2017.09.14 19:24:10.304,0.88884,0.88895,2.62,4.87
2017.09.14 19:24:13.034,0.88884,0.88895,2.25,4.31
2017.09.14 19:24:13.755,0.88885,0.88895,1.00,3.56
2017.09.14 19:24:14.290,0.88885,0.88895,1.69,1.12
2017.09.14 19:24:14.801,0.88884,0.88895,4.31,1.50
2017.09.14 19:24:15.332,0.88884,0.88895,5.62,3.94
2017.09.14 19:24:15.851,0.88884,0.88895,4.31,2.81
2017.09.14 19:24:16.385,0.88884,0.88894,4.31,1.00
2017.09.14 19:24:17.028,0.88884,0.88894,6.37,1.25
2017.09.14 19:24:21.155,0.88884,0.88894,3.56,1.12
2017.09.14 19:24:22.584,0.88884,0.88895,4.87,1.69
2017.09.14 19:24:23.254,0.88884,0.88895,3.56,1.62
2017.09.14 19:24:23.833,0.88884,0.88895,4.87,1.69
2017.09.14 19:24:24.349,0.88884,0.88895,3.56,1.62
2017.09.14 19:24:29.312,0.88884,0.88894,3.56,1.12
2017.09.14 19:24:30.753,0.88885,0.88895,1.00,2.06
2017.09.14 19:24:34.567,0.88885,0.88894,1.00,1.00
2017.09.14 19:24:35.520,0.88885,0.88896,1.00,3.75
2017.09.14 19:24:36.084,0.88885,0.88896,1.12,3.37
2017.09.14 19:24:36.639,0.88884,0.88895,1.00,3.56
2017.09.14 19:24:37.882,0.88883,0.88894,1.87,2.06
2017.09.14 19:24:38.534,0.88881,0.88892,8.44,1.25
2017.09.14 19:24:39.208,0.88882,0.88893,1.50,2.25
2017.09.14 19:24:40.328,0.88882,0.88893,1.50,2.44
2017.09.14 19:24:40.844,0.88882,0.88893,1.50,3.19
2017.09.14 19:24:42.298,0.88882,0.88893,1.50,2.62
2017.09.14 19:24:47.906,0.88884,0.88893,1.50,1.37
2017.09.14 19:24:48.894,0.88884,0.88894,1.50,1.87
2017.09.14 19:24:52.854,0.88884,0.88894,1.87,1.87
2017.09.14 19:24:55.955,0.88884,0.88894,1.00,3.19
2017.09.14 19:24:56.484,0.88882,0.88892,2.25,1.25
2017.09.14 19:24:56.538,0.88884,0.88891,1.50,1.25
2017.09.14 19:24:56.589,0.88884,0.88893,1.50,2.81
2017.09.14 19:24:56.691,0.88882,0.88892,2.25,1.00
2017.09.14 19:24:58.059,0.88881,0.88891,3.37,1.00
2017.09.14 19:24:58.569,0.88882,0.88892,1.31,1.12
2017.09.14 19:24:58.979,0.88882,0.88894,4.31,2.06
2017.09.14 19:24:59.787,0.88883,0.88894,1.69,1.69
2017.09.14 19:25:01.437,0.88883,0.88894,3.00,2.62
2017.09.14 19:25:01.965,0.88883,0.88894,1.69,1.87
2017.09.14 19:25:02.477,0.88883,0.88894,2.62,2.44
2017.09.14 19:25:04.848,0.88882,0.88893,1.12,4.69
2017.09.14 19:25:05.378,0.88882,0.88891,1.00,1.25
2017.09.14 19:25:05.899,0.88882,0.88893,1.87,3.19
2017.09.14 19:25:06.903,0.88882,0.88892,2.25,1.62
2017.09.14 19:25:09.675,0.88883,0.88893,1.87,1.12
2017.09.14 19:25:11.218,0.88882,0.88893,4.12,1.00
2017.09.14 19:25:13.007,0.88882,0.88893,4.87,1.00
2017.09.14 19:25:14.879,0.88882,0.88892,5.06,1.00
2017.09.14 19:25:15.293,0.88881,0.88892,1.31,1.69
2017.09.14 19:25:15.810,0.8888,0.88891,1.69,1.50
2017.09.14 19:25:16.451,0.8888,0.88891,1.69,1.37
2017.09.14 19:25:17.149,0.8888,0.88891,1.87,3.37
2017.09.14 19:25:17.932,0.8888,0.88891,1.69,3.56
2017.09.14 19:25:19.186,0.8888,0.88891,1.25,1.12
2017.09.14 19:25:19.912,0.8888,0.88891,3.19,1.69
2017.09.14 19:25:20.578,0.8888,0.88891,1.31,1.12
2017.09.14 19:25:21.337,0.8888,0.88891,1.69,1.37
2017.09.14 19:25:22.968,0.8888,0.88891,4.12,1.62
2017.09.14 19:25:23.276,0.8888,0.88892,4.87,3.94
2017.09.14 19:25:23.818,0.88881,0.88892,1.00,2.25
2017.09.14 19:25:24.415,0.88881,0.88892,1.00,2.25
2017.09.14 19:25:24.955,0.88881,0.88891,1.12,1.12
2017.09.14 19:25:26.085,0.88881,0.88892,1.25,1.31
2017.09.14 19:25:26.342,0.88879,0.88891,2.81,3.56
2017.09.14 19:25:27.217,0.88879,0.88891,3.19,2.62
2017.09.14 19:25:28.604,0.88879,0.88891,3.56,2.62
2017.09.14 19:25:29.950,0.88881,0.88891,1.50,1.87
2017.09.14 19:25:30.478,0.8888,0.88891,1.87,3.56
2017.09.14 19:25:31.947,0.8888,0.88891,1.50,3.56
2017.09.14 19:25:32.458,0.88879,0.88891,3.19,3.56
2017.09.14 19:25:33.464,0.8888,0.8889,1.25,1.25
2017.09.14 19:25:34.006,0.88879,0.88891,3.94,3.37
2017.09.14 19:25:36.487,0.88879,0.8889,2.25,1.00
2017.09.14 19:25:37.084,0.88879,0.88891,2.44,5.06
2017.09.14 19:25:37.404,0.8888,0.88889,1.00,1.00
2017.09.14 19:25:38.369,0.88879,0.8889,2.25,1.12
2017.09.14 19:25:39.880,0.8888,0.8889,1.00,1.69
2017.09.14 19:25:41.155,0.88879,0.88891,2.44,3.94
2017.09.14 19:25:42.138,0.8888,0.88889,1.00,1.25
2017.09.14 19:25:42.693,0.88879,0.88891,1.25,4.31
2017.09.14 19:25:43.462,0.8888,0.8889,1.00,1.50
2017.09.14 19:25:44.015,0.88879,0.88891,1.25,4.12
2017.09.14 19:25:44.876,0.88879,0.8889,3.94,1.37
2017.09.14 19:25:46.102,0.8888,0.88891,2.81,2.62
2017.09.14 19:25:50.406,0.88881,0.8889,1.25,1.31
2017.09.14 19:25:50.936,0.8888,0.8889,1.31,1.12
2017.09.14 19:25:51.461,0.8888,0.8889,1.69,1.00
2017.09.14 19:25:52.806,0.8888,0.8889,1.69,1.00
2017.09.14 19:25:53.207,0.8888,0.8889,1.69,1.00
2017.09.14 19:25:53.416,0.88881,0.88892,1.31,1.12
2017.09.14 19:25:53.931,0.8888,0.88892,3.56,1.00
2017.09.14 19:25:54.968,0.88881,0.88892,1.19,2.25
2017.09.14 19:25:55.070,0.8888,0.88892,3.75,1.25
2017.09.14 19:25:57.008,0.8888,0.88891,6.00,1.12
2017.09.14 19:25:58.176,0.8888,0.88892,6.00,3.75
2017.09.14 19:26:00.557,0.8888,0.88892,6.00,7.12
2017.09.14 19:26:01.975,0.8888,0.88892,4.50,4.50
2017.09.14 19:26:03.222,0.8888,0.88892,4.50,3.00
2017.09.14 19:26:04.226,0.8888,0.88892,4.31,2.25
2017.09.14 19:26:06.385,0.88881,0.88891,1.25,1.69
2017.09.14 19:26:07.742,0.88879,0.88892,8.44,3.75
2017.09.14 19:26:08.521,0.8888,0.88891,2.25,1.87
2017.09.14 19:26:09.551,0.8888,0.8889,1.87,1.25
2017.09.14 19:26:10.771,0.88879,0.88891,5.62,3.56
2017.09.14 19:26:11.251,0.88879,0.88889,1.62,1.25
2017.09.14 19:26:12.407,0.88878,0.8889,6.00,2.06
2017.09.14 19:26:12.492,0.88878,0.8889,5.62,1.69
2017.09.14 19:26:13.645,0.88878,0.8889,3.56,2.62
2017.09.14 19:26:15.622,0.88878,0.8889,3.37,6.19
2017.09.14 19:26:16.132,0.88878,0.88888,2.25,1.25
2017.09.14 19:26:17.085,0.88878,0.88888,1.87,1.44
2017.09.14 19:26:17.760,0.88878,0.88889,1.50,3.00
2017.09.14 19:26:18.264,0.88878,0.88888,1.50,1.44
2017.09.14 19:26:18.831,0.88877,0.88889,2.44,3.00
2017.09.14 19:26:19.966,0.88877,0.88888,3.00,1.44
2017.09.14 19:26:20.520,0.88877,0.88889,2.25,1.87
2017.09.14 19:26:21.372,0.88877,0.88888,3.00,1.44
2017.09.14 19:26:21.932,0.88877,0.88889,2.06,2.62
2017.09.14 19:26:22.548,0.88877,0.88888,3.00,1.44
2017.09.14 19:26:22.764,0.88877,0.88889,2.06,2.25
2017.09.14 19:26:28.056,0.88877,0.88889,3.00,3.37
2017.09.14 19:26:29.458,0.88877,0.88889,3.00,3.00
2017.09.14 19:26:32.228,0.88877,0.88888,3.00,1.25
2017.09.14 19:26:32.757,0.88878,0.88888,1.50,1.25
2017.09.14 19:26:33.264,0.88878,0.88889,1.87,1.25
2017.09.14 19:26:34.033,0.88879,0.88889,1.50,2.44
2017.09.14 19:26:34.740,0.88877,0.88889,2.06,3.37
2017.09.14 19:26:35.251,0.88877,0.88889,1.69,3.75
2017.09.14 19:26:35.758,0.88877,0.88889,2.81,3.75
2017.09.14 19:26:36.815,0.88877,0.88889,3.00,1.87
2017.09.14 19:26:37.946,0.88877,0.88889,2.44,1.25
2017.09.14 19:26:38.698,0.88877,0.88889,4.69,3.00
2017.09.14 19:26:39.332,0.88877,0.88889,4.12,2.81
2017.09.14 19:26:39.870,0.88877,0.88889,3.56,2.25
2017.09.14 19:26:40.375,0.88877,0.88888,2.06,1.69
2017.09.14 19:26:40.889,0.88879,0.88888,1.00,1.44
2017.09.14 19:26:41.717,0.88878,0.88889,2.81,2.81
2017.09.14 19:26:42.226,0.88878,0.88889,1.25,2.44
2017.09.14 19:26:42.555,0.88877,0.88887,1.69,1.25
2017.09.14 19:26:43.062,0.88877,0.88887,1.00,1.69
2017.09.14 19:26:43.616,0.88877,0.88887,1.69,3.00
2017.09.14 19:26:44.143,0.88876,0.88887,3.19,1.12
2017.09.14 19:26:44.783,0.88876,0.88887,4.87,1.00
2017.09.14 19:26:45.294,0.88876,0.88888,5.81,1.12
2017.09.14 19:26:45.955,0.88877,0.88888,1.56,1.87
2017.09.14 19:26:48.760,0.88876,0.88889,7.50,5.44
2017.09.14 19:26:49.262,0.88877,0.88888,3.19,1.12
2017.09.14 19:26:55.874,0.88877,0.88889,3.94,5.62
2017.09.14 19:26:56.027,0.88879,0.88889,2.44,1.00
2017.09.14 19:26:56.130,0.8888,0.88892,1.25,3.19
2017.09.14 19:26:56.284,0.88881,0.88891,1.19,1.25
2017.09.14 19:26:56.438,0.8888,0.88893,4.69,3.19
2017.09.14 19:26:57.144,0.88882,0.88892,1.69,2.62
2017.09.14 19:26:58.402,0.8888,0.88892,3.94,3.94
2017.09.14 19:26:59.116,0.88881,0.88891,1.25,1.31
2017.09.14 19:26:59.624,0.8888,0.88892,2.44,4.69
2017.09.14 19:27:02.627,0.88881,0.88892,1.00,3.94
2017.09.14 19:27:03.283,0.88882,0.88892,1.12,2.25
2017.09.14 19:27:04.434,0.88882,0.88893,1.00,1.50
2017.09.14 19:27:06.904,0.88881,0.88893,4.12,5.06
2017.09.14 19:27:07.305,0.88883,0.88893,1.12,1.31
2017.09.14 19:27:07.859,0.88884,0.88895,3.56,3.00
2017.09.14 19:27:08.406,0.88884,0.88896,4.69,1.50
2017.09.14 19:27:08.664,0.88884,0.88894,1.50,1.87
2017.09.14 19:27:08.768,0.88885,0.88896,1.50,3.75
2017.09.14 19:27:09.121,0.88888,0.88896,1.00,2.25
2017.09.14 19:27:09.173,0.88888,0.88897,1.00,1.50
2017.09.14 19:27:09.329,0.88887,0.88898,2.06,1.50
2017.09.14 19:27:09.739,0.88889,0.88899,1.00,2.44
2017.09.14 19:27:10.274,0.88888,0.88898,1.69,2.25
2017.09.14 19:27:11.525,0.88888,0.88898,1.25,1.87
2017.09.14 19:27:12.925,0.88886,0.88895,1.87,1.00
2017.09.14 19:27:13.826,0.88886,0.88896,2.25,3.56
2017.09.14 19:27:14.584,0.88886,0.88896,3.75,3.56
2017.09.14 19:27:15.577,0.88888,0.88897,1.50,2.25
2017.09.14 19:27:15.628,0.88887,0.88897,1.88,3.38
2017.09.14 19:27:16.467,0.88888,0.88898,1.00,2.63
2017.09.14 19:27:19.509,0.88888,0.88897,1.00,1.00
2017.09.14 19:27:20.111,0.88888,0.88898,1.00,1.00
2017.09.14 19:27:22.996,0.88888,0.88898,1.37,1.38
2017.09.14 19:27:23.321,0.88887,0.88897,3.00,1.88
2017.09.14 19:27:23.844,0.88886,0.88895,1.37,1.00
2017.09.14 19:27:24.373,0.88886,0.88896,1.12,4.13
2017.09.14 19:27:24.899,0.88886,0.88896,1.00,4.50
2017.09.14 19:27:25.433,0.88886,0.88895,1.25,1.13
2017.09.14 19:27:26.006,0.88886,0.88896,1.00,4.50
2017.09.14 19:27:26.633,0.88884,0.88894,2.25,2.81
2017.09.14 19:27:27.034,0.88884,0.88893,1.00,1.50
2017.09.14 19:27:27.306,0.88884,0.88894,1.00,2.44
2017.09.14 19:27:27.717,0.88884,0.88894,1.00,3.94
2017.09.14 19:27:28.237,0.88883,0.88893,2.06,1.50
2017.09.14 19:27:29.314,0.88882,0.88894,3.94,2.44
2017.09.14 19:27:29.830,0.88883,0.88893,1.69,2.63
2017.09.14 19:27:30.356,0.88882,0.88893,2.25,3.19
2017.09.14 19:27:30.715,0.88883,0.88892,1.69,1.50
2017.09.14 19:27:31.234,0.88883,0.88892,1.00,1.50
2017.09.14 19:27:31.769,0.88883,0.88892,1.25,2.44
2017.09.14 19:27:32.285,0.88882,0.88892,3.56,1.50
2017.09.14 19:27:33.339,0.88883,0.88892,1.25,1.12
2017.09.14 19:27:33.883,0.88882,0.88893,4.88,3.19
2017.09.14 19:27:34.632,0.88882,0.88893,4.88,3.19
2017.09.14 19:27:35.154,0.88882,0.88892,4.50,1.00
2017.09.14 19:27:35.750,0.88883,0.88893,1.13,4.88
2017.09.14 19:27:36.685,0.88882,0.88893,3.75,1.69
2017.09.14 19:27:39.933,0.88882,0.88893,1.87,5.44
2017.09.14 19:27:40.250,0.8888,0.88891,3.56,2.06
2017.09.14 19:27:41.171,0.88882,0.88892,3.75,2.62
2017.09.14 19:27:41.274,0.88882,0.88893,3.94,1.50
2017.09.14 19:27:41.823,0.88883,0.88893,2.06,3.75
2017.09.14 19:27:42.426,0.88883,0.88894,1.87,3.94
2017.09.14 19:27:43.040,0.88883,0.88893,2.63,1.50
2017.09.14 19:27:43.656,0.88883,0.88893,2.06,2.44
2017.09.14 19:27:44.391,0.88883,0.88892,2.44,1.13
2017.09.14 19:27:44.930,0.88883,0.88893,1.87,2.63
2017.09.14 19:27:48.491,0.88883,0.88893,1.50,1.00
2017.09.14 19:27:49.051,0.88883,0.88892,1.50,1.00
2017.09.14 19:27:49.704,0.88883,0.88892,2.81,1.25
2017.09.14 19:27:50.369,0.88883,0.88892,1.69,1.12
2017.09.14 19:27:57.068,0.88883,0.88894,7.13,2.63
2017.09.14 19:27:57.895,0.88883,0.88894,3.75,1.50
2017.09.14 19:27:58.445,0.88883,0.88893,5.06,1.25
2017.09.14 19:27:58.961,0.88884,0.88894,1.25,3.56
2017.09.14 19:28:04.455,0.88883,0.88894,2.25,1.50
2017.09.14 19:28:05.726,0.8888,0.88892,5.32,2.81
2017.09.14 19:28:06.264,0.88881,0.88891,3.38,3.52
2017.09.14 19:28:06.672,0.88883,0.88892,1.00,3.37
2017.09.14 19:28:07.201,0.88882,0.88892,1.25,2.96
2017.09.14 19:28:07.887,0.88882,0.88892,1.44,4.08
2017.09.14 19:28:09.366,0.88882,0.88892,1.25,1.00
2017.09.14 19:28:09.756,0.88883,0.88893,2.81,1.13
2017.09.14 19:28:10.272,0.88883,0.88894,3.00,3.75
2017.09.14 19:28:11.188,0.88883,0.88892,1.50,1.00
2017.09.14 19:28:11.291,0.88883,0.88894,4.88,2.81
2017.09.14 19:28:11.862,0.88883,0.88894,2.63,3.75
2017.09.14 19:28:12.506,0.88883,0.88894,2.63,3.75
2017.09.14 19:28:12.784,0.88885,0.88895,1.25,2.25
2017.09.14 19:28:13.368,0.88886,0.88895,1.25,1.50
2017.09.14 19:28:13.963,0.88884,0.88896,3.75,3.75
2017.09.14 19:28:16.631,0.88885,0.88895,1.50,1.19
2017.09.14 19:28:29.661,0.88884,0.88895,4.31,2.63
2017.09.14 19:28:29.974,0.88884,0.88893,1.12,1.63
2017.09.14 19:28:30.485,0.88884,0.88893,1.31,2.06
2017.09.14 19:28:32.423,0.88884,0.88894,4.13,1.00
2017.09.14 19:28:32.976,0.88884,0.88895,2.81,3.00
2017.09.14 19:28:33.506,0.88884,0.88895,3.19,2.63
2017.09.14 19:28:33.953,0.88886,0.88895,1.25,2.81
2017.09.14 19:28:34.261,0.88884,0.88894,2.81,1.12
2017.09.14 19:28:35.056,0.88884,0.88895,4.13,3.38
2017.09.14 19:28:35.874,0.88884,0.88895,2.44,3.56
2017.09.14 19:28:36.733,0.88884,0.88894,1.50,1.12
2017.09.14 19:28:37.364,0.88884,0.88894,1.50,1.12
2017.09.14 19:28:38.005,0.88885,0.88894,1.00,1.87
2017.09.14 19:28:38.508,0.88883,0.88895,7.87,2.25
2017.09.14 19:28:39.045,0.88884,0.88894,1.50,1.00
2017.09.14 19:28:39.927,0.88884,0.88895,3.00,3.56
2017.09.14 19:28:40.467,0.88884,0.88895,1.88,2.44
2017.09.14 19:28:41.200,0.88884,0.88894,1.88,1.87
2017.09.14 19:28:41.610,0.88883,0.88891,2.44,1.00
2017.09.14 19:28:41.662,0.88883,0.88893,1.50,2.44
2017.09.14 19:28:42.213,0.88884,0.88893,1.25,2.06
2017.09.14 19:28:45.585,0.88883,0.88893,1.12,1.69
2017.09.14 19:28:48.950,0.88884,0.88893,1.00,2.25
2017.09.14 19:28:49.580,0.88883,0.88893,1.12,1.87
2017.09.14 19:28:50.097,0.88884,0.88893,1.00,2.62
2017.09.14 19:28:53.214,0.88882,0.88893,2.06,2.06
2017.09.14 19:28:53.316,0.88882,0.88892,3.94,1.87
2017.09.14 19:28:53.905,0.88882,0.88892,2.62,1.87
2017.09.14 19:28:58.159,0.88882,0.88892,1.50,1.00
2017.09.14 19:28:58.527,0.88883,0.88894,1.69,2.81
2017.09.14 19:29:01.376,0.88882,0.88894,2.06,4.31
2017.09.14 19:29:01.889,0.88882,0.88892,1.19,1.25
2017.09.14 19:29:02.899,0.88881,0.88892,4.87,1.00
2017.09.14 19:29:06.419,0.88882,0.88891,2.81,1.25
2017.09.14 19:29:07.160,0.88882,0.88892,1.50,1.69
2017.09.14 19:29:07.674,0.88881,0.88892,2.06,1.69
2017.09.14 19:29:08.278,0.88881,0.88892,2.44,2.06
2017.09.14 19:29:12.015,0.88881,0.88892,5.62,1.00
2017.09.14 19:29:12.583,0.88883,0.88894,3.75,3.37
2017.09.14 19:29:13.809,0.88883,0.88894,4.31,3.37
2017.09.14 19:29:21.804,0.88882,0.88892,1.50,3.56
2017.09.14 19:29:21.907,0.88881,0.88892,1.00,4.31
2017.09.14 19:29:22.450,0.88881,0.88891,1.00,1.12
2017.09.14 19:29:22.963,0.8888,0.88891,1.69,1.12
2017.09.14 19:29:24.738,0.88881,0.88892,3.19,3.94
2017.09.14 19:29:25.386,0.88881,0.88892,2.62,2.81
2017.09.14 19:29:26.835,0.88882,0.88891,1.50,1.25
2017.09.14 19:29:27.343,0.88882,0.88892,1.87,2.06
2017.09.14 19:29:27.871,0.88881,0.88889,1.12,1.69
2017.09.14 19:29:27.975,0.88878,0.88887,1.00,3.19
2017.09.14 19:29:28.077,0.88876,0.88887,2.62,1.31
2017.09.14 19:29:28.356,0.88876,0.88886,1.87,1.25
2017.09.14 19:29:29.077,0.88876,0.88888,2.06,4.12
2017.09.14 19:29:31.332,0.88877,0.88887,3.19,1.31
2017.09.14 19:29:35.306,0.88877,0.88887,3.19,1.12
2017.09.14 19:29:36.179,0.88877,0.88888,1.87,3.00
2017.09.14 19:29:36.598,0.88876,0.88886,3.94,3.56
2017.09.14 19:29:36.649,0.88874,0.88885,2.44,2.06
2017.09.14 19:29:37.150,0.88875,0.88886,1.25,4.12
2017.09.14 19:29:37.687,0.88874,0.88886,2.06,3.00
2017.09.14 19:29:38.240,0.88875,0.88886,1.69,3.37
2017.09.14 19:29:38.781,0.88876,0.88886,2.44,1.50
2017.09.14 19:29:39.312,0.88876,0.88887,1.25,2.81
2017.09.14 19:29:40.672,0.88875,0.88886,6.00,1.25
2017.09.14 19:29:41.547,0.88875,0.88884,1.87,1.50
2017.09.14 19:29:41.650,0.88873,0.88884,3.37,3.75
2017.09.14 19:29:41.804,0.88874,0.88884,1.19,1.00
2017.09.14 19:29:41.906,0.88873,0.88884,3.94,2.25
2017.09.14 19:29:42.662,0.88873,0.88884,1.31,2.06
2017.09.14 19:29:43.476,0.88873,0.88883,1.50,1.31
2017.09.14 19:29:44.004,0.88873,0.88884,1.00,5.25
2017.09.14 19:29:44.531,0.88872,0.88883,3.94,1.50
2017.09.14 19:29:45.045,0.88872,0.88884,6.56,1.87
2017.09.14 19:29:46.608,0.88873,0.88885,2.06,4.69
2017.09.14 19:29:47.467,0.88873,0.88885,3.75,4.12
2017.09.14 19:29:47.620,0.88873,0.88885,4.87,6.00
2017.09.14 19:29:48.850,0.88874,0.88885,4.50,2.06
2017.09.14 19:29:49.983,0.88874,0.88885,2.06,1.31
2017.09.14 19:29:50.566,0.88874,0.88886,3.00,5.44
2017.09.14 19:29:51.158,0.88875,0.88885,1.50,1.50
2017.09.14 19:29:51.913,0.88874,0.88886,4.31,4.50
2017.09.14 19:29:52.730,0.88875,0.88886,2.06,1.00
2017.09.14 19:29:53.041,0.88874,0.88884,2.25,1.00
2017.09.14 19:29:53.857,0.88874,0.88884,1.50,1.12
2017.09.14 19:29:54.458,0.88875,0.88885,1.50,2.62
2017.09.14 19:29:54.994,0.88873,0.88885,6.00,1.69
2017.09.14 19:29:55.961,0.88873,0.88884,1.31,3.56
2017.09.14 19:29:56.410,0.88876,0.88884,1.50,2.25
2017.09.14 19:29:56.462,0.88877,0.88886,1.50,2.81
2017.09.14 19:29:57.313,0.88874,0.88883,4.12,1.00
2017.09.14 19:29:57.820,0.88874,0.88884,1.00,5.62
2017.09.14 19:29:58.334,0.88873,0.88884,1.00,2.44
2017.09.14 19:29:59.436,0.88873,0.88884,1.00,2.44
2017.09.14 19:29:59.780,0.88874,0.88883,2.62,1.25
2017.09.14 19:30:00.318,0.88874,0.88884,2.25,3.56
2017.09.14 19:30:00.834,0.88874,0.88883,2.25,1.12
2017.09.14 19:30:01.431,0.88875,0.88885,1.50,4.50
2017.09.14 19:30:01.582,0.88875,0.88886,3.56,1.50
2017.09.14 19:30:01.635,0.88875,0.88886,5.44,1.69
