2016.04.22 19:00:00.198,0.77937,0.77946,1.50,2.32
2016.04.22 19:00:00.704,0.77936,0.77944,1.00,1.31
2016.04.22 19:00:00.806,0.77933,0.77942,1.50,1.00
2016.04.22 19:00:01.010,0.77931,0.7794,1.50,1.50
2016.04.22 19:00:01.560,0.7793,0.77939,2.25,1.00
2016.04.22 19:00:02.747,0.7793,0.77938,1.00,1.00
2016.04.22 19:00:03.257,0.77931,0.77939,1.00,1.12
2016.04.22 19:00:03.411,0.77929,0.77938,1.00,1.50
2016.04.22 19:00:03.614,0.77929,0.77938,1.00,2.81
2016.04.22 19:00:04.122,0.77928,0.77937,1.00,1.19
2016.04.22 19:00:04.630,0.77928,0.77937,1.00,1.50
2016.04.22 19:00:05.161,0.77927,0.77936,1.00,1.00
2016.04.22 19:00:05.721,0.77928,0.77937,2.25,2.06
2016.04.22 19:00:06.344,0.77929,0.77938,1.00,1.12
2016.04.22 19:00:06.955,0.7793,0.77939,1.00,1.00
2016.04.22 19:00:07.514,0.77929,0.77938,1.00,1.00
2016.04.22 19:00:08.247,0.77929,0.77938,1.00,1.69
2016.04.22 19:00:08.754,0.77928,0.77937,1.00,1.25
2016.04.22 19:00:09.290,0.77928,0.77937,1.00,1.62
2016.04.22 19:00:09.799,0.77929,0.77938,1.50,3.56
2016.04.22 19:00:13.965,0.7793,0.77939,1.00,1.00
2016.04.22 19:00:17.899,0.77932,0.77939,1.00,1.00
2016.04.22 19:00:18.053,0.77933,0.77942,1.50,1.50
2016.04.22 19:00:18.206,0.77933,0.7794,1.50,1.00
2016.04.22 19:00:18.358,0.77931,0.7794,1.00,1.69
2016.04.22 19:00:19.656,0.77929,0.77938,1.00,1.00
2016.04.22 19:00:23.490,0.77929,0.77936,1.00,1.00
2016.04.22 19:00:24.031,0.7793,0.77937,1.00,1.00
2016.04.22 19:00:28.990,0.77928,0.77935,1.00,1.00
2016.04.22 19:00:33.330,0.77929,0.77936,1.00,1.00
2016.04.22 19:00:33.381,0.77927,0.77936,1.50,1.00
2016.04.22 19:00:34.393,0.77926,0.77935,1.69,1.00
2016.04.22 19:00:36.834,0.77926,0.77933,1.00,1.00
2016.04.22 19:00:41.025,0.77926,0.77935,1.69,1.50
2016.04.22 19:00:41.127,0.77928,0.77936,1.69,1.00
2016.04.22 19:00:41.449,0.7793,0.77938,1.00,1.00
2016.04.22 19:00:41.974,0.77929,0.77938,1.50,1.50
2016.04.22 19:00:42.279,0.77931,0.7794,1.00,1.12
2016.04.22 19:00:44.625,0.77931,0.77939,1.00,1.00
2016.04.22 19:00:44.677,0.77929,0.77938,1.69,1.00
2016.04.22 19:00:45.437,0.7793,0.77939,1.00,1.50
2016.04.22 19:00:46.076,0.77929,0.77938,1.69,1.50
2016.04.22 19:00:50.733,0.77929,0.77937,1.50,1.00
2016.04.22 19:00:50.785,0.77929,0.77935,1.00,1.00
2016.04.22 19:00:50.836,0.77927,0.77935,1.00,1.00
2016.04.22 19:00:51.598,0.77927,0.77936,1.00,1.25
2016.04.22 19:00:56.657,0.77928,0.77936,1.00,1.00
2016.04.22 19:00:56.860,0.77926,0.77935,1.50,1.00
2016.04.22 19:00:57.472,0.77927,0.77936,1.00,1.50
2016.04.22 19:00:59.552,0.77926,0.77935,1.50,1.00
2016.04.22 19:01:00.059,0.77927,0.77936,1.00,1.50
2016.04.22 19:01:01.193,0.77929,0.77936,1.00,1.00
2016.04.22 19:01:12.916,0.77929,0.77938,1.00,3.00
2016.04.22 19:01:13.018,0.77927,0.77936,1.25,1.00
2016.04.22 19:01:13.324,0.77929,0.77938,1.00,1.00
2016.04.22 19:01:13.825,0.7793,0.77939,1.00,1.25
2016.04.22 19:01:14.385,0.77931,0.77939,1.00,1.00
2016.04.22 19:01:14.928,0.77931,0.7794,1.50,1.50
2016.04.22 19:01:15.438,0.7793,0.77937,1.00,1.00
2016.04.22 19:01:16.897,0.77929,0.77938,1.69,1.00
2016.04.22 19:01:18.060,0.7793,0.77938,1.00,1.00
2016.04.22 19:01:18.602,0.77929,0.77938,1.69,1.00
2016.04.22 19:01:21.447,0.77929,0.77936,1.00,1.00
2016.04.22 19:01:21.651,0.77926,0.77935,1.00,1.00
2016.04.22 19:01:22.232,0.77927,0.77936,1.00,1.00
2016.04.22 19:01:23.650,0.77927,0.77934,1.00,1.00
2016.04.22 19:01:23.954,0.77927,0.77936,1.00,1.00
2016.04.22 19:01:24.819,0.77926,0.77935,1.50,1.50
2016.04.22 19:01:25.435,0.77927,0.77936,1.00,1.00
2016.04.22 19:01:26.323,0.77927,0.77934,1.00,1.00
2016.04.22 19:01:27.665,0.77927,0.77936,1.00,1.00
2016.04.22 19:01:28.794,0.77928,0.77937,1.00,1.00
2016.04.22 19:01:29.049,0.77928,0.77935,1.00,1.00
2016.04.22 19:01:29.455,0.77928,0.77937,1.00,1.00
2016.04.22 19:01:30.224,0.77928,0.77936,1.00,1.00
2016.04.22 19:01:30.736,0.77927,0.77936,1.69,1.50
2016.04.22 19:01:31.807,0.77928,0.77936,1.00,1.00
2016.04.22 19:01:31.858,0.77929,0.77938,1.00,1.00
2016.04.22 19:01:32.752,0.77931,0.77938,1.00,1.00
2016.04.22 19:01:36.051,0.77928,0.77937,1.25,1.00
2016.04.22 19:01:37.752,0.77927,0.77936,1.69,1.00
2016.04.22 19:01:40.815,0.77927,0.77935,1.19,1.00
2016.04.22 19:01:40.968,0.77926,0.77935,1.50,1.69
2016.04.22 19:01:42.271,0.77925,0.77933,1.00,1.00
2016.04.22 19:01:42.912,0.77924,0.77933,1.00,1.00
2016.04.22 19:01:45.293,0.77923,0.77932,1.69,1.00
2016.04.22 19:02:09.813,0.77924,0.77932,1.00,1.00
2016.04.22 19:02:09.966,0.77925,0.77934,1.00,1.00
2016.04.22 19:02:10.119,0.77927,0.77934,1.00,1.00
2016.04.22 19:02:10.273,0.77928,0.77936,1.00,1.00
2016.04.22 19:02:10.878,0.77927,0.77936,2.44,1.00
2016.04.22 19:02:22.186,0.77928,0.77936,1.00,1.00
2016.04.22 19:02:40.675,0.77927,0.77936,3.79,1.00
2016.04.22 19:02:41.200,0.77928,0.77936,1.00,1.00
2016.04.22 19:02:42.731,0.77927,0.77936,2.44,1.00
2016.04.22 19:02:42.929,0.77929,0.77936,1.00,1.00
2016.04.22 19:02:44.800,0.77927,0.77936,4.54,1.00
2016.04.22 19:02:45.425,0.77927,0.77934,3.60,1.00
2016.04.22 19:02:46.388,0.77928,0.77934,1.00,1.00
2016.04.22 19:02:46.627,0.77928,0.77936,1.69,1.50
2016.04.22 19:02:47.035,0.77929,0.77938,1.35,1.25
2016.04.22 19:02:48.273,0.7793,0.77938,1.00,1.12
2016.04.22 19:02:48.781,0.77929,0.77938,1.50,1.00
2016.04.22 19:02:52.269,0.77928,0.77937,4.35,1.00
2016.04.22 19:02:53.163,0.7793,0.77937,1.00,1.00
2016.04.22 19:02:53.554,0.77928,0.77937,4.35,1.00
2016.04.22 19:02:55.745,0.77928,0.77937,2.85,1.00
2016.04.22 19:02:56.868,0.77929,0.77938,1.35,1.12
2016.04.22 19:02:57.445,0.77928,0.77936,1.00,1.00
2016.04.22 19:03:00.680,0.77927,0.77934,1.35,1.00
2016.04.22 19:03:01.189,0.77927,0.77933,1.00,1.25
2016.04.22 19:03:01.294,0.77925,0.77932,1.35,1.00
2016.04.22 19:03:02.196,0.77924,0.77932,2.10,1.69
2016.04.22 19:03:02.763,0.77923,0.77932,1.54,1.69
2016.04.22 19:03:05.282,0.77923,0.77931,1.54,1.00
2016.04.22 19:03:07.760,0.77923,0.77931,3.04,1.00
2016.04.22 19:03:13.148,0.77923,0.77932,3.04,1.69
2016.04.22 19:03:20.157,0.77923,0.77932,1.54,1.69
2016.04.22 19:03:33.860,0.77923,0.7793,1.25,1.00
2016.04.22 19:03:34.016,0.77923,0.77932,1.25,3.56
2016.04.22 19:03:34.270,0.77923,0.7793,1.25,1.00
2016.04.22 19:03:39.453,0.77923,0.7793,1.00,1.19
2016.04.22 19:03:46.192,0.77923,0.7793,1.00,1.00
2016.04.22 19:03:46.294,0.7792,0.77929,1.00,1.25
2016.04.22 19:03:47.805,0.7792,0.77928,1.00,1.00
2016.04.22 19:03:48.315,0.7792,0.77927,1.00,1.00
2016.04.22 19:04:07.380,0.77919,0.77927,1.25,1.19
2016.04.22 19:04:21.816,0.77921,0.77927,1.00,1.19
2016.04.22 19:04:25.876,0.77921,0.77927,1.00,1.25
2016.04.22 19:04:26.655,0.77919,0.77927,1.00,1.25
2016.04.22 19:04:31.994,0.7792,0.77927,1.00,1.25
2016.04.22 19:04:32.045,0.77923,0.77927,1.00,1.25
2016.04.22 19:04:32.299,0.77926,0.77933,1.50,1.00
2016.04.22 19:04:32.401,0.77927,0.77935,1.50,1.00
2016.04.22 19:04:32.758,0.77925,0.77934,2.25,1.00
2016.04.22 19:04:36.006,0.77924,0.77933,1.50,1.00
2016.04.22 19:04:39.351,0.77925,0.77933,1.00,1.50
2016.04.22 19:04:39.938,0.77926,0.77935,1.00,1.50
2016.04.22 19:04:41.472,0.77927,0.77935,1.00,1.00
2016.04.22 19:04:43.675,0.77928,0.77935,1.25,1.00
2016.04.22 19:04:44.185,0.77929,0.77936,1.00,1.00
2016.04.22 19:04:44.703,0.77927,0.77936,1.19,1.00
2016.04.22 19:04:44.906,0.77926,0.77935,2.25,1.50
2016.04.22 19:04:45.414,0.77927,0.77936,1.00,1.00
2016.04.22 19:04:45.668,0.77926,0.77934,1.69,1.00
2016.04.22 19:04:45.879,0.77924,0.77933,2.25,1.50
2016.04.22 19:04:46.394,0.77923,0.77932,2.81,1.00
2016.04.22 19:04:47.227,0.77924,0.77933,1.00,1.00
2016.04.22 19:04:47.909,0.77924,0.77931,1.00,1.00
2016.04.22 19:04:49.235,0.77925,0.77934,1.50,1.69
2016.04.22 19:04:52.243,0.77925,0.77934,1.00,1.50
2016.04.22 19:04:55.411,0.77925,0.77933,1.00,1.00
2016.04.22 19:04:55.462,0.77924,0.77933,1.00,2.44
2016.04.22 19:04:55.869,0.77922,0.7793,1.00,1.00
2016.04.22 19:04:56.255,0.77924,0.7793,1.00,1.00
2016.04.22 19:04:56.560,0.77924,0.77932,1.00,1.00
2016.04.22 19:04:57.098,0.77923,0.77932,1.00,1.69
2016.04.22 19:04:59.410,0.77923,0.77931,1.00,1.00
2016.04.22 19:04:59.949,0.77923,0.77932,1.00,1.69
2016.04.22 19:05:00.848,0.77923,0.77931,1.00,1.00
2016.04.22 19:05:01.367,0.77923,0.77932,1.00,1.25
2016.04.22 19:05:08.912,0.77926,0.77932,1.00,1.50
2016.04.22 19:05:09.219,0.77931,0.77939,1.00,1.00
2016.04.22 19:05:09.736,0.77931,0.7794,1.50,1.50
2016.04.22 19:05:23.913,0.77932,0.77941,1.00,1.25
2016.04.22 19:05:26.107,0.77931,0.7794,1.00,1.00
2016.04.22 19:05:32.025,0.77932,0.77941,1.00,2.44
2016.04.22 19:05:33.424,0.77931,0.7794,1.00,1.00
2016.04.22 19:05:33.987,0.77933,0.7794,1.00,1.00
2016.04.22 19:05:34.140,0.77935,0.77943,1.00,1.25
2016.04.22 19:05:34.658,0.77935,0.77944,1.50,1.50
2016.04.22 19:05:36.395,0.77936,0.77945,1.00,1.69
2016.04.22 19:05:36.497,0.77936,0.77943,1.00,1.00
2016.04.22 19:05:37.231,0.77936,0.77945,1.50,1.50
2016.04.22 19:05:37.333,0.77938,0.77945,1.00,1.00
2016.04.22 19:05:37.842,0.77936,0.77945,1.00,1.00
2016.04.22 19:05:38.393,0.77937,0.77946,1.00,1.50
2016.04.22 19:05:38.907,0.77937,0.77946,1.00,2.44
2016.04.22 19:05:39.112,0.77935,0.77943,1.00,1.00
2016.04.22 19:05:39.605,0.77932,0.77941,1.00,1.00
2016.04.22 19:05:39.810,0.77934,0.77941,1.00,1.00
2016.04.22 19:05:44.153,0.77934,0.77943,1.00,2.44
2016.04.22 19:05:46.858,0.77933,0.77942,1.00,1.69
2016.04.22 19:05:47.470,0.77934,0.77942,1.00,1.50
2016.04.22 19:05:47.821,0.77936,0.77945,1.00,1.00
2016.04.22 19:05:48.128,0.77938,0.77945,1.00,1.00
2016.04.22 19:05:48.540,0.77936,0.77945,1.00,1.00
2016.04.22 19:05:50.436,0.77936,0.77945,1.19,1.00
2016.04.22 19:05:50.641,0.77939,0.77948,1.00,1.50
2016.04.22 19:05:51.166,0.7794,0.77949,1.00,1.00
2016.04.22 19:05:51.941,0.7794,0.77948,1.00,2.06
2016.04.22 19:05:52.043,0.77938,0.77947,1.00,1.50
2016.04.22 19:05:52.450,0.77937,0.77944,1.00,1.00
2016.04.22 19:05:54.325,0.77938,0.77944,1.00,1.00
2016.04.22 19:05:54.428,0.77939,0.77946,1.50,1.00
2016.04.22 19:05:54.657,0.77939,0.77948,1.50,1.50
2016.04.22 19:05:56.872,0.7794,0.77948,1.00,1.50
2016.04.22 19:05:56.923,0.77942,0.77948,1.00,1.00
2016.04.22 19:05:57.076,0.77942,0.77951,1.50,1.00
2016.04.22 19:05:57.936,0.7794,0.77949,1.69,1.00
2016.04.22 19:05:58.594,0.7794,0.77949,1.00,1.00
2016.04.22 19:05:59.057,0.7794,0.77947,1.00,1.00
2016.04.22 19:05:59.261,0.7794,0.77949,1.50,1.50
2016.04.22 19:06:01.095,0.7794,0.77948,1.50,1.69
2016.04.22 19:06:01.335,0.77938,0.77947,1.00,2.06
2016.04.22 19:06:01.437,0.77936,0.77945,1.69,1.50
2016.04.22 19:06:02.549,0.77935,0.77944,2.44,1.00
2016.04.22 19:06:04.533,0.77937,0.77946,1.00,2.06
2016.04.22 19:06:05.147,0.77936,0.77945,1.25,1.00
2016.04.22 19:06:05.658,0.77937,0.77946,1.00,1.69
2016.04.22 19:06:07.040,0.77937,0.77945,1.00,1.00
2016.04.22 19:06:07.641,0.77937,0.77944,1.00,1.00
2016.04.22 19:06:12.483,0.77935,0.77944,1.69,1.00
2016.04.22 19:06:12.587,0.77933,0.77942,1.69,1.00
2016.04.22 19:06:13.156,0.77935,0.77942,1.00,1.00
2016.04.22 19:06:13.682,0.77935,0.77943,1.50,2.44
2016.04.22 19:06:14.585,0.77933,0.77942,1.25,1.00
2016.04.22 19:06:15.600,0.77933,0.77941,1.69,2.25
2016.04.22 19:06:16.118,0.77934,0.77941,1.00,2.25
2016.04.22 19:06:16.656,0.77935,0.77942,1.00,1.00
2016.04.22 19:06:34.297,0.77935,0.77941,1.00,3.00
2016.04.22 19:06:34.399,0.77931,0.77939,1.00,1.00
2016.04.22 19:06:34.912,0.7793,0.77939,1.69,1.00
2016.04.22 19:06:50.099,0.7793,0.77938,1.25,1.00
2016.04.22 19:06:50.201,0.7793,0.77935,1.00,1.00
2016.04.22 19:06:50.253,0.77928,0.77935,1.00,1.00
2016.04.22 19:06:50.463,0.77926,0.77935,1.50,2.25
2016.04.22 19:06:50.973,0.77927,0.77935,2.25,1.00
2016.04.22 19:06:51.746,0.77927,0.77936,2.25,1.50
2016.04.22 19:06:54.169,0.77926,0.77935,1.25,1.00
2016.04.22 19:06:54.721,0.77925,0.77934,1.50,1.00
2016.04.22 19:06:55.264,0.77925,0.77933,1.00,1.00
2016.04.22 19:07:02.202,0.77925,0.77932,1.00,1.00
2016.04.22 19:07:12.425,0.77925,0.77934,1.25,1.00
2016.04.22 19:07:12.934,0.77926,0.77935,1.00,2.25
2016.04.22 19:07:13.838,0.77927,0.77936,1.00,1.50
2016.04.22 19:07:24.184,0.77927,0.77936,1.00,1.69
2016.04.22 19:07:24.309,0.77925,0.77934,1.50,1.00
2016.04.22 19:07:24.848,0.77926,0.77934,1.69,1.00
2016.04.22 19:07:25.513,0.77926,0.77935,1.69,2.25
2016.04.22 19:07:30.238,0.77926,0.77933,1.50,1.00
2016.04.22 19:07:30.443,0.77924,0.77933,1.00,1.50
2016.04.22 19:07:31.105,0.77925,0.77933,1.00,1.00
2016.04.22 19:07:31.925,0.77925,0.77932,1.50,1.00
2016.04.22 19:07:32.511,0.77925,0.77933,1.00,1.00
2016.04.22 19:07:33.224,0.77924,0.77933,1.50,1.50
2016.04.22 19:07:36.912,0.77925,0.77933,1.00,1.00
2016.04.22 19:07:37.420,0.77924,0.77933,1.50,1.50
2016.04.22 19:07:38.018,0.77925,0.77933,1.00,1.00
2016.04.22 19:07:38.656,0.77925,0.77932,1.00,1.00
2016.04.22 19:07:39.063,0.77925,0.77934,1.00,1.00
2016.04.22 19:07:39.620,0.77926,0.77934,1.00,1.00
2016.04.22 19:07:39.671,0.77926,0.77932,1.50,1.00
2016.04.22 19:07:39.774,0.77923,0.77931,1.00,3.75
2016.04.22 19:07:39.826,0.77923,0.77928,1.00,1.00
2016.04.22 19:07:39.979,0.77919,0.77928,1.69,1.50
2016.04.22 19:07:40.484,0.77919,0.77928,1.50,1.50
2016.04.22 19:07:44.657,0.77919,0.77927,1.00,1.50
2016.04.22 19:07:47.432,0.77919,0.77928,1.00,2.25
2016.04.22 19:07:50.662,0.77919,0.77927,1.00,1.00
2016.04.22 19:07:54.863,0.77919,0.77928,1.50,2.25
2016.04.22 19:07:55.067,0.77921,0.77928,1.00,1.00
2016.04.22 19:07:55.270,0.77919,0.77928,2.44,1.00
2016.04.22 19:07:59.791,0.77919,0.77927,1.00,1.00
2016.04.22 19:08:02.780,0.77919,0.77928,1.00,3.00
2016.04.22 19:08:08.607,0.77919,0.77927,1.00,1.00
2016.04.22 19:08:09.362,0.77919,0.77928,1.25,2.25
2016.04.22 19:08:14.853,0.7792,0.77928,1.00,1.00
2016.04.22 19:08:14.955,0.77922,0.77929,1.00,1.69
2016.04.22 19:08:15.006,0.77923,0.77931,1.50,3.00
2016.04.22 19:08:15.516,0.77924,0.77931,1.50,1.00
2016.04.22 19:08:15.670,0.77927,0.77932,1.00,1.00
2016.04.22 19:08:16.031,0.77925,0.77932,1.00,1.00
2016.04.22 19:08:16.134,0.77925,0.77934,1.00,3.94
2016.04.22 19:08:17.071,0.77925,0.77932,1.00,1.50
2016.04.22 19:08:25.712,0.77925,0.77933,1.00,1.50
2016.04.22 19:08:27.499,0.77925,0.77932,1.00,1.00
2016.04.22 19:08:28.311,0.77925,0.77933,1.00,1.50
2016.04.22 19:08:28.812,0.77925,0.77932,1.00,1.50
2016.04.22 19:08:31.207,0.77925,0.77933,1.00,1.50
2016.04.22 19:08:36.910,0.77927,0.77933,1.00,2.44
2016.04.22 19:08:40.884,0.77927,0.77932,1.00,1.50
2016.04.22 19:08:40.936,0.77924,0.77932,1.00,1.50
2016.04.22 19:08:41.445,0.77925,0.77932,1.00,1.50
2016.04.22 19:08:42.184,0.77925,0.77933,1.00,1.25
2016.04.22 19:08:49.534,0.77924,0.77933,1.50,1.25
2016.04.22 19:08:56.641,0.77926,0.77934,1.00,1.25
2016.04.22 19:08:57.195,0.77926,0.77933,1.00,1.00
2016.04.22 19:09:04.399,0.77926,0.77935,1.00,1.25
2016.04.22 19:09:04.553,0.77928,0.77936,1.00,1.00
2016.04.22 19:09:05.128,0.77929,0.77937,1.00,1.00
2016.04.22 19:09:07.276,0.77929,0.77938,1.00,1.00
2016.04.22 19:09:16.911,0.77928,0.77937,1.25,1.00
2016.04.22 19:09:24.424,0.77928,0.77937,1.00,1.19
2016.04.22 19:09:24.947,0.77928,0.77937,1.25,1.00
2016.04.22 19:09:38.856,0.77928,0.77935,1.00,1.00
2016.04.22 19:09:48.303,0.77926,0.77935,1.69,1.00
2016.04.22 19:09:49.472,0.77927,0.77936,1.00,1.50
2016.04.22 19:09:52.645,0.77927,0.77934,1.00,1.00
2016.04.22 19:09:53.102,0.77927,0.77936,1.00,1.00
2016.04.22 19:09:53.650,0.77928,0.77937,1.00,2.25
2016.04.22 19:10:04.106,0.77927,0.77935,1.00,1.00
2016.04.22 19:10:04.208,0.77925,0.77934,1.50,1.00
2016.04.22 19:10:04.715,0.77924,0.77933,3.00,1.50
2016.04.22 19:10:21.565,0.77924,0.77932,1.50,1.00
2016.04.22 19:10:21.668,0.77924,0.7793,1.50,1.50
2016.04.22 19:10:21.770,0.77921,0.7793,1.00,2.25
2016.04.22 19:10:22.024,0.7792,0.77928,1.00,1.00
2016.04.22 19:10:24.309,0.7792,0.77929,1.00,1.69
2016.04.22 19:10:25.317,0.7792,0.77928,1.00,1.00
2016.04.22 19:10:28.857,0.7792,0.77929,1.00,2.44
2016.04.22 19:10:29.380,0.7792,0.77928,1.00,1.00
2016.04.22 19:10:29.967,0.7792,0.77929,1.00,1.69
2016.04.22 19:10:31.901,0.7792,0.77928,1.00,1.00
2016.04.22 19:10:34.884,0.7792,0.77929,1.00,1.69
2016.04.22 19:10:36.585,0.77921,0.7793,1.00,1.69
2016.04.22 19:10:39.757,0.77921,0.7793,1.00,1.25
2016.04.22 19:10:59.777,0.77922,0.7793,1.00,1.00
2016.04.22 19:11:00.307,0.77922,0.77931,1.50,4.12
2016.04.22 19:11:01.473,0.77923,0.77931,1.00,3.37
2016.04.22 19:11:06.121,0.77921,0.7793,1.25,1.00
2016.04.22 19:11:06.348,0.77923,0.7793,1.50,1.00
2016.04.22 19:11:06.501,0.77923,0.77932,1.50,1.50
2016.04.22 19:11:10.982,0.77924,0.77932,1.00,1.00
2016.04.22 19:11:11.288,0.77926,0.77932,1.00,1.00
2016.04.22 19:11:11.442,0.77927,0.77934,1.00,4.12
2016.04.22 19:11:11.973,0.77928,0.77935,1.00,1.00
2016.04.22 19:11:12.125,0.77926,0.77935,1.50,1.00
2016.04.22 19:11:13.039,0.77928,0.77935,1.00,1.00
2016.04.22 19:11:13.597,0.77926,0.77935,2.25,1.00
2016.04.22 19:11:15.115,0.77928,0.77936,1.00,1.00
2016.04.22 19:11:15.623,0.77928,0.77937,1.00,1.00
2016.04.22 19:11:18.729,0.77927,0.77934,1.50,1.00
2016.04.22 19:11:27.543,0.77925,0.77934,1.50,1.00
2016.04.22 19:11:28.051,0.77924,0.77933,1.50,1.00
2016.04.22 19:11:30.268,0.77925,0.77933,1.00,3.37
2016.04.22 19:11:32.600,0.77925,0.77934,1.50,1.00
2016.04.22 19:11:34.142,0.77926,0.77934,1.25,1.00
2016.04.22 19:11:34.647,0.77925,0.77932,1.50,1.00
2016.04.22 19:11:43.068,0.77925,0.7793,1.00,1.50
2016.04.22 19:11:43.308,0.77921,0.77929,1.60,1.00
2016.04.22 19:11:43.615,0.77919,0.77928,1.00,1.00
2016.04.22 19:11:44.125,0.77919,0.77927,1.00,1.00
2016.04.22 19:11:47.700,0.77918,0.77927,1.00,1.50
2016.04.22 19:11:56.674,0.77919,0.77927,1.00,1.00
2016.04.22 19:11:56.827,0.7792,0.77929,1.00,1.69
2016.04.22 19:12:16.882,0.77921,0.77928,1.00,1.00
2016.04.22 19:12:21.842,0.77919,0.77928,1.50,1.00
2016.04.22 19:12:22.349,0.7792,0.77929,3.60,1.00
2016.04.22 19:12:23.018,0.7792,0.77929,2.10,1.00
2016.04.22 19:12:27.778,0.77919,0.77928,1.25,1.00
2016.04.22 19:12:40.177,0.77921,0.77928,1.00,1.00
2016.04.22 19:12:56.818,0.7792,0.77929,1.00,1.25
2016.04.22 19:13:02.774,0.77921,0.77929,1.00,1.00
2016.04.22 19:13:02.826,0.77922,0.77931,1.00,1.69
2016.04.22 19:13:03.334,0.77922,0.77931,1.00,4.31
2016.04.22 19:13:04.121,0.77922,0.77931,1.00,3.94
2016.04.22 19:13:07.950,0.77923,0.77932,1.00,3.94
2016.04.22 19:13:11.909,0.77923,0.77932,1.00,1.00
2016.04.22 19:13:16.474,0.77924,0.77932,1.00,1.00
2016.04.22 19:13:17.016,0.77924,0.77933,1.50,1.69
2016.04.22 19:13:21.692,0.77923,0.77932,1.00,1.00
2016.04.22 19:13:22.020,0.77925,0.77934,1.00,2.06
2016.04.22 19:13:22.528,0.77924,0.77933,1.25,1.00
2016.04.22 19:13:36.799,0.77925,0.77934,1.00,1.69
2016.04.22 19:13:37.932,0.77924,0.77933,1.00,1.00
2016.04.22 19:13:45.806,0.77924,0.77933,1.00,1.19
2016.04.22 19:13:54.164,0.77924,0.77933,1.00,1.00
2016.04.22 19:13:54.673,0.77925,0.77934,1.50,1.50
2016.04.22 19:14:10.074,0.77925,0.77933,1.50,1.19
2016.04.22 19:14:10.227,0.77923,0.77932,1.00,1.25
2016.04.22 19:14:10.848,0.77922,0.77931,1.00,1.00
2016.04.22 19:14:12.451,0.77923,0.77932,1.50,1.50
2016.04.22 19:14:13.212,0.77924,0.77932,1.00,1.50
2016.04.22 19:14:13.568,0.77925,0.77934,1.50,1.69
2016.04.22 19:14:14.448,0.77929,0.77934,1.00,1.69
2016.04.22 19:14:14.499,0.77927,0.77933,1.00,1.00
2016.04.22 19:14:14.551,0.77929,0.77933,1.00,1.00
2016.04.22 19:14:14.755,0.77932,0.77937,1.00,1.50
2016.04.22 19:14:14.857,0.77932,0.77939,1.00,1.00
2016.04.22 19:14:15.125,0.77934,0.77941,1.00,1.00
2016.04.22 19:14:15.227,0.77932,0.77941,2.51,1.00
2016.04.22 19:14:15.533,0.7793,0.77937,1.00,1.00
2016.04.22 19:14:16.855,0.77929,0.77938,1.00,1.12
2016.04.22 19:14:18.663,0.77929,0.77938,1.00,1.69
2016.04.22 19:14:18.765,0.77927,0.77936,1.00,1.00
2016.04.22 19:14:22.071,0.77929,0.77938,1.00,1.00
2016.04.22 19:14:23.456,0.7793,0.77939,1.00,1.25
2016.04.22 19:14:33.367,0.77932,0.7794,1.00,1.19
2016.04.22 19:14:33.419,0.77932,0.77941,1.00,1.00
2016.04.22 19:14:56.824,0.77933,0.7794,1.00,1.00
2016.04.22 19:15:00.125,0.77934,0.77943,1.50,1.50
2016.04.22 19:15:00.687,0.77934,0.77943,1.50,2.44
2016.04.22 19:15:00.942,0.77936,0.77945,1.00,2.06
2016.04.22 19:15:01.134,0.77938,0.77945,1.00,1.00
2016.04.22 19:15:01.696,0.77938,0.77945,1.00,1.19
2016.04.22 19:15:01.747,0.77935,0.77944,1.00,1.25
2016.04.22 19:15:01.952,0.77933,0.77942,1.69,1.00
2016.04.22 19:15:02.435,0.77932,0.77941,1.00,1.00
2016.04.22 19:15:02.539,0.77932,0.77939,1.00,1.00
2016.04.22 19:15:02.844,0.7793,0.77939,1.00,1.00
2016.04.22 19:15:06.672,0.77931,0.7794,1.00,1.69
2016.04.22 19:15:07.626,0.77931,0.7794,1.00,1.19
2016.04.22 19:15:09.149,0.7793,0.77939,1.00,1.69
2016.04.22 19:15:10.227,0.7793,0.77938,1.00,1.00
2016.04.22 19:15:10.841,0.77929,0.77938,1.69,1.50
2016.04.22 19:15:13.987,0.7793,0.77939,1.00,1.69
2016.04.22 19:15:17.114,0.77929,0.77938,1.25,1.00
2016.04.22 19:15:17.623,0.7793,0.77939,1.00,1.25
2016.04.22 19:15:19.113,0.77929,0.77938,1.25,1.00
2016.04.22 19:15:20.079,0.7793,0.77937,1.00,1.00
2016.04.22 19:15:24.194,0.77928,0.77937,1.19,1.00
2016.04.22 19:15:25.909,0.77928,0.77937,1.25,1.00
2016.04.22 19:15:30.344,0.77929,0.77937,1.00,1.00
2016.04.22 19:15:30.853,0.77929,0.77938,2.25,1.00
2016.04.22 19:15:34.103,0.77928,0.77937,1.50,1.50
2016.04.22 19:15:34.339,0.7793,0.77937,1.00,1.00
2016.04.22 19:15:39.616,0.77928,0.77937,1.69,1.00
2016.04.22 19:15:39.718,0.7793,0.77937,1.00,1.00
2016.04.22 19:15:40.268,0.77929,0.77938,1.00,1.69
2016.04.22 19:15:45.608,0.7793,0.77938,1.00,1.25
2016.04.22 19:15:45.955,0.77932,0.77939,1.00,1.00
2016.04.22 19:15:55.877,0.77932,0.77941,1.00,1.50
2016.04.22 19:15:57.621,0.77932,0.7794,1.00,1.00
2016.04.22 19:15:58.156,0.77932,0.77941,1.50,1.50
2016.04.22 19:16:06.784,0.77934,0.77941,1.00,1.00
2016.04.22 19:16:09.403,0.77935,0.77944,1.50,1.00
2016.04.22 19:16:09.913,0.77936,0.77945,1.50,1.50
2016.04.22 19:16:18.413,0.77935,0.77944,1.50,1.00
2016.04.22 19:16:20.414,0.77937,0.77944,1.00,1.50
2016.04.22 19:16:22.493,0.77937,0.77946,1.00,1.69
2016.04.22 19:16:26.738,0.77938,0.77947,1.00,1.50
2016.04.22 19:16:29.394,0.77937,0.77946,1.50,1.00
2016.04.22 19:16:32.768,0.77937,0.77945,1.00,1.25
2016.04.22 19:16:33.043,0.77935,0.77944,1.00,1.50
2016.04.22 19:16:35.968,0.77936,0.77944,1.00,1.00
2016.04.22 19:16:36.480,0.77935,0.77944,1.00,1.00
2016.04.22 19:16:36.532,0.77937,0.77944,1.00,1.00
2016.04.22 19:16:37.212,0.77935,0.77944,1.00,1.00
2016.04.22 19:16:47.474,0.77936,0.77945,1.00,1.69
2016.04.22 19:16:53.271,0.77936,0.77945,1.00,1.62
2016.04.22 19:16:53.779,0.77936,0.77945,1.00,1.25
2016.04.22 19:17:02.946,0.77936,0.77944,1.00,1.00
2016.04.22 19:17:03.455,0.77936,0.77945,1.00,1.69
2016.04.22 19:17:04.196,0.77938,0.77946,1.00,1.19
2016.04.22 19:17:04.349,0.77938,0.77947,1.00,1.00
2016.04.22 19:17:05.556,0.77938,0.77947,1.00,1.19
2016.04.22 19:17:06.076,0.77938,0.77947,1.00,1.25
2016.04.22 19:17:08.703,0.7794,0.77948,1.00,1.50
2016.04.22 19:17:09.331,0.77941,0.77948,1.00,1.00
2016.04.22 19:17:09.840,0.7794,0.77948,1.00,1.00
2016.04.22 19:17:10.348,0.77941,0.77948,1.50,1.00
2016.04.22 19:17:11.540,0.77941,0.77949,1.50,1.00
2016.04.22 19:17:15.249,0.77941,0.7795,1.50,2.25
2016.04.22 19:17:15.912,0.77944,0.7795,1.00,1.50
2016.04.22 19:17:16.014,0.77942,0.7795,1.50,1.00
2016.04.22 19:17:18.004,0.77943,0.7795,1.00,1.00
2016.04.22 19:17:18.055,0.77943,0.77952,1.00,4.69
2016.04.22 19:17:19.829,0.77943,0.7795,1.00,1.00
2016.04.22 19:17:26.471,0.77943,0.77948,1.00,1.00
2016.04.22 19:17:28.073,0.77943,0.7795,1.00,1.00
2016.04.22 19:17:36.909,0.77942,0.77951,1.00,1.87
2016.04.22 19:17:41.155,0.77942,0.7795,1.00,1.00
2016.04.22 19:17:42.491,0.77943,0.77952,1.00,1.50
2016.04.22 19:17:43.022,0.77943,0.77952,1.00,2.06
2016.04.22 19:17:43.530,0.77942,0.77951,1.00,1.37
2016.04.22 19:17:44.212,0.77942,0.77951,1.00,1.50
2016.04.22 19:17:45.496,0.77942,0.7795,1.00,1.00
2016.04.22 19:17:48.529,0.77941,0.7795,1.00,1.50
2016.04.22 19:17:48.885,0.77941,0.77949,1.00,2.06
2016.04.22 19:17:49.038,0.77937,0.77946,1.00,1.00
2016.04.22 19:17:54.023,0.77939,0.77948,1.00,2.81
2016.04.22 19:17:54.592,0.77938,0.77947,1.00,1.12
2016.04.22 19:17:56.869,0.77939,0.77948,2.25,1.00
2016.04.22 19:17:57.174,0.77942,0.77951,1.50,1.25
2016.04.22 19:17:57.700,0.77942,0.7795,1.00,1.00
2016.04.22 19:17:58.439,0.7794,0.77949,1.00,1.00
2016.04.22 19:17:58.920,0.7794,0.77947,1.00,1.25
2016.04.22 19:17:58.972,0.77937,0.77946,1.00,1.00
2016.04.22 19:18:05.525,0.77937,0.77945,1.00,1.00
2016.04.22 19:18:05.671,0.77935,0.77944,2.44,1.00
2016.04.22 19:18:07.158,0.77934,0.77943,1.00,1.00
2016.04.22 19:18:12.080,0.77933,0.77942,1.00,1.00
2016.04.22 19:18:14.785,0.77934,0.77943,1.00,1.00
2016.04.22 19:18:15.315,0.77933,0.77942,1.50,1.50
2016.04.22 19:18:15.873,0.77934,0.77943,1.00,1.00
2016.04.22 19:18:16.416,0.77933,0.77942,1.00,1.00
2016.04.22 19:18:17.591,0.77934,0.77943,1.00,1.00
2016.04.22 19:18:18.123,0.77933,0.77942,1.00,1.00
2016.04.22 19:18:33.028,0.77935,0.77942,1.00,1.25
2016.04.22 19:18:33.284,0.77938,0.77947,2.25,1.00
2016.04.22 19:18:33.386,0.7794,0.77947,1.00,1.00
2016.04.22 19:18:33.488,0.7794,0.77949,1.50,1.00
2016.04.22 19:18:34.472,0.7794,0.77948,1.00,1.00
2016.04.22 19:18:35.487,0.77942,0.77948,1.00,1.00
2016.04.22 19:18:46.160,0.77942,0.77949,1.00,1.87
2016.04.22 19:18:49.165,0.77942,0.77951,1.00,2.25
2016.04.22 19:18:49.729,0.77941,0.7795,1.00,1.00
2016.04.22 19:18:51.047,0.77941,0.77948,1.00,1.00
2016.04.22 19:18:52.707,0.77941,0.77948,1.00,2.06
2016.04.22 19:18:52.758,0.77938,0.77947,1.00,1.25
2016.04.22 19:18:53.259,0.77937,0.77946,1.00,1.00
2016.04.22 19:18:54.642,0.77938,0.77947,1.50,3.19
2016.04.22 19:19:03.066,0.77938,0.77947,1.50,2.44
2016.04.22 19:19:04.621,0.77936,0.77945,1.25,1.00
2016.04.22 19:19:06.052,0.77937,0.77946,1.00,2.06
2016.04.22 19:19:07.160,0.77935,0.77944,2.44,1.50
2016.04.22 19:19:20.855,0.77935,0.77944,1.69,1.50
2016.04.22 19:19:29.751,0.77935,0.77944,1.50,2.06
2016.04.22 19:19:30.299,0.77934,0.77943,1.00,1.25
2016.04.22 19:19:30.819,0.77933,0.77942,1.69,1.00
2016.04.22 19:19:31.363,0.77934,0.77943,1.00,1.25
2016.04.22 19:19:33.875,0.77934,0.77941,1.00,1.00
2016.04.22 19:19:34.407,0.77935,0.77942,1.00,1.00
2016.04.22 19:19:35.873,0.77933,0.77942,1.25,1.00
2016.04.22 19:19:36.374,0.77934,0.77943,1.50,1.69
2016.04.22 19:19:44.428,0.77936,0.77943,1.00,1.25
2016.04.22 19:19:47.510,0.77937,0.77943,1.00,1.00
2016.04.22 19:19:47.612,0.77938,0.77946,1.00,1.50
2016.04.22 19:19:47.852,0.7794,0.77948,1.00,1.50
2016.04.22 19:19:52.351,0.7794,0.77949,1.50,1.00
2016.04.22 19:19:55.153,0.7794,0.77947,1.00,1.00
2016.04.22 19:19:59.817,0.77941,0.7795,1.00,1.69
2016.04.22 19:20:00.950,0.77939,0.77948,1.00,1.00
2016.04.22 19:20:04.662,0.77938,0.77947,1.00,1.00
2016.04.22 19:20:05.169,0.77937,0.77946,1.50,1.50
2016.04.22 19:20:06.163,0.77936,0.77945,1.00,1.00
2016.04.22 19:20:13.598,0.77938,0.77945,1.00,1.00
2016.04.22 19:20:14.106,0.77938,0.77946,1.00,1.25
2016.04.22 19:20:14.614,0.77938,0.77947,1.50,1.50
2016.04.22 19:20:27.322,0.77939,0.77947,1.00,1.50
2016.04.22 19:20:31.180,0.77938,0.77947,1.50,1.50
2016.04.22 19:20:36.794,0.77939,0.77946,1.00,1.00
2016.04.22 19:20:49.511,0.77938,0.77946,1.00,1.00
2016.04.22 19:20:49.614,0.77936,0.77945,1.50,1.00
2016.04.22 19:20:50.391,0.77937,0.77946,1.00,1.00
2016.04.22 19:20:53.985,0.77939,0.77946,1.00,1.00
2016.04.22 19:20:59.272,0.77938,0.77945,1.00,1.00
2016.04.22 19:21:02.363,0.77939,0.77948,1.00,1.00
2016.04.22 19:21:04.114,0.77937,0.77946,1.00,1.00
2016.04.22 19:21:07.797,0.77938,0.77947,1.00,5.44
2016.04.22 19:21:08.401,0.77939,0.77947,1.00,1.00
2016.04.22 19:21:08.727,0.77943,0.77951,1.00,1.00
2016.04.22 19:21:09.778,0.77942,0.77951,1.50,1.00
2016.04.22 19:21:11.876,0.77942,0.7795,1.00,1.00
2016.04.22 19:21:12.383,0.77941,0.7795,1.00,1.00
2016.04.22 19:21:17.385,0.77941,0.7795,1.00,1.37
2016.04.22 19:21:18.128,0.77941,0.7795,1.00,1.12
2016.04.22 19:21:18.822,0.77942,0.77951,1.00,3.00
2016.04.22 19:21:21.083,0.77942,0.77951,1.00,2.62
2016.04.22 19:21:21.998,0.77944,0.77951,1.00,1.12
2016.04.22 19:21:22.544,0.77943,0.77951,1.00,1.00
2016.04.22 19:21:26.236,0.77943,0.77952,1.25,1.87
2016.04.22 19:21:29.330,0.77944,0.77952,1.00,1.00
2016.04.22 19:21:29.881,0.77943,0.77952,2.44,1.00
2016.04.22 19:21:30.394,0.77944,0.77952,1.00,1.00
2016.04.22 19:21:30.898,0.77943,0.77952,1.69,1.00
2016.04.22 19:21:31.462,0.77943,0.77952,1.50,1.19
2016.04.22 19:21:33.245,0.77942,0.77951,1.50,1.25
2016.04.22 19:21:33.803,0.77943,0.77952,1.00,1.19
2016.04.22 19:21:34.534,0.77942,0.77951,2.25,1.25
2016.04.22 19:21:35.085,0.77943,0.77952,1.00,1.19
2016.04.22 19:21:36.887,0.77943,0.77952,1.69,1.00
2016.04.22 19:21:37.395,0.77944,0.77952,1.00,1.00
2016.04.22 19:21:38.191,0.77944,0.77952,2.06,1.00
2016.04.22 19:21:38.498,0.77947,0.77954,1.50,1.00
2016.04.22 19:21:38.802,0.7795,0.77957,1.00,1.00
2016.04.22 19:21:38.955,0.77948,0.77957,1.50,1.00
2016.04.22 19:21:45.582,0.77949,0.77958,1.00,1.50
2016.04.22 19:21:46.099,0.77948,0.77957,1.00,1.12
2016.04.22 19:21:46.911,0.77947,0.77956,1.50,1.00
2016.04.22 19:21:47.892,0.77946,0.77955,1.50,1.00
2016.04.22 19:21:52.595,0.77945,0.77953,1.00,1.00
2016.04.22 19:21:53.074,0.77946,0.77955,1.00,1.50
2016.04.22 19:21:54.893,0.77945,0.77954,1.50,1.00
2016.04.22 19:21:59.409,0.77946,0.77954,1.00,1.00
2016.04.22 19:21:59.511,0.77947,0.77956,1.00,2.44
2016.04.22 19:22:06.366,0.77946,0.77955,2.25,1.00
2016.04.22 19:22:08.156,0.77949,0.77955,1.00,1.00
2016.04.22 19:22:08.682,0.77949,0.77956,1.00,1.00
2016.04.22 19:22:10.940,0.77949,0.77958,1.00,1.69
2016.04.22 19:22:18.849,0.77948,0.77957,1.00,1.25
2016.04.22 19:22:31.391,0.77949,0.77958,1.00,1.19
2016.04.22 19:22:34.093,0.7795,0.77958,1.00,1.00
2016.04.22 19:22:34.601,0.7795,0.77959,1.50,1.50
2016.04.22 19:22:35.218,0.77952,0.77959,1.00,1.50
2016.04.22 19:22:35.644,0.77953,0.77962,1.50,1.69
2016.04.22 19:22:36.800,0.77953,0.77961,1.00,1.00
2016.04.22 19:22:37.429,0.77952,0.77961,1.00,1.00
2016.04.22 19:22:43.819,0.77951,0.77959,1.50,1.00
2016.04.22 19:22:44.354,0.7795,0.77959,1.00,1.25
2016.04.22 19:22:44.812,0.77952,0.77959,1.00,1.00
2016.04.22 19:22:45.779,0.7795,0.77959,1.00,1.00
2016.04.22 19:22:46.281,0.77951,0.7796,1.00,1.25
2016.04.22 19:22:48.230,0.7795,0.77959,1.50,1.50
2016.04.22 19:22:57.368,0.77948,0.77957,2.25,1.50
2016.04.22 19:22:57.978,0.77949,0.77957,1.00,1.00
2016.04.22 19:22:58.357,0.7795,0.77959,1.00,1.69
2016.04.22 19:22:58.896,0.77951,0.7796,1.00,1.00
2016.04.22 19:22:59.861,0.77952,0.77961,1.00,1.69
2016.04.22 19:23:00.284,0.77954,0.77961,1.00,1.00
2016.04.22 19:23:01.055,0.77952,0.77961,1.50,1.00
2016.04.22 19:23:02.076,0.77951,0.7796,1.50,1.00
2016.04.22 19:23:02.946,0.77956,0.7796,1.00,1.00
2016.04.22 19:23:02.998,0.77954,0.7796,1.00,1.00
2016.04.22 19:23:03.100,0.77954,0.77963,2.25,1.00
2016.04.22 19:23:03.151,0.77956,0.77963,1.00,1.00
2016.04.22 19:23:03.328,0.77956,0.77965,1.50,1.00
2016.04.22 19:23:06.377,0.77955,0.77964,2.25,1.50
2016.04.22 19:23:09.555,0.77955,0.77963,1.50,1.50
2016.04.22 19:23:09.607,0.77953,0.77962,1.00,1.00
2016.04.22 19:23:10.128,0.77952,0.77961,1.50,1.00
2016.04.22 19:23:11.088,0.77953,0.77962,1.00,1.50
2016.04.22 19:23:13.073,0.77954,0.77963,1.00,1.69
2016.04.22 19:23:16.692,0.77953,0.77962,1.50,1.00
2016.04.22 19:23:17.194,0.77954,0.77963,1.00,1.25
2016.04.22 19:23:19.018,0.77954,0.77961,1.00,1.00
2016.04.22 19:23:19.222,0.77954,0.77963,1.00,1.25
2016.04.22 19:23:21.736,0.77953,0.77962,1.00,1.00
2016.04.22 19:23:22.244,0.77954,0.77963,1.00,1.69
2016.04.22 19:23:31.035,0.77954,0.77961,1.50,1.00
2016.04.22 19:23:31.436,0.77952,0.77961,1.50,1.00
2016.04.22 19:23:32.043,0.77951,0.7796,2.44,1.00
2016.04.22 19:23:32.145,0.77953,0.7796,1.00,1.00
2016.04.22 19:23:32.858,0.77951,0.7796,1.69,1.00
2016.04.22 19:23:33.372,0.77952,0.77961,1.00,1.00
2016.04.22 19:23:36.821,0.77951,0.7796,1.50,1.00
2016.04.22 19:24:07.014,0.77951,0.77959,1.00,1.00
2016.04.22 19:24:07.515,0.77951,0.7796,1.00,2.25
2016.04.22 19:24:10.245,0.77951,0.77959,1.00,1.00
2016.04.22 19:24:10.775,0.77951,0.7796,1.00,2.25
2016.04.22 19:24:11.475,0.77951,0.77959,1.00,1.00
2016.04.22 19:24:11.976,0.77951,0.7796,1.00,2.25
2016.04.22 19:24:16.955,0.77951,0.77958,1.00,1.00
2016.04.22 19:24:30.775,0.77951,0.77957,1.00,1.00
2016.04.22 19:24:31.433,0.77951,0.77958,1.00,2.44
2016.04.22 19:24:33.634,0.77951,0.77957,1.00,1.00
2016.04.22 19:24:36.875,0.77949,0.77957,1.00,1.00
2016.04.22 19:24:38.489,0.77949,0.77956,1.00,1.00
2016.04.22 19:24:51.519,0.77949,0.77958,1.00,2.44
2016.04.22 19:24:52.053,0.77948,0.77957,1.50,1.50
2016.04.22 19:25:00.204,0.77948,0.77956,1.50,1.00
2016.04.22 19:25:00.729,0.77946,0.77955,1.50,1.25
2016.04.22 19:25:11.987,0.77946,0.77953,1.00,1.00
2016.04.22 19:25:12.294,0.77941,0.77949,1.00,1.00
2016.04.22 19:25:12.446,0.77939,0.77948,1.50,1.00
2016.04.22 19:25:26.813,0.77941,0.77948,1.00,1.00
2016.04.22 19:25:29.517,0.77941,0.7795,1.00,1.00
2016.04.22 19:25:29.673,0.77941,0.77948,1.00,1.00
2016.04.22 19:25:29.725,0.77939,0.77948,1.50,1.50
2016.04.22 19:25:32.098,0.77941,0.77948,1.00,1.00
2016.04.22 19:25:34.106,0.77942,0.77949,1.00,1.00
2016.04.22 19:25:34.208,0.77943,0.77951,1.00,1.00
2016.04.22 19:25:34.717,0.77942,0.77951,1.00,1.50
2016.04.22 19:25:35.237,0.77941,0.7795,1.00,1.00
2016.04.22 19:25:36.743,0.77941,0.77948,1.00,1.00
2016.04.22 19:25:36.896,0.77938,0.77946,1.25,1.00
2016.04.22 19:25:37.404,0.77937,0.77946,1.00,1.00
2016.04.22 19:25:39.421,0.77938,0.77946,1.00,1.00
2016.04.22 19:25:39.523,0.7794,0.77947,1.00,1.00
2016.04.22 19:25:42.143,0.77938,0.7795,1.00,3.56
2016.04.22 19:25:43.947,0.77938,0.7795,1.00,4.12
2016.04.22 19:25:45.825,0.77938,0.7795,1.00,4.31
2016.04.22 19:25:46.159,0.7794,0.7795,1.25,1.87
2016.04.22 19:25:46.667,0.7794,0.77951,2.44,1.00
2016.04.22 19:26:02.738,0.77937,0.7795,5.89,1.00
2016.04.22 19:26:02.992,0.77937,0.7795,4.95,1.00
2016.04.22 19:26:05.061,0.77937,0.77949,2.25,1.00
2016.04.22 19:26:05.113,0.77937,0.77947,1.69,1.25
2016.04.22 19:26:05.622,0.77936,0.77947,2.25,1.50
2016.04.22 19:26:10.676,0.77936,0.77946,1.00,1.00
2016.04.22 19:26:11.229,0.77936,0.77947,1.00,3.94
2016.04.22 19:26:20.092,0.77935,0.77947,1.25,1.69
2016.04.22 19:26:22.296,0.77935,0.77946,1.69,1.00
2016.04.22 19:26:22.819,0.77935,0.77947,1.25,2.44
2016.04.22 19:26:23.469,0.77935,0.77946,1.25,1.00
2016.04.22 19:26:23.992,0.77935,0.77947,1.25,3.19
2016.04.22 19:26:24.510,0.77935,0.77946,1.25,1.00
2016.04.22 19:26:25.161,0.77935,0.77947,1.25,3.19
2016.04.22 19:26:27.161,0.77935,0.77946,1.25,1.00
2016.04.22 19:26:27.901,0.77935,0.77947,1.25,3.19
2016.04.22 19:26:32.040,0.77935,0.77945,1.00,1.69
2016.04.22 19:26:32.346,0.77932,0.77942,1.00,1.00
2016.04.22 19:26:33.039,0.77932,0.77944,1.50,6.19
2016.04.22 19:26:33.720,0.77932,0.77944,2.44,4.50
2016.04.22 19:26:33.976,0.77935,0.77944,1.00,1.00
2016.04.22 19:26:34.484,0.77936,0.77945,1.00,1.00
2016.04.22 19:26:34.992,0.77935,0.77945,1.25,1.00
2016.04.22 19:26:38.221,0.77934,0.77945,2.25,1.50
2016.04.22 19:26:53.436,0.77934,0.77945,1.19,1.69
2016.04.22 19:26:56.413,0.77934,0.77945,1.25,1.50
2016.04.22 19:27:00.324,0.77934,0.77944,1.69,1.00
2016.04.22 19:27:00.867,0.77933,0.77943,1.00,1.00
2016.04.22 19:27:01.486,0.77932,0.77943,2.25,1.00
2016.04.22 19:27:05.414,0.77932,0.77942,2.25,1.00
2016.04.22 19:27:07.507,0.7793,0.77942,2.44,3.75
2016.04.22 19:27:23.681,0.7793,0.77941,1.50,1.00
2016.04.22 19:27:23.988,0.77929,0.77939,1.00,1.00
2016.04.22 19:27:24.521,0.77928,0.7794,1.25,1.25
2016.04.22 19:27:25.159,0.77928,0.77939,1.00,3.75
2016.04.22 19:27:25.676,0.77927,0.77939,4.12,3.75
2016.04.22 19:27:27.853,0.77927,0.77939,4.31,3.75
2016.04.22 19:27:28.767,0.77929,0.7794,1.69,4.50
2016.04.22 19:27:29.173,0.77929,0.77938,1.50,4.50
2016.04.22 19:27:29.428,0.77927,0.77938,1.69,4.50
2016.04.22 19:27:30.184,0.77927,0.77936,1.25,3.75
2016.04.22 19:27:30.856,0.77927,0.77939,1.25,4.69
2016.04.22 19:27:31.582,0.77928,0.77939,1.00,1.25
2016.04.22 19:27:32.091,0.77928,0.77941,3.94,3.19
2016.04.22 19:27:35.671,0.77928,0.7794,1.69,3.00
2016.04.22 19:27:36.225,0.77928,0.7794,1.50,3.00
2016.04.22 19:27:40.713,0.77928,0.77939,1.00,1.00
2016.04.22 19:27:41.235,0.77927,0.77939,1.50,1.50
2016.04.22 19:27:59.988,0.77927,0.77938,1.00,3.00
2016.04.22 19:28:05.467,0.77927,0.77939,1.00,4.50
2016.04.22 19:28:13.417,0.77927,0.77938,1.00,3.75
2016.04.22 19:28:14.718,0.77927,0.77939,1.00,4.50
2016.04.22 19:28:15.654,0.77927,0.77938,1.00,1.00
2016.04.22 19:28:15.706,0.77927,0.77936,1.00,1.25
2016.04.22 19:28:16.012,0.77925,0.77932,1.00,4.50
2016.04.22 19:28:16.402,0.77922,0.77932,1.00,3.75
2016.04.22 19:28:17.012,0.77922,0.77933,1.50,3.75
2016.04.22 19:28:21.118,0.77922,0.77933,1.69,3.75
2016.04.22 19:28:21.746,0.77922,0.77934,1.69,1.00
2016.04.22 19:28:23.635,0.77926,0.77934,1.00,1.00
2016.04.22 19:28:23.829,0.77928,0.77937,1.50,1.25
2016.04.22 19:28:23.891,0.77928,0.77939,2.44,1.00
2016.04.22 19:28:24.095,0.7793,0.77941,1.69,3.94
2016.04.22 19:28:25.807,0.77929,0.77938,1.19,1.00
2016.04.22 19:28:25.859,0.77928,0.77938,1.00,1.50
2016.04.22 19:28:25.910,0.77927,0.77936,1.50,1.00
2016.04.22 19:28:26.215,0.77924,0.77935,1.69,1.00
2016.04.22 19:28:26.722,0.77925,0.77936,1.00,4.69
2016.04.22 19:28:28.754,0.77924,0.77936,2.44,1.25
2016.04.22 19:28:29.281,0.77924,0.77935,1.25,3.75
2016.04.22 19:28:30.386,0.77926,0.77935,1.00,3.75
2016.04.22 19:28:30.918,0.77926,0.77936,1.25,1.00
2016.04.22 19:28:33.777,0.77925,0.77936,1.50,1.00
2016.04.22 19:28:34.299,0.77926,0.77936,1.00,1.00
2016.04.22 19:28:34.604,0.77929,0.7794,1.19,1.50
2016.04.22 19:28:35.537,0.77929,0.7794,1.00,1.00
2016.04.22 19:28:37.378,0.77929,0.7794,1.19,1.25
2016.04.22 19:28:38.723,0.77931,0.77941,1.00,3.19
2016.04.22 19:28:38.927,0.77931,0.77942,1.00,3.00
2016.04.22 19:28:39.468,0.77931,0.77941,1.00,1.00
2016.04.22 19:28:39.791,0.77929,0.77941,1.50,1.00
2016.04.22 19:28:43.416,0.77931,0.77942,1.50,3.19
2016.04.22 19:28:43.619,0.77932,0.77943,1.00,1.25
2016.04.22 19:28:44.127,0.77932,0.77943,1.69,1.25
2016.04.22 19:28:47.959,0.77932,0.77943,1.00,1.00
2016.04.22 19:28:48.473,0.77932,0.77942,1.00,1.00
2016.04.22 19:28:48.930,0.7793,0.77943,3.75,2.25
2016.04.22 19:28:50.163,0.7793,0.77942,4.50,1.00
2016.04.22 19:28:50.671,0.7793,0.77941,2.44,1.00
2016.04.22 19:28:55.973,0.7793,0.7794,1.25,1.00
2016.04.22 19:28:56.523,0.7793,0.77941,1.25,1.50
2016.04.22 19:28:59.715,0.77931,0.77941,1.00,1.00
2016.04.22 19:29:03.111,0.7793,0.77941,1.54,1.00
2016.04.22 19:29:04.307,0.77931,0.77941,1.00,1.00
2016.04.22 19:29:04.830,0.7793,0.77941,1.25,1.00
2016.04.22 19:29:06.516,0.77929,0.77941,1.35,1.69
2016.04.22 19:29:36.524,0.7793,0.7794,1.00,1.25
2016.04.22 19:29:46.135,0.77929,0.77939,1.00,1.00
2016.04.22 19:29:46.326,0.77926,0.77937,1.69,1.50
2016.04.22 19:29:46.378,0.77926,0.77933,1.25,1.00
2016.04.22 19:29:46.480,0.77924,0.77934,1.00,1.50
2016.04.22 19:29:46.582,0.77922,0.77934,1.50,2.44
2016.04.22 19:29:47.210,0.77922,0.77934,1.00,3.00
2016.04.22 19:29:47.980,0.77922,0.77933,1.00,1.00
2016.04.22 19:29:59.333,0.77922,0.77934,1.69,1.00
2016.04.22 19:30:00.692,0.77923,0.77935,1.69,1.25
2016.04.22 19:30:05.193,0.77922,0.77934,2.44,1.00
2016.04.22 19:30:08.215,0.77922,0.77932,2.44,1.00
2016.04.22 19:30:08.526,0.7792,0.77928,1.00,1.00
2016.04.22 19:30:08.578,0.77918,0.77929,1.00,1.69
2016.04.22 19:30:09.087,0.77917,0.77928,1.69,1.50
2016.04.22 19:30:09.788,0.77917,0.77928,1.50,2.44
2016.04.22 19:30:17.586,0.77916,0.77928,1.00,5.44
2016.04.22 19:30:19.028,0.77916,0.77928,1.69,4.50
2016.04.22 19:30:19.586,0.77916,0.77928,1.00,3.19
2016.04.22 19:30:20.046,0.77916,0.77926,2.44,1.00
2016.04.22 19:30:23.180,0.77916,0.77927,3.19,1.50
2016.04.22 19:30:23.232,0.77916,0.77927,2.44,1.69
2016.04.22 19:30:23.746,0.77916,0.77927,1.19,1.50
2016.04.22 19:30:27.356,0.77916,0.77928,1.19,3.00
2016.04.22 19:30:31.907,0.77917,0.77928,1.00,1.19
2016.04.22 19:30:38.363,0.77917,0.77927,1.19,1.00
2016.04.22 19:30:38.865,0.77917,0.77928,1.19,3.00
2016.04.22 19:30:45.980,0.77917,0.77928,1.69,1.25
2016.04.22 19:30:46.082,0.77917,0.77926,1.25,1.00
2016.04.22 19:30:46.593,0.77917,0.77927,1.25,1.00
2016.04.22 19:30:47.202,0.77917,0.77925,1.25,1.00
2016.04.22 19:30:47.406,0.77917,0.77927,1.25,1.00
2016.04.22 19:30:47.945,0.77917,0.77926,1.25,1.00
2016.04.22 19:30:49.180,0.77917,0.77925,1.00,1.00
2016.04.22 19:30:49.840,0.77917,0.77926,1.00,1.00
2016.04.22 19:30:50.540,0.77916,0.77926,1.50,1.00
2016.04.22 19:30:50.746,0.77916,0.77927,1.69,1.00
2016.04.22 19:30:51.377,0.77916,0.77926,1.69,1.00
2016.04.22 19:30:53.243,0.77916,0.77925,1.69,1.00
2016.04.22 19:30:55.855,0.77916,0.77926,1.69,1.00
2016.04.22 19:31:01.369,0.77916,0.77926,1.50,1.00
2016.04.22 19:31:02.063,0.77916,0.77926,2.44,1.00
2016.04.22 19:31:03.016,0.77916,0.77926,1.50,1.00
2016.04.22 19:31:06.634,0.77916,0.77925,1.50,1.00
2016.04.22 19:31:06.686,0.77916,0.77925,2.44,1.00
2016.04.22 19:31:06.788,0.77916,0.77925,1.00,1.00
2016.04.22 19:31:06.890,0.77916,0.77925,1.69,1.00
2016.04.22 19:31:07.106,0.77916,0.77925,1.00,1.00
2016.04.22 19:31:07.675,0.77916,0.77924,1.00,1.00
2016.04.22 19:31:08.103,0.77916,0.77923,1.69,1.00
2016.04.22 19:31:10.069,0.77916,0.77922,1.69,1.00
2016.04.22 19:31:10.221,0.77916,0.77924,1.69,1.00
2016.04.22 19:31:20.662,0.77916,0.77925,1.69,1.00
2016.04.22 19:31:25.801,0.77916,0.77925,1.19,1.00
2016.04.22 19:31:26.373,0.77916,0.77924,1.19,1.00
2016.04.22 19:31:27.160,0.77916,0.77923,1.19,1.00
2016.04.22 19:31:34.799,0.77916,0.77923,1.69,1.00
2016.04.22 19:31:41.433,0.77914,0.77922,1.25,1.00
2016.04.22 19:31:41.990,0.77912,0.77921,1.00,1.00
2016.04.22 19:31:42.142,0.7791,0.77921,1.50,4.69
2016.04.22 19:31:42.652,0.77909,0.77921,1.00,5.44
2016.04.22 19:31:43.190,0.77909,0.77919,1.00,1.00
2016.04.22 19:31:43.711,0.77909,0.77921,1.00,4.69
2016.04.22 19:31:45.393,0.77909,0.77918,1.50,1.00
2016.04.22 19:31:45.598,0.77911,0.77921,1.00,1.00
2016.04.22 19:31:46.021,0.77911,0.77922,2.44,1.00
2016.04.22 19:31:48.710,0.77911,0.77923,2.44,1.50
2016.04.22 19:31:49.016,0.77911,0.77921,3.19,1.00
2016.04.22 19:31:51.225,0.77911,0.77921,1.69,1.00
2016.04.22 19:31:52.549,0.77911,0.77921,3.19,1.00
2016.04.22 19:32:01.583,0.77913,0.77923,1.25,1.00
2016.04.22 19:32:03.113,0.77913,0.77924,1.25,1.50
2016.04.22 19:32:04.552,0.77913,0.77923,1.25,1.00
2016.04.22 19:32:05.187,0.77913,0.77924,2.44,1.50
2016.04.22 19:32:05.726,0.77913,0.77923,1.69,1.00
2016.04.22 19:32:06.452,0.77913,0.77922,1.69,1.00
2016.04.22 19:32:06.960,0.77913,0.77922,2.44,1.00
2016.04.22 19:32:07.256,0.77913,0.77922,1.69,1.00
2016.04.22 19:32:08.612,0.77913,0.77924,1.69,1.50
2016.04.22 19:32:08.714,0.77913,0.77924,1.69,1.50
2016.04.22 19:32:09.390,0.77913,0.77922,1.69,1.00
2016.04.22 19:32:09.492,0.77913,0.77922,1.69,1.00
2016.04.22 19:32:11.882,0.77913,0.77923,2.44,1.00
2016.04.22 19:32:14.551,0.77913,0.77922,1.69,1.00
2016.04.22 19:32:14.754,0.77911,0.77922,1.69,1.00
2016.04.22 19:32:15.263,0.7791,0.77921,1.19,1.00
2016.04.22 19:32:15.771,0.7791,0.77919,1.19,1.00
2016.04.22 19:32:16.279,0.7791,0.77919,1.00,1.00
2016.04.22 19:32:16.799,0.77909,0.77919,1.69,1.00
2016.04.22 19:32:17.317,0.77909,0.77918,1.25,1.00
2016.04.22 19:32:18.724,0.77909,0.7792,1.25,1.50
2016.04.22 19:32:19.232,0.77907,0.77919,6.19,1.25
2016.04.22 19:32:19.587,0.77907,0.77917,6.19,1.00
2016.04.22 19:32:20.468,0.77907,0.77917,4.50,1.00
2016.04.22 19:32:21.156,0.77907,0.77916,1.00,1.00
2016.04.22 19:32:23.228,0.77907,0.77917,1.00,1.00
2016.04.22 19:32:24.774,0.77907,0.77916,1.00,1.00
2016.04.22 19:32:26.776,0.77907,0.77917,1.00,1.00
2016.04.22 19:32:28.598,0.77907,0.77918,1.50,1.25
2016.04.22 19:32:29.145,0.77907,0.77918,1.69,1.00
2016.04.22 19:32:31.674,0.77907,0.77919,2.44,1.00
2016.04.22 19:32:33.147,0.77908,0.77918,1.25,1.00
2016.04.22 19:32:34.967,0.77908,0.77919,1.69,1.00
2016.04.22 19:32:35.515,0.77908,0.77918,1.69,1.00
2016.04.22 19:32:36.372,0.77908,0.7792,2.44,3.19
2016.04.22 19:32:36.423,0.77908,0.7792,2.44,1.50
2016.04.22 19:32:36.931,0.77911,0.77921,1.00,1.00
2016.04.22 19:32:38.676,0.77911,0.7792,1.00,1.00
2016.04.22 19:32:40.792,0.77911,0.77921,1.00,1.00
2016.04.22 19:32:41.148,0.77913,0.77921,1.00,1.00
2016.04.22 19:32:41.199,0.77913,0.77923,1.00,1.50
2016.04.22 19:32:42.463,0.77913,0.77922,1.00,1.00
2016.04.22 19:32:44.210,0.77913,0.77923,1.00,1.00
2016.04.22 19:32:46.727,0.77913,0.77922,1.00,1.00
2016.04.22 19:32:49.751,0.77918,0.77923,1.00,1.00
2016.04.22 19:32:50.056,0.7792,0.77924,1.00,1.50
2016.04.22 19:32:50.260,0.7792,0.77926,1.00,1.50
2016.04.22 19:32:50.770,0.77919,0.77925,1.00,1.00
2016.04.22 19:32:50.872,0.77917,0.77925,1.00,1.00
2016.04.22 19:32:51.031,0.77915,0.77922,1.69,1.00
2016.04.22 19:32:51.339,0.77914,0.7792,1.00,1.00
2016.04.22 19:32:51.542,0.77914,0.77922,1.00,1.00
2016.04.22 19:32:51.998,0.77916,0.77922,1.00,1.00
2016.04.22 19:32:52.504,0.77916,0.77921,1.00,1.00
2016.04.22 19:32:53.080,0.77916,0.77922,1.00,1.00
2016.04.22 19:32:53.653,0.77916,0.77923,1.00,1.00
2016.04.22 19:32:55.045,0.77918,0.77923,1.00,1.25
2016.04.22 19:32:55.300,0.77919,0.77925,1.00,1.69
2016.04.22 19:32:55.656,0.77917,0.77924,1.00,1.00
2016.04.22 19:32:56.186,0.77917,0.77925,1.00,2.44
2016.04.22 19:32:56.237,0.77914,0.77924,1.00,1.69
2016.04.22 19:32:56.340,0.77916,0.77922,1.00,1.00
2016.04.22 19:32:56.848,0.77915,0.77921,1.00,1.00
2016.04.22 19:32:57.447,0.77915,0.77922,1.00,1.00
2016.04.22 19:32:58.636,0.77918,0.77922,1.00,1.00
2016.04.22 19:32:58.966,0.77918,0.77924,1.00,1.00
2016.04.22 19:32:59.473,0.77918,0.77925,1.00,1.00
2016.04.22 19:33:00.387,0.77918,0.77926,1.00,1.50
2016.04.22 19:33:01.046,0.7792,0.77924,1.00,1.00
2016.04.22 19:33:03.010,0.7792,0.77926,1.00,1.00
2016.04.22 19:33:03.908,0.77921,0.77926,1.00,1.00
2016.04.22 19:33:04.162,0.77923,0.77927,1.00,1.00
2016.04.22 19:33:04.698,0.77922,0.77927,1.00,1.00
2016.04.22 19:33:06.415,0.77922,0.77928,1.00,1.25
2016.04.22 19:33:07.220,0.77922,0.77927,1.00,1.00
2016.04.22 19:33:08.059,0.77922,0.77928,1.00,1.25
2016.04.22 19:33:10.495,0.77922,0.77927,1.00,1.00
2016.04.22 19:33:12.339,0.77923,0.77927,1.00,1.00
2016.04.22 19:33:12.390,0.77924,0.7793,1.00,1.00
2016.04.22 19:33:12.492,0.77926,0.7793,1.00,1.00
2016.04.22 19:33:12.594,0.77925,0.77932,1.00,2.44
2016.04.22 19:33:13.103,0.77926,0.77931,1.00,1.00
2016.04.22 19:33:13.256,0.77926,0.77933,1.00,1.00
2016.04.22 19:33:13.461,0.77925,0.77931,1.00,1.00
2016.04.22 19:33:17.527,0.77925,0.77933,1.00,2.62
2016.04.22 19:33:18.308,0.77925,0.77932,1.00,1.00
2016.04.22 19:33:20.706,0.77924,0.77932,1.00,1.50
2016.04.22 19:33:27.509,0.77925,0.77932,1.00,1.00
2016.04.22 19:33:28.020,0.77924,0.77932,1.00,1.00
2016.04.22 19:33:28.758,0.77922,0.7793,1.00,1.00
2016.04.22 19:33:29.067,0.77922,0.77928,1.00,1.00
2016.04.22 19:33:29.322,0.77922,0.7793,1.00,1.00
2016.04.22 19:33:29.844,0.77922,0.77929,1.00,1.00
2016.04.22 19:33:30.718,0.77922,0.77928,1.00,1.00
2016.04.22 19:33:32.042,0.77922,0.77929,1.00,1.00
2016.04.22 19:33:34.237,0.77922,0.77928,1.00,1.00
2016.04.22 19:33:34.990,0.77921,0.77928,1.00,1.00
2016.04.22 19:33:35.498,0.77921,0.77929,1.00,1.00
2016.04.22 19:33:37.237,0.77921,0.77928,1.00,1.00
2016.04.22 19:33:40.186,0.77921,0.7793,1.00,3.94
2016.04.22 19:33:41.499,0.77921,0.77928,1.00,1.00
2016.04.22 19:33:42.268,0.77921,0.77929,1.50,1.00
2016.04.22 19:33:42.636,0.77923,0.77932,1.00,3.19
2016.04.22 19:33:44.267,0.77924,0.77932,1.00,1.69
2016.04.22 19:33:44.369,0.77922,0.7793,1.00,1.00
2016.04.22 19:33:44.899,0.77921,0.77929,1.00,1.25
2016.04.22 19:33:45.154,0.77921,0.77931,1.00,1.00
2016.04.22 19:33:45.739,0.77921,0.77931,1.50,1.19
2016.04.22 19:33:46.277,0.7792,0.77929,1.50,1.50
2016.04.22 19:33:48.772,0.7792,0.77928,1.50,1.00
2016.04.22 19:33:50.215,0.7792,0.77929,1.00,1.00
2016.04.22 19:33:50.765,0.7792,0.77928,1.00,1.50
2016.04.22 19:33:52.410,0.7792,0.77927,1.00,1.00
2016.04.22 19:33:53.269,0.7792,0.77928,1.00,1.25
2016.04.22 19:33:53.820,0.7792,0.77927,1.00,1.00
2016.04.22 19:33:55.612,0.7792,0.77928,1.00,1.25
2016.04.22 19:33:57.577,0.77919,0.77928,1.00,1.25
2016.04.22 19:33:57.679,0.77919,0.77926,1.00,1.00
2016.04.22 19:33:58.042,0.77919,0.77928,1.00,1.00
2016.04.22 19:33:58.144,0.77921,0.77929,1.00,1.50
2016.04.22 19:33:58.649,0.77921,0.77928,1.00,1.00
2016.04.22 19:33:59.664,0.77923,0.77931,1.00,1.50
2016.04.22 19:33:59.868,0.77921,0.7793,2.25,1.00
2016.04.22 19:34:00.021,0.77921,0.77928,1.00,1.00
2016.04.22 19:34:00.530,0.7792,0.77928,1.00,1.00
2016.04.22 19:34:03.445,0.77921,0.77928,1.00,1.00
2016.04.22 19:34:03.951,0.7792,0.77928,1.00,1.00
2016.04.22 19:34:04.488,0.77922,0.77928,1.00,1.00
2016.04.22 19:34:04.539,0.7792,0.77928,1.00,1.00
2016.04.22 19:34:05.210,0.77921,0.77928,1.00,1.00
2016.04.22 19:34:05.718,0.77921,0.77929,1.50,1.00
2016.04.22 19:34:06.703,0.77921,0.7793,1.50,1.25
2016.04.22 19:34:07.160,0.77923,0.77932,1.00,1.50
2016.04.22 19:34:08.343,0.77922,0.77931,1.00,1.00
2016.04.22 19:34:08.648,0.7792,0.77929,1.00,1.00
2016.04.22 19:34:09.197,0.7792,0.77928,1.00,1.00
2016.04.22 19:34:15.507,0.7792,0.77927,1.00,1.00
2016.04.22 19:34:16.015,0.77919,0.77927,1.00,1.00
2016.04.22 19:34:16.522,0.77919,0.77928,1.00,1.25
2016.04.22 19:34:18.614,0.77919,0.77927,1.00,1.00
2016.04.22 19:34:20.349,0.77919,0.77929,1.00,1.19
2016.04.22 19:34:21.026,0.77919,0.77929,1.00,1.00
2016.04.22 19:34:21.554,0.7792,0.77928,1.00,1.00
2016.04.22 19:34:22.070,0.77919,0.77928,1.50,1.00
2016.04.22 19:34:22.869,0.77919,0.77929,1.50,1.00
2016.04.22 19:34:24.104,0.77919,0.7793,1.50,1.50
2016.04.22 19:34:24.955,0.77919,0.77929,1.50,1.00
2016.04.22 19:34:25.284,0.77919,0.77927,1.00,1.00
2016.04.22 19:34:30.042,0.77919,0.77925,1.00,1.00
2016.04.22 19:34:30.197,0.77917,0.77925,1.00,1.00
2016.04.22 19:34:30.516,0.77915,0.77926,2.44,1.00
2016.04.22 19:34:31.128,0.77915,0.77925,2.25,1.00
2016.04.22 19:34:31.604,0.77913,0.77923,1.50,1.00
2016.04.22 19:34:31.757,0.77911,0.77922,1.69,1.00
2016.04.22 19:34:34.556,0.77911,0.77921,1.69,1.00
2016.04.22 19:34:35.065,0.7791,0.77921,1.00,1.00
2016.04.22 19:34:35.986,0.7791,0.77922,1.00,1.50
2016.04.22 19:34:36.787,0.77909,0.77922,3.00,1.50
2016.04.22 19:34:37.371,0.77909,0.77922,3.19,2.44
2016.04.22 19:34:37.878,0.77911,0.77922,1.00,1.50
2016.04.22 19:34:43.300,0.77911,0.77921,1.00,1.19
2016.04.22 19:34:43.821,0.77909,0.77921,1.69,1.69
2016.04.22 19:34:45.856,0.77911,0.77921,1.00,1.19
2016.04.22 19:34:45.908,0.77911,0.77922,1.25,1.00
2016.04.22 19:34:46.457,0.77912,0.77923,1.00,1.00
2016.04.22 19:34:58.670,0.77912,0.77923,1.00,1.69
2016.04.22 19:34:58.943,0.7791,0.77922,1.69,1.25
2016.04.22 19:35:00.328,0.77911,0.77922,1.25,1.25
2016.04.22 19:35:05.851,0.7791,0.77921,1.19,1.50
2016.04.22 19:35:06.054,0.77908,0.7792,1.25,1.25
2016.04.22 19:35:06.466,0.7791,0.7792,1.00,1.25
2016.04.22 19:35:06.669,0.7791,0.77922,1.25,3.19
2016.04.22 19:35:07.176,0.7791,0.77922,1.00,3.19
2016.04.22 19:35:11.907,0.7791,0.77922,2.25,1.25
2016.04.22 19:35:25.840,0.7791,0.77922,2.25,2.44
2016.04.22 19:35:26.347,0.7791,0.77921,2.44,1.19
2016.04.22 19:35:26.827,0.77912,0.77922,1.00,1.25
2016.04.22 19:35:27.334,0.77911,0.77922,1.19,1.69
2016.04.22 19:35:28.045,0.77911,0.77922,1.00,1.00
2016.04.22 19:35:28.604,0.77911,0.77922,1.19,1.69
2016.04.22 19:35:29.245,0.77911,0.77922,1.00,1.00
2016.04.22 19:35:35.197,0.77912,0.77922,1.00,1.00
2016.04.22 19:35:36.441,0.77911,0.77922,1.25,1.00
2016.04.22 19:35:36.949,0.7791,0.77922,3.00,1.25
2016.04.22 19:35:37.491,0.77911,0.77922,1.50,1.25
2016.04.22 19:35:40.505,0.7791,0.77922,2.25,1.25
2016.04.22 19:35:45.814,0.77911,0.77922,1.00,2.44
2016.04.22 19:35:47.022,0.77912,0.77923,1.00,1.25
2016.04.22 19:35:47.603,0.77912,0.77924,1.50,1.00
2016.04.22 19:35:51.279,0.77912,0.77924,1.00,1.69
2016.04.22 19:35:51.792,0.77911,0.77924,1.69,6.19
2016.04.22 19:35:53.377,0.77915,0.77923,1.00,1.25
2016.04.22 19:35:53.530,0.77916,0.77926,1.00,1.00
2016.04.22 19:35:53.684,0.77917,0.77928,1.25,1.50
2016.04.22 19:35:53.888,0.77919,0.77928,1.00,1.50
2016.04.22 19:35:53.939,0.77919,0.7793,1.00,3.75
2016.04.22 19:35:54.275,0.77917,0.7793,1.50,3.00
2016.04.22 19:35:54.326,0.77919,0.7793,1.00,3.75
2016.04.22 19:35:56.201,0.7792,0.7793,1.00,2.32
2016.04.22 19:35:56.558,0.77922,0.7793,1.00,1.00
2016.04.22 19:35:56.660,0.77922,0.77932,1.00,1.10
2016.04.22 19:35:57.209,0.77921,0.77932,1.00,1.25
2016.04.22 19:35:57.872,0.77921,0.77934,2.25,1.76
2016.04.22 19:36:02.795,0.77922,0.77934,1.00,1.25
2016.04.22 19:36:04.807,0.77922,0.77933,1.00,1.00
2016.04.22 19:36:04.909,0.77921,0.77932,2.44,1.19
2016.04.22 19:36:07.444,0.77921,0.77933,1.00,1.00
2016.04.22 19:36:08.239,0.77921,0.77933,1.00,1.69
2016.04.22 19:36:08.747,0.7792,0.77931,1.00,1.00
2016.04.22 19:36:09.890,0.77919,0.77931,2.25,1.50
2016.04.22 19:36:10.044,0.77919,0.77929,1.00,1.00
2016.04.22 19:36:10.571,0.77918,0.7793,1.50,2.44
2016.04.22 19:36:11.392,0.77918,0.77928,1.50,1.00
2016.04.22 19:36:11.698,0.77916,0.77928,1.00,1.50
2016.04.22 19:36:13.722,0.77917,0.77928,1.00,2.25
2016.04.22 19:36:14.229,0.77917,0.77929,1.19,1.69
2016.04.22 19:36:19.982,0.77918,0.77929,1.69,1.00
2016.04.22 19:36:20.490,0.77918,0.77931,3.19,3.19
2016.04.22 19:36:23.727,0.77918,0.77929,1.50,1.00
2016.04.22 19:36:24.378,0.77919,0.77929,1.00,1.00
2016.04.22 19:36:38.797,0.77918,0.77929,1.69,1.00
2016.04.22 19:36:45.212,0.7792,0.77929,1.00,1.00
2016.04.22 19:36:47.559,0.77918,0.77929,1.69,1.00
2016.04.22 19:36:49.502,0.7792,0.77929,1.00,1.00
2016.04.22 19:36:50.011,0.77919,0.77929,1.00,1.00
2016.04.22 19:36:51.795,0.77918,0.77929,1.69,1.00
2016.04.22 19:36:52.848,0.77919,0.77929,1.00,1.00
2016.04.22 19:36:53.359,0.77918,0.77929,1.69,1.00
2016.04.22 19:36:56.316,0.77918,0.77929,1.69,1.25
2016.04.22 19:37:13.819,0.77918,0.77931,1.69,4.76
2016.04.22 19:37:14.985,0.77918,0.77931,1.69,5.51
2016.04.22 19:37:17.198,0.77918,0.77928,1.25,1.00
2016.04.22 19:37:18.653,0.77918,0.77929,1.25,1.12
2016.04.22 19:37:22.061,0.77918,0.77929,1.00,1.19
2016.04.22 19:37:22.718,0.77917,0.77929,1.50,1.19
2016.04.22 19:37:23.237,0.77918,0.77929,1.50,1.19
2016.04.22 19:37:24.345,0.77918,0.7793,1.50,2.06
2016.04.22 19:37:24.600,0.7792,0.7793,1.00,1.25
2016.04.22 19:37:25.514,0.77921,0.7793,1.00,1.25
2016.04.22 19:37:25.872,0.77919,0.77931,2.25,2.44
2016.04.22 19:37:33.777,0.7792,0.77931,1.00,2.44
2016.04.22 19:37:35.231,0.77921,0.77931,1.00,2.81
2016.04.22 19:37:35.754,0.7792,0.77931,1.50,1.31
2016.04.22 19:37:48.819,0.77921,0.77931,1.00,3.19
2016.04.22 19:37:50.452,0.77918,0.7793,2.44,1.25
2016.04.22 19:37:51.101,0.77918,0.7793,1.00,1.69
2016.04.22 19:37:51.761,0.77918,0.77929,1.00,1.19
2016.04.22 19:37:55.166,0.77917,0.77929,2.25,1.19
2016.04.22 19:37:55.684,0.77918,0.77929,1.00,1.69
2016.04.22 19:37:56.191,0.77917,0.77929,3.00,1.19
2016.04.22 19:37:56.782,0.77918,0.7793,1.50,1.69
2016.04.22 19:37:57.596,0.77919,0.7793,1.00,1.69
2016.04.22 19:37:57.699,0.77919,0.7793,1.00,1.25
2016.04.22 19:38:03.055,0.77919,0.77929,1.00,1.00
2016.04.22 19:38:03.582,0.77918,0.77928,1.00,1.25
2016.04.22 19:38:08.065,0.77917,0.77929,1.00,1.76
2016.04.22 19:38:08.574,0.77916,0.77929,2.44,1.76
2016.04.22 19:38:09.092,0.77917,0.77929,1.00,1.01
2016.04.22 19:38:09.611,0.77916,0.77929,3.00,1.76
2016.04.22 19:38:12.533,0.77916,0.77928,2.25,1.50
2016.04.22 19:38:13.121,0.77917,0.77928,1.69,1.69
2016.04.22 19:38:28.826,0.77917,0.77926,1.50,1.25
2016.04.22 19:38:29.132,0.77916,0.77925,1.00,1.19
2016.04.22 19:38:29.234,0.77915,0.77926,1.50,1.00
2016.04.22 19:38:29.765,0.77915,0.77925,1.00,1.00
2016.04.22 19:38:34.572,0.77915,0.77926,2.25,1.12
2016.04.22 19:38:35.098,0.77916,0.77926,2.25,1.12
2016.04.22 19:38:35.615,0.77916,0.77927,1.50,1.00
2016.04.22 19:38:39.584,0.77916,0.77928,2.25,4.50
2016.04.22 19:38:48.590,0.77916,0.77927,1.50,1.00
2016.04.22 19:38:52.299,0.77918,0.77927,1.50,1.00
2016.04.22 19:38:52.350,0.77918,0.77929,2.25,1.50
2016.04.22 19:38:52.874,0.77919,0.77929,1.00,2.44
2016.04.22 19:38:53.382,0.77919,0.77929,1.00,2.25
2016.04.22 19:38:55.091,0.77918,0.77929,1.50,1.00
2016.04.22 19:38:55.689,0.77919,0.77931,1.00,2.44
2016.04.22 19:39:00.623,0.77918,0.77931,3.00,1.25
2016.04.22 19:39:01.143,0.77919,0.77932,1.00,5.81
2016.04.22 19:39:02.935,0.77919,0.77931,1.50,1.19
2016.04.22 19:39:03.248,0.77921,0.77931,1.00,1.19
2016.04.22 19:39:15.156,0.77921,0.77933,1.50,3.56
2016.04.22 19:39:17.984,0.77921,0.7793,1.00,1.12
2016.04.22 19:39:22.322,0.77919,0.7793,1.00,1.87
2016.04.22 19:39:32.666,0.7792,0.77932,1.00,3.37
2016.04.22 19:39:45.304,0.7792,0.77932,1.69,1.31
2016.04.22 19:39:47.003,0.7792,0.77932,1.50,1.87
2016.04.22 19:39:47.823,0.77922,0.77932,1.00,1.12
2016.04.22 19:39:48.381,0.77922,0.77931,1.00,1.00
2016.04.22 19:39:50.231,0.77922,0.77932,1.00,1.87
2016.04.22 19:39:59.688,0.77922,0.77931,1.00,1.00
2016.04.22 19:40:05.193,0.77922,0.77932,1.00,1.87
2016.04.22 19:40:07.902,0.7792,0.7793,2.25,1.00
2016.04.22 19:40:08.424,0.7792,0.77931,2.25,1.00
2016.04.22 19:40:22.820,0.7792,0.77931,1.00,1.69
2016.04.22 19:40:27.175,0.77921,0.77931,1.00,1.19
2016.04.22 19:40:27.226,0.77921,0.77932,1.19,1.50
2016.04.22 19:40:27.756,0.77922,0.77933,1.00,4.69
2016.04.22 19:40:27.979,0.77921,0.77933,1.50,5.44
2016.04.22 19:40:35.005,0.77924,0.77933,1.00,4.69
2016.04.22 19:40:35.056,0.77924,0.77933,1.00,3.75
2016.04.22 19:40:35.361,0.77924,0.77935,1.00,1.50
2016.04.22 19:40:35.513,0.77926,0.77935,1.00,1.00
2016.04.22 19:40:35.565,0.77926,0.77937,1.00,1.25
2016.04.22 19:40:36.106,0.77926,0.77936,1.00,1.00
2016.04.22 19:40:40.655,0.77926,0.77935,1.00,1.00
2016.04.22 19:40:48.257,0.77926,0.77935,1.00,1.19
2016.04.22 19:40:48.774,0.77925,0.77935,1.00,1.19
2016.04.22 19:40:51.638,0.77925,0.77935,2.25,1.00
2016.04.22 19:40:54.026,0.77926,0.77935,1.00,1.00
2016.04.22 19:40:54.230,0.77926,0.77937,1.00,2.25
2016.04.22 19:40:54.615,0.77927,0.77939,1.00,3.00
2016.04.22 19:40:55.123,0.77928,0.7794,1.00,1.50
2016.04.22 19:40:55.679,0.77928,0.77939,1.00,1.00
2016.04.22 19:40:56.638,0.77929,0.77939,1.00,1.25
2016.04.22 19:40:57.146,0.77928,0.77938,1.25,1.00
2016.04.22 19:40:57.647,0.77928,0.77938,1.50,1.19
2016.04.22 19:40:58.335,0.77927,0.77938,1.50,1.69
2016.04.22 19:41:01.634,0.77927,0.77938,1.00,1.69
2016.04.22 19:41:07.315,0.77927,0.77937,1.00,1.00
2016.04.22 19:41:08.316,0.77927,0.77939,1.00,3.94
2016.04.22 19:41:12.577,0.77926,0.77939,1.50,2.44
2016.04.22 19:41:15.090,0.77927,0.77939,1.00,5.23
2016.04.22 19:41:22.109,0.77927,0.77937,1.00,1.00
2016.04.22 19:41:28.084,0.77927,0.77938,1.00,1.69
2016.04.22 19:41:32.012,0.77926,0.77938,3.00,1.25
2016.04.22 19:41:33.281,0.77927,0.77938,1.00,1.25
2016.04.22 19:41:34.021,0.77926,0.77938,2.25,1.50
2016.04.22 19:41:36.341,0.77926,0.77937,1.50,1.00
2016.04.22 19:41:36.443,0.77924,0.77937,2.25,1.00
2016.04.22 19:41:44.668,0.77925,0.77937,1.00,1.69
2016.04.22 19:41:44.719,0.77927,0.77937,1.00,1.25
2016.04.22 19:41:45.234,0.77927,0.77938,1.00,5.62
2016.04.22 19:41:45.437,0.77925,0.77938,1.50,5.62
2016.04.22 19:41:45.539,0.77924,0.77934,2.44,1.00
2016.04.22 19:41:46.041,0.77924,0.77935,1.00,1.00
2016.04.22 19:41:54.049,0.77925,0.77937,1.00,4.87
2016.04.22 19:41:58.017,0.77925,0.77938,3.00,5.81
2016.04.22 19:41:59.578,0.77926,0.77938,1.00,4.87
2016.04.22 19:42:00.256,0.77926,0.77937,1.00,1.00
2016.04.22 19:42:00.459,0.77928,0.77937,1.00,1.00
2016.04.22 19:42:01.096,0.77929,0.77939,1.00,1.69
2016.04.22 19:42:01.604,0.77928,0.77939,2.44,1.19
2016.04.22 19:42:02.696,0.77931,0.77939,1.00,1.19
2016.04.22 19:42:02.747,0.77931,0.77941,1.00,3.64
2016.04.22 19:42:03.255,0.7793,0.77942,2.25,4.31
2016.04.22 19:42:04.033,0.77931,0.77942,1.00,4.31
2016.04.22 19:42:06.774,0.7793,0.77942,1.00,4.31
2016.04.22 19:42:07.258,0.77932,0.77941,1.00,1.00
2016.04.22 19:42:09.073,0.77932,0.77942,1.00,1.25
2016.04.22 19:42:10.369,0.77931,0.77942,1.25,1.25
2016.04.22 19:42:10.688,0.7793,0.77938,1.00,1.69
2016.04.22 19:42:10.790,0.77926,0.77938,2.25,1.69
2016.04.22 19:42:11.300,0.77925,0.77938,1.69,5.81
2016.04.22 19:42:11.402,0.77925,0.77938,1.50,4.87
2016.04.22 19:42:11.656,0.77925,0.77937,1.50,1.19
2016.04.22 19:42:13.688,0.77926,0.77936,1.00,2.06
2016.04.22 19:42:15.562,0.77924,0.77936,2.44,2.06
2016.04.22 19:42:16.200,0.77924,0.77936,2.25,3.37
2016.04.22 19:42:18.015,0.77925,0.77936,1.00,1.00
2016.04.22 19:42:18.574,0.77925,0.77936,1.00,1.19
2016.04.22 19:42:21.367,0.77928,0.77936,1.00,1.19
2016.04.22 19:42:21.419,0.77928,0.77937,1.00,3.75
2016.04.22 19:42:21.931,0.77929,0.7794,1.00,1.69
2016.04.22 19:42:21.982,0.77929,0.7794,1.00,1.00
2016.04.22 19:42:23.814,0.7793,0.77941,1.00,3.19
2016.04.22 19:42:29.143,0.77929,0.7794,1.69,3.94
2016.04.22 19:42:31.731,0.7793,0.7794,1.00,3.19
2016.04.22 19:42:33.023,0.77929,0.7794,1.69,1.25
2016.04.22 19:42:33.076,0.77929,0.77939,1.00,1.19
2016.04.22 19:42:34.271,0.77928,0.77939,1.00,3.94
2016.04.22 19:42:34.728,0.7793,0.7794,1.00,1.00
2016.04.22 19:42:35.236,0.7793,0.77941,1.50,4.50
2016.04.22 19:42:36.816,0.77929,0.77941,3.00,1.00
2016.04.22 19:42:37.347,0.77929,0.77941,1.19,4.69
2016.04.22 19:42:37.712,0.77928,0.77938,1.69,3.00
2016.04.22 19:42:39.430,0.77928,0.77939,1.00,3.00
2016.04.22 19:42:40.027,0.77928,0.77939,1.00,3.19
2016.04.22 19:42:40.543,0.77927,0.77938,2.44,1.25
2016.04.22 19:42:41.051,0.77928,0.77939,1.69,3.94
2016.04.22 19:42:41.204,0.77928,0.77939,1.00,3.00
2016.04.22 19:42:42.522,0.77928,0.7794,1.50,3.94
2016.04.22 19:42:43.052,0.77927,0.77939,2.44,1.00
2016.04.22 19:42:43.306,0.77927,0.77939,1.69,1.69
2016.04.22 19:42:43.813,0.77929,0.77939,1.50,1.19
2016.04.22 19:42:50.272,0.77928,0.77939,1.69,1.19
2016.04.22 19:42:55.583,0.77929,0.77939,1.00,1.19
2016.04.22 19:43:00.798,0.77929,0.7794,1.00,1.69
2016.04.22 19:43:04.187,0.77929,0.77941,1.00,1.69
2016.04.22 19:43:08.028,0.77929,0.77939,1.00,1.00
2016.04.22 19:43:16.721,0.77929,0.7794,1.00,1.00
2016.04.22 19:43:17.382,0.7793,0.7794,1.00,1.00
2016.04.22 19:43:17.952,0.77928,0.7794,2.25,1.00
2016.04.22 19:43:19.192,0.77929,0.7794,1.00,1.00
2016.04.22 19:43:19.722,0.77928,0.7794,2.25,1.00
2016.04.22 19:43:23.066,0.77929,0.7794,1.00,1.00
2016.04.22 19:43:24.001,0.77929,0.77941,1.00,3.19
2016.04.22 19:43:26.310,0.77929,0.7794,1.00,1.00
2016.04.22 19:43:26.853,0.77929,0.77941,1.00,2.44
2016.04.22 19:43:31.821,0.77931,0.77941,1.00,1.69
2016.04.22 19:43:34.860,0.77931,0.77941,1.00,1.19
2016.04.22 19:43:39.680,0.7793,0.77941,1.00,1.69
2016.04.22 19:43:47.405,0.77931,0.77941,1.00,2.44
2016.04.22 19:43:47.912,0.77932,0.77941,1.00,1.00
2016.04.22 19:43:49.930,0.77932,0.77942,1.00,1.31
2016.04.22 19:43:58.568,0.77934,0.77942,1.00,1.25
2016.04.22 19:43:58.976,0.77932,0.77944,2.85,1.69
2016.04.22 19:43:59.230,0.77934,0.77942,1.00,1.00
2016.04.22 19:43:59.757,0.77934,0.77943,1.00,1.50
2016.04.22 19:44:02.776,0.77934,0.77944,1.00,1.69
2016.04.22 19:44:04.072,0.77935,0.77944,1.00,1.25
2016.04.22 19:44:04.400,0.77935,0.77944,1.00,1.69
2016.04.22 19:44:26.642,0.77934,0.77944,1.00,1.69
2016.04.22 19:44:27.151,0.77933,0.77944,1.00,1.69
2016.04.22 19:44:36.708,0.77932,0.77944,2.85,1.69
2016.04.22 19:44:37.214,0.77933,0.77944,1.50,2.44
2016.04.22 19:44:39.232,0.77934,0.77944,1.00,2.44
2016.04.22 19:44:41.462,0.77935,0.77944,1.00,2.44
2016.04.22 19:44:41.807,0.77935,0.77943,1.50,1.19
2016.04.22 19:44:44.971,0.77936,0.77943,1.00,1.19
2016.04.22 19:44:45.023,0.77934,0.77943,1.69,1.19
2016.04.22 19:44:45.084,0.77934,0.77943,1.19,1.00
2016.04.22 19:44:45.136,0.77933,0.77942,1.50,1.19
2016.04.22 19:44:45.643,0.77932,0.77943,1.25,2.44
2016.04.22 19:44:46.462,0.77933,0.77943,1.00,2.44
2016.04.22 19:44:48.368,0.77934,0.77943,1.00,1.19
2016.04.22 19:44:48.622,0.77932,0.77943,1.25,1.19
2016.04.22 19:44:48.927,0.7793,0.77939,2.44,1.00
2016.04.22 19:44:49.897,0.7793,0.7794,2.44,1.00
2016.04.22 19:44:50.205,0.77932,0.77942,1.19,1.00
2016.04.22 19:44:50.437,0.77935,0.77943,1.00,2.44
2016.04.22 19:44:59.709,0.77936,0.77944,1.00,1.69
2016.04.22 19:45:00.479,0.77934,0.77944,1.00,1.69
2016.04.22 19:45:01.011,0.77935,0.77944,1.50,1.69
2016.04.22 19:45:02.727,0.77933,0.77944,1.50,1.69
2016.04.22 19:45:04.989,0.77934,0.77943,1.00,1.19
2016.04.22 19:45:06.640,0.77934,0.77943,1.00,1.00
2016.04.22 19:45:07.141,0.77934,0.77943,1.00,1.19
2016.04.22 19:45:08.417,0.77934,0.77943,1.00,1.00
2016.04.22 19:45:08.950,0.77934,0.77943,1.00,1.19
2016.04.22 19:45:10.561,0.77935,0.77942,1.00,1.25
2016.04.22 19:45:14.164,0.77934,0.77944,1.00,3.19
2016.04.22 19:45:15.436,0.77937,0.77943,1.00,1.19
2016.04.22 19:45:17.140,0.77939,0.77943,1.00,1.25
2016.04.22 19:45:17.191,0.77937,0.77943,1.00,1.69
2016.04.22 19:45:17.293,0.77939,0.77944,1.00,1.00
2016.04.22 19:45:17.547,0.77938,0.77947,1.00,1.25
2016.04.22 19:45:19.954,0.77939,0.77947,1.00,1.25
2016.04.22 19:45:21.029,0.77939,0.77948,1.00,1.00
2016.04.22 19:45:22.508,0.77939,0.77947,1.00,1.00
2016.04.22 19:45:24.093,0.7794,0.77947,1.00,1.00
2016.04.22 19:45:24.245,0.77942,0.7795,1.00,2.25
2016.04.22 19:45:24.775,0.77941,0.7795,1.00,1.00
2016.04.22 19:45:27.530,0.77944,0.7795,1.00,1.00
2016.04.22 19:45:27.582,0.77942,0.7795,1.00,1.00
2016.04.22 19:45:27.633,0.77944,0.7795,1.00,1.00
2016.04.22 19:45:27.736,0.77942,0.7795,1.00,1.25
2016.04.22 19:45:29.579,0.77943,0.77951,1.00,1.19
2016.04.22 19:45:30.104,0.77943,0.77951,1.00,1.00
2016.04.22 19:45:30.641,0.77944,0.77951,1.00,1.25
2016.04.22 19:45:32.579,0.77945,0.77951,1.00,1.25
2016.04.22 19:45:33.788,0.77946,0.77953,1.00,1.19
2016.04.22 19:45:34.307,0.77946,0.77954,1.00,1.19
2016.04.22 19:45:38.730,0.77945,0.77954,1.00,1.19
2016.04.22 19:45:43.242,0.77945,0.77956,1.00,1.69
2016.04.22 19:45:43.749,0.77945,0.77955,1.00,1.00
2016.04.22 19:45:44.428,0.77947,0.77955,1.00,1.00
2016.04.22 19:45:44.733,0.7795,0.77956,1.00,1.69
2016.04.22 19:45:44.835,0.7795,0.77958,1.00,1.25
2016.04.22 19:45:45.777,0.77952,0.77958,1.00,1.25
2016.04.22 19:45:48.417,0.77951,0.77958,1.00,1.69
2016.04.22 19:45:48.943,0.77951,0.77959,1.00,1.50
2016.04.22 19:45:49.604,0.77951,0.77958,1.00,1.00
2016.04.22 19:45:51.502,0.77951,0.77958,1.00,1.19
2016.04.22 19:45:54.052,0.77951,0.77959,1.00,1.50
2016.04.22 19:45:55.396,0.77951,0.77958,1.00,1.00
2016.04.22 19:45:59.624,0.77952,0.77958,1.00,1.00
2016.04.22 19:46:00.805,0.77951,0.7796,1.00,1.19
2016.04.22 19:46:01.642,0.77951,0.77961,1.00,1.69
2016.04.22 19:46:02.150,0.77952,0.7796,1.00,1.25
2016.04.22 19:46:03.452,0.77952,0.77959,1.00,1.00
2016.04.22 19:46:04.038,0.77951,0.7796,1.00,1.25
2016.04.22 19:46:05.457,0.7795,0.77961,1.00,1.19
2016.04.22 19:46:05.977,0.7795,0.77961,1.00,1.00
2016.04.22 19:46:07.558,0.7795,0.7796,1.00,1.19
2016.04.22 19:46:07.913,0.7795,0.77961,1.69,1.19
2016.04.22 19:46:12.295,0.77951,0.77963,1.00,2.25
2016.04.22 19:46:12.752,0.77951,0.77962,1.25,1.69
2016.04.22 19:46:13.536,0.77951,0.77962,1.00,1.25
2016.04.22 19:46:20.787,0.77952,0.77962,1.00,1.25
2016.04.22 19:46:21.324,0.77955,0.77964,1.00,1.69
2016.04.22 19:46:21.984,0.77954,0.77965,1.50,2.44
2016.04.22 19:46:27.115,0.77953,0.77964,1.00,1.69
2016.04.22 19:46:40.509,0.77953,0.77964,1.50,1.50
2016.04.22 19:46:42.771,0.77953,0.77964,1.00,4.69
2016.04.22 19:46:43.076,0.77951,0.7796,1.00,1.69
2016.04.22 19:46:43.127,0.77949,0.7796,1.25,1.69
2016.04.22 19:46:58.503,0.77948,0.77959,1.25,1.69
2016.04.22 19:47:02.788,0.77948,0.77958,1.00,1.00
2016.04.22 19:47:02.892,0.77947,0.77958,1.00,2.44
2016.04.22 19:47:03.401,0.77948,0.77956,1.00,1.25
2016.04.22 19:47:05.361,0.77948,0.77955,1.00,1.00
2016.04.22 19:47:05.412,0.77945,0.77955,1.00,1.69
2016.04.22 19:47:05.935,0.77943,0.77954,1.00,1.19
2016.04.22 19:47:06.291,0.77945,0.77955,1.00,2.44
2016.04.22 19:47:24.256,0.77945,0.77954,1.00,1.25
2016.04.22 19:47:25.588,0.77944,0.77952,1.00,1.00
2016.04.22 19:47:27.166,0.77944,0.77954,1.00,1.25
2016.04.22 19:47:28.018,0.77944,0.77953,1.00,1.00
2016.04.22 19:47:28.221,0.77945,0.77951,1.00,1.25
2016.04.22 19:47:28.324,0.77943,0.7795,1.00,1.25
2016.04.22 19:47:28.375,0.77942,0.77948,1.00,1.00
2016.04.22 19:47:28.659,0.77939,0.77948,1.00,1.25
2016.04.22 19:47:33.323,0.77939,0.77947,1.00,1.00
2016.04.22 19:47:33.831,0.77939,0.77946,1.00,1.00
2016.04.22 19:47:34.358,0.77939,0.77947,1.00,1.00
2016.04.22 19:47:34.882,0.77939,0.77946,1.00,1.00
2016.04.22 19:47:35.383,0.77939,0.77947,1.00,1.00
2016.04.22 19:47:36.833,0.77939,0.77946,1.00,1.00
2016.04.22 19:47:36.885,0.77939,0.77946,1.00,1.69
2016.04.22 19:47:36.937,0.77937,0.77946,1.00,2.44
2016.04.22 19:47:37.039,0.77935,0.77946,1.25,2.44
2016.04.22 19:47:43.152,0.77933,0.77944,2.32,1.19
2016.04.22 19:47:44.228,0.77933,0.77942,1.00,1.00
2016.04.22 19:47:46.073,0.77938,0.77942,1.00,1.25
2016.04.22 19:47:46.175,0.77939,0.77946,1.00,1.25
2016.04.22 19:47:46.328,0.77941,0.77946,1.00,1.25
2016.04.22 19:47:46.480,0.77941,0.77951,1.00,1.19
2016.04.22 19:47:50.481,0.77941,0.77948,1.00,1.00
2016.04.22 19:47:50.726,0.77939,0.77949,1.25,1.00
2016.04.22 19:47:51.234,0.7794,0.77949,1.00,1.00
2016.04.22 19:47:53.578,0.77944,0.77949,1.00,1.00
2016.04.22 19:47:53.681,0.77945,0.77953,1.00,1.00
2016.04.22 19:47:53.884,0.77946,0.77955,1.00,1.00
2016.04.22 19:47:54.404,0.77944,0.77955,1.69,1.00
2016.04.22 19:47:55.216,0.77945,0.77956,1.25,1.25
2016.04.22 19:47:57.168,0.77945,0.77954,1.25,1.00
2016.04.22 19:47:57.577,0.77943,0.77953,1.10,1.19
2016.04.22 19:47:58.080,0.77942,0.77951,1.00,1.00
2016.04.22 19:47:58.589,0.77942,0.77953,1.00,1.19
2016.04.22 19:48:00.515,0.77942,0.77951,1.00,1.00
2016.04.22 19:48:02.231,0.77942,0.77953,1.00,1.69
2016.04.22 19:48:04.012,0.77942,0.77951,1.00,1.00
2016.04.22 19:48:04.656,0.77942,0.7795,1.00,1.00
2016.04.22 19:48:05.215,0.77942,0.77951,1.00,1.00
2016.04.22 19:48:05.367,0.7794,0.77951,1.00,1.19
2016.04.22 19:48:05.899,0.7794,0.77949,1.00,1.00
2016.04.22 19:48:07.554,0.7794,0.7795,1.00,1.25
2016.04.22 19:48:10.106,0.7794,0.77951,1.00,1.50
2016.04.22 19:48:10.707,0.7794,0.7795,1.00,1.25
2016.04.22 19:48:11.426,0.77939,0.7795,2.25,1.25
2016.04.22 19:48:11.629,0.77939,0.77945,1.50,1.00
2016.04.22 19:48:11.680,0.77939,0.77947,1.50,1.00
2016.04.22 19:48:11.732,0.77939,0.77943,1.50,1.00
2016.04.22 19:48:11.834,0.77936,0.77944,1.50,1.00
2016.04.22 19:48:11.936,0.77935,0.77942,1.00,1.00
2016.04.22 19:48:12.190,0.77932,0.77941,1.69,1.00
2016.04.22 19:48:12.694,0.77932,0.77942,1.69,1.00
2016.04.22 19:48:13.253,0.77933,0.77943,1.00,1.25
2016.04.22 19:48:16.289,0.77934,0.77943,1.00,1.00
2016.04.22 19:48:17.825,0.77933,0.77943,1.69,1.00
2016.04.22 19:48:18.340,0.77934,0.77943,1.00,1.00
2016.04.22 19:48:19.615,0.77932,0.77942,1.69,1.00
2016.04.22 19:48:22.836,0.77933,0.77943,1.25,1.00
2016.04.22 19:48:24.023,0.77933,0.77944,1.00,2.25
2016.04.22 19:48:25.052,0.77933,0.77943,1.00,1.00
2016.04.22 19:48:26.049,0.77933,0.77944,1.00,3.00
2016.04.22 19:48:27.071,0.77933,0.77943,1.00,1.00
2016.04.22 19:48:27.601,0.77933,0.77944,1.00,2.25
2016.04.22 19:48:29.557,0.77933,0.77943,1.00,1.00
2016.04.22 19:48:30.290,0.77933,0.77944,1.00,2.25
2016.04.22 19:48:31.764,0.77933,0.77943,1.00,1.00
2016.04.22 19:48:32.314,0.77933,0.77943,1.00,1.19
2016.04.22 19:48:34.762,0.77933,0.77942,1.50,1.19
2016.04.22 19:48:35.969,0.77933,0.77944,2.25,1.69
2016.04.22 19:48:36.478,0.77934,0.77944,1.00,1.25
2016.04.22 19:48:38.238,0.77933,0.77944,1.00,1.25
2016.04.22 19:48:38.290,0.77933,0.77943,1.00,1.19
2016.04.22 19:48:39.830,0.77934,0.77943,1.00,1.19
2016.04.22 19:48:40.342,0.77934,0.77945,1.50,2.44
2016.04.22 19:48:41.813,0.77934,0.77942,1.00,1.19
2016.04.22 19:48:59.870,0.77934,0.77943,1.00,1.19
2016.04.22 19:49:00.750,0.77933,0.77943,2.25,1.19
2016.04.22 19:49:02.951,0.77933,0.77942,1.00,1.19
2016.04.22 19:49:06.630,0.77932,0.77942,3.00,1.19
2016.04.22 19:49:06.681,0.77933,0.77944,1.00,1.19
2016.04.22 19:49:11.062,0.77933,0.77942,1.50,1.00
2016.04.22 19:49:11.321,0.77931,0.77941,1.00,1.19
2016.04.22 19:49:11.843,0.77929,0.77941,2.25,1.25
2016.04.22 19:49:12.351,0.77929,0.7794,2.25,1.00
2016.04.22 19:49:13.717,0.77929,0.7794,2.25,1.19
2016.04.22 19:49:18.626,0.77928,0.77941,3.00,1.69
2016.04.22 19:49:18.882,0.77928,0.77939,1.50,1.19
2016.04.22 19:49:23.624,0.77928,0.77937,1.00,1.19
2016.04.22 19:49:24.612,0.77928,0.77938,1.50,1.19
2016.04.22 19:49:24.715,0.7793,0.77941,1.00,1.00
2016.04.22 19:49:25.020,0.77934,0.77943,1.00,1.19
2016.04.22 19:49:34.719,0.77932,0.77941,1.00,1.19
2016.04.22 19:49:35.227,0.77931,0.77941,1.50,1.19
2016.04.22 19:49:52.872,0.77931,0.77942,1.00,2.44
2016.04.22 19:49:54.126,0.7793,0.77942,2.25,2.44
2016.04.22 19:49:58.852,0.7793,0.77939,1.00,1.19
2016.04.22 19:49:58.954,0.7793,0.7794,1.00,1.25
2016.04.22 19:49:59.463,0.7793,0.7794,1.00,1.69
2016.04.22 19:50:00.078,0.77928,0.77939,1.00,1.25
2016.04.22 19:50:00.587,0.77929,0.77941,1.00,2.44
2016.04.22 19:50:01.361,0.7793,0.7794,1.50,1.69
2016.04.22 19:50:01.870,0.77931,0.7794,1.00,1.19
2016.04.22 19:50:10.920,0.77931,0.77942,1.00,1.25
2016.04.22 19:50:20.478,0.77931,0.77942,1.00,2.44
2016.04.22 19:50:30.641,0.77931,0.77943,1.50,3.19
2016.04.22 19:50:30.746,0.77931,0.77941,1.50,1.19
2016.04.22 19:50:32.698,0.77931,0.77942,1.50,1.25
2016.04.22 19:50:32.800,0.77931,0.7794,1.50,1.19
2016.04.22 19:50:34.119,0.77931,0.77944,1.00,3.19
2016.04.22 19:50:36.017,0.77931,0.77941,1.50,1.19
2016.04.22 19:50:36.533,0.7793,0.77941,1.00,3.19
2016.04.22 19:50:36.635,0.77928,0.77941,2.25,3.94
2016.04.22 19:50:36.687,0.77928,0.77939,2.25,1.69
2016.04.22 19:50:37.194,0.77929,0.77939,1.50,1.19
2016.04.22 19:50:37.817,0.77928,0.77939,1.00,1.19
2016.04.22 19:50:39.981,0.77928,0.7794,1.50,1.25
2016.04.22 19:50:40.721,0.77928,0.7794,2.25,1.19
2016.04.22 19:50:41.836,0.77929,0.7794,1.00,1.69
2016.04.22 19:50:43.216,0.7793,0.7794,1.00,1.19
2016.04.22 19:50:44.127,0.7793,0.77941,1.00,1.69
2016.04.22 19:50:50.262,0.77931,0.77941,1.00,1.19
2016.04.22 19:50:50.313,0.77933,0.77943,1.00,3.94
2016.04.22 19:50:50.618,0.77935,0.77943,1.00,1.00
2016.04.22 19:50:50.771,0.77935,0.77946,1.00,3.19
2016.04.22 19:51:04.617,0.77935,0.77945,1.00,1.19
2016.04.22 19:51:08.895,0.77935,0.77945,1.00,1.19
2016.04.22 19:51:09.991,0.77939,0.77945,1.00,1.19
2016.04.22 19:51:10.045,0.7794,0.77946,1.00,1.00
2016.04.22 19:51:10.561,0.7794,0.77951,1.00,3.19
2016.04.22 19:51:11.127,0.77939,0.77951,1.00,3.94
2016.04.22 19:51:11.677,0.77941,0.7795,1.00,1.69
2016.04.22 19:51:16.363,0.77939,0.7795,1.00,1.69
2016.04.22 19:51:16.933,0.77939,0.77948,1.00,1.19
2016.04.22 19:51:18.225,0.7794,0.77948,1.00,1.19
2016.04.22 19:51:22.453,0.77939,0.77948,1.00,1.19
2016.04.22 19:51:23.285,0.7794,0.77948,1.00,1.19
2016.04.22 19:51:24.075,0.7794,0.7795,1.00,1.69
2016.04.22 19:51:29.298,0.77938,0.7795,1.69,2.44
2016.04.22 19:51:29.349,0.77938,0.7795,1.50,1.50
2016.04.22 19:51:29.552,0.77938,0.77948,1.25,1.00
2016.04.22 19:51:29.806,0.77936,0.77948,1.00,3.94
2016.04.22 19:51:29.857,0.77936,0.77946,1.00,1.00
2016.04.22 19:51:30.017,0.77934,0.77945,1.00,1.25
2016.04.22 19:51:30.549,0.77934,0.77945,1.00,1.19
2016.04.22 19:51:32.099,0.77935,0.77946,1.00,3.19
2016.04.22 19:51:32.150,0.77939,0.77946,1.00,3.19
2016.04.22 19:51:32.318,0.77939,0.77947,1.00,1.00
2016.04.22 19:51:32.421,0.7794,0.77949,1.00,1.50
2016.04.22 19:51:33.949,0.7794,0.77951,1.00,3.00
2016.04.22 19:51:34.220,0.7794,0.77951,1.25,3.94
2016.04.22 19:51:37.272,0.77937,0.7795,1.69,5.44
2016.04.22 19:51:38.825,0.7794,0.77949,1.00,1.69
2016.04.22 19:51:39.035,0.7794,0.7795,1.00,2.44
2016.04.22 19:51:39.839,0.77939,0.7795,1.00,1.69
2016.04.22 19:51:40.348,0.77939,0.77949,1.00,1.25
2016.04.22 19:51:41.102,0.77938,0.77949,1.25,1.25
2016.04.22 19:51:42.012,0.77937,0.77948,1.50,1.19
2016.04.22 19:51:42.165,0.77935,0.77946,2.44,1.25
2016.04.22 19:51:42.672,0.77934,0.77945,1.69,1.00
2016.04.22 19:51:43.187,0.77935,0.77945,1.00,1.25
2016.04.22 19:51:43.828,0.77938,0.77947,1.00,1.69
2016.04.22 19:51:43.889,0.77938,0.77948,1.00,1.19
2016.04.22 19:51:44.772,0.77938,0.77948,1.25,1.00
2016.04.22 19:51:45.027,0.77941,0.77949,1.00,1.25
2016.04.22 19:51:45.532,0.77941,0.7795,1.00,1.25
2016.04.22 19:51:45.990,0.77939,0.7795,1.69,1.25
2016.04.22 19:51:46.954,0.77939,0.7795,1.00,3.94
2016.04.22 19:51:47.477,0.77938,0.7795,1.00,4.69
2016.04.22 19:51:47.988,0.77938,0.77948,1.25,1.19
2016.04.22 19:51:53.335,0.77938,0.77948,1.00,1.00
2016.04.22 19:51:54.515,0.7794,0.77948,1.00,1.00
2016.04.22 19:51:54.668,0.7794,0.7795,1.25,1.00
2016.04.22 19:51:58.952,0.77939,0.7795,1.00,1.25
2016.04.22 19:51:59.055,0.77936,0.77947,1.50,1.19
2016.04.22 19:52:03.124,0.77935,0.77946,1.00,1.00
2016.04.22 19:52:03.746,0.77935,0.77945,1.00,1.00
2016.04.22 19:52:04.284,0.77935,0.77946,1.00,1.50
2016.04.22 19:52:04.794,0.77934,0.77946,1.00,2.25
2016.04.22 19:52:05.329,0.77933,0.77945,1.00,3.00
2016.04.22 19:52:07.412,0.77932,0.77944,1.00,1.50
2016.04.22 19:52:07.718,0.7793,0.77941,1.00,1.19
2016.04.22 19:52:08.535,0.77931,0.77941,1.00,1.00
2016.04.22 19:52:08.840,0.7793,0.77939,1.00,1.00
2016.04.22 19:52:09.357,0.77929,0.7794,1.50,3.00
2016.04.22 19:52:11.185,0.7793,0.7794,1.00,1.00
2016.04.22 19:52:11.707,0.7793,0.7794,1.25,1.19
2016.04.22 19:52:12.269,0.77929,0.7794,1.50,1.00
2016.04.22 19:52:12.831,0.77931,0.7794,1.00,1.00
2016.04.22 19:52:13.339,0.77931,0.7794,1.00,1.19
2016.04.22 19:52:13.605,0.77929,0.7794,1.00,2.44
2016.04.22 19:52:13.808,0.77927,0.77938,1.00,1.69
2016.04.22 19:52:14.113,0.77925,0.77937,2.44,1.19
2016.04.22 19:52:14.893,0.77926,0.77937,1.00,1.19
2016.04.22 19:52:16.849,0.77929,0.77937,1.00,2.44
2016.04.22 19:52:17.104,0.77929,0.77939,1.00,1.00
2016.04.22 19:52:17.661,0.77929,0.7794,1.00,2.25
2016.04.22 19:52:19.255,0.77932,0.7794,1.00,1.50
2016.04.22 19:52:19.583,0.77934,0.77943,1.00,1.19
2016.04.22 19:52:22.811,0.77937,0.77944,1.00,1.69
2016.04.22 19:52:22.914,0.77939,0.77945,1.00,1.00
2016.04.22 19:52:23.086,0.77937,0.77946,1.00,1.00
2016.04.22 19:52:23.594,0.77938,0.77947,1.00,1.69
2016.04.22 19:52:23.797,0.77936,0.77947,1.25,1.69
2016.04.22 19:52:25.030,0.77937,0.77948,1.69,1.25
2016.04.22 19:52:25.656,0.77937,0.77948,1.00,2.44
2016.04.22 19:52:26.282,0.77934,0.77947,3.94,1.69
2016.04.22 19:52:31.244,0.77934,0.77946,1.69,1.00
2016.04.22 19:52:31.604,0.77934,0.77946,1.19,1.69
2016.04.22 19:52:32.376,0.77934,0.77946,1.00,1.00
2016.04.22 19:52:32.479,0.77934,0.77946,1.25,1.69
2016.04.22 19:52:32.938,0.77934,0.77947,1.69,4.69
2016.04.22 19:52:34.054,0.77934,0.77946,1.25,1.19
2016.04.22 19:52:51.376,0.77933,0.77944,1.00,1.50
2016.04.22 19:52:51.834,0.77931,0.77944,1.00,6.75
2016.04.22 19:52:52.280,0.77931,0.77943,1.00,1.69
2016.04.22 19:52:55.848,0.7793,0.77942,1.25,2.44
2016.04.22 19:53:11.241,0.77931,0.77942,1.00,1.69
2016.04.22 19:53:11.448,0.77931,0.77943,1.69,1.25
2016.04.22 19:53:12.476,0.77931,0.77942,1.19,1.00
2016.04.22 19:53:13.411,0.7793,0.77941,1.25,1.69
2016.04.22 19:53:14.070,0.77929,0.77941,1.00,1.00
2016.04.22 19:53:14.324,0.77929,0.77941,2.44,1.00
2016.04.22 19:53:14.426,0.77929,0.77941,1.50,1.00
2016.04.22 19:53:15.072,0.77929,0.77941,1.69,1.25
2016.04.22 19:53:16.389,0.77929,0.7794,1.69,1.00
2016.04.22 19:53:18.456,0.77929,0.77938,1.19,1.00
2016.04.22 19:53:18.740,0.77925,0.77936,1.69,1.00
2016.04.22 19:53:19.248,0.77928,0.77936,1.00,1.00
2016.04.22 19:53:19.604,0.77928,0.7794,1.00,1.00
2016.04.22 19:53:20.888,0.77928,0.7794,1.19,1.25
2016.04.22 19:53:21.770,0.77927,0.7794,3.19,1.00
2016.04.22 19:53:24.219,0.77929,0.7794,1.00,1.00
2016.04.22 19:53:24.321,0.77929,0.7794,1.25,1.69
2016.04.22 19:53:25.935,0.77926,0.77938,1.69,3.00
2016.04.22 19:53:26.457,0.77925,0.77937,2.44,1.00
2016.04.22 19:53:26.967,0.77926,0.77938,1.25,2.25
2016.04.22 19:53:29.236,0.77927,0.77938,1.00,2.25
2016.04.22 19:53:30.869,0.77926,0.77938,1.69,1.50
2016.04.22 19:53:30.920,0.77928,0.77939,1.19,1.50
2016.04.22 19:53:31.428,0.77928,0.7794,1.19,1.25
2016.04.22 19:53:32.006,0.77927,0.77938,4.69,1.00
2016.04.22 19:53:32.108,0.77927,0.77938,1.00,1.19
2016.04.22 19:53:32.312,0.77926,0.77939,1.50,1.69
2016.04.22 19:53:32.829,0.77927,0.77939,1.50,1.00
2016.04.22 19:53:33.246,0.77926,0.77938,1.69,1.19
2016.04.22 19:53:35.014,0.77927,0.77938,1.00,1.19
2016.04.22 19:53:40.650,0.77928,0.77938,1.00,1.19
2016.04.22 19:53:40.752,0.77928,0.77941,2.44,2.44
2016.04.22 19:53:41.252,0.77928,0.77941,1.50,1.25
2016.04.22 19:53:41.802,0.77929,0.77941,1.50,1.00
2016.04.22 19:53:42.320,0.77929,0.77942,2.25,1.50
2016.04.22 19:53:43.364,0.7793,0.77942,1.00,1.00
2016.04.22 19:53:43.873,0.7793,0.77943,1.00,2.32
2016.04.22 19:53:48.696,0.77931,0.77943,1.00,1.50
2016.04.22 19:53:49.281,0.7793,0.77943,3.00,1.50
2016.04.22 19:53:50.317,0.77931,0.77943,1.00,1.50
2016.04.22 19:53:50.842,0.77931,0.77942,1.50,1.00
2016.04.22 19:53:51.411,0.77931,0.77943,1.50,1.00
2016.04.22 19:53:51.715,0.77931,0.77942,1.50,1.19
2016.04.22 19:53:52.342,0.7793,0.77942,1.25,1.19
2016.04.22 19:53:55.132,0.7793,0.77941,1.00,1.69
2016.04.22 19:53:55.184,0.77928,0.77941,1.69,3.19
2016.04.22 19:53:57.192,0.77929,0.7794,1.00,1.19
2016.04.22 19:53:59.857,0.77928,0.77941,1.69,2.44
2016.04.22 19:54:02.739,0.77929,0.77941,1.00,2.81
2016.04.22 19:54:03.672,0.77929,0.77941,2.44,1.69
2016.04.22 19:54:07.959,0.77931,0.77943,1.19,2.44
2016.04.22 19:54:12.909,0.77931,0.77943,1.50,1.69
2016.04.22 19:54:13.214,0.7793,0.77941,1.00,1.69
2016.04.22 19:54:13.727,0.77929,0.7794,2.25,1.19
2016.04.22 19:54:14.347,0.77929,0.7794,2.25,1.00
2016.04.22 19:54:16.324,0.77929,0.77942,1.50,1.25
2016.04.22 19:54:19.302,0.77929,0.77941,1.50,1.00
2016.04.22 19:54:19.822,0.77929,0.77942,1.69,2.44
2016.04.22 19:54:26.403,0.77928,0.7794,1.50,1.50
2016.04.22 19:54:26.454,0.77928,0.7794,1.50,2.44
2016.04.22 19:54:29.558,0.77926,0.77939,1.50,2.06
2016.04.22 19:54:30.066,0.77926,0.77938,1.50,1.50
2016.04.22 19:54:30.968,0.77926,0.77938,1.69,1.25
2016.04.22 19:54:31.483,0.77926,0.77939,2.44,1.69
2016.04.22 19:54:34.580,0.77926,0.77937,1.50,1.19
2016.04.22 19:54:35.091,0.77925,0.77936,1.69,1.25
2016.04.22 19:54:37.026,0.77926,0.77936,1.00,1.25
2016.04.22 19:54:37.230,0.77927,0.77938,1.00,1.00
2016.04.22 19:54:41.050,0.77927,0.77937,1.25,1.00
2016.04.22 19:54:45.878,0.77927,0.77939,1.25,3.19
2016.04.22 19:54:46.408,0.77928,0.77939,1.00,1.19
2016.04.22 19:54:47.067,0.77929,0.77939,1.00,1.19
2016.04.22 19:54:47.593,0.77929,0.7794,1.25,1.69
2016.04.22 19:54:52.485,0.7793,0.77941,1.00,1.69
2016.04.22 19:54:53.082,0.7793,0.7794,1.00,2.44
2016.04.22 19:54:53.184,0.77928,0.77938,1.00,1.00
2016.04.22 19:54:53.692,0.77927,0.77938,1.00,1.00
2016.04.22 19:54:53.901,0.77926,0.77936,1.25,1.00
2016.04.22 19:54:54.183,0.77924,0.77936,1.50,1.00
2016.04.22 19:54:54.715,0.77925,0.77936,1.00,2.25
2016.04.22 19:54:55.223,0.77925,0.77937,1.69,1.69
2016.04.22 19:54:55.755,0.77927,0.77937,1.00,1.00
2016.04.22 19:54:56.263,0.77928,0.77938,1.25,1.19
2016.04.22 19:54:57.719,0.77927,0.77939,1.50,2.25
2016.04.22 19:54:59.593,0.77927,0.77939,1.69,1.69
2016.04.22 19:54:59.999,0.77928,0.77938,1.19,1.25
2016.04.22 19:55:02.143,0.77927,0.77937,2.44,1.00
2016.04.22 19:55:02.450,0.77926,0.77935,1.00,1.19
2016.04.22 19:55:02.603,0.77922,0.77932,1.00,1.25
2016.04.22 19:55:03.137,0.7792,0.77932,1.19,1.69
2016.04.22 19:55:04.531,0.77921,0.77931,1.25,1.00
2016.04.22 19:55:04.634,0.77921,0.7793,1.00,1.19
2016.04.22 19:55:04.787,0.77918,0.77929,1.00,1.69
2016.04.22 19:55:04.889,0.77919,0.77926,1.00,1.00
2016.04.22 19:55:04.991,0.77917,0.77925,1.00,1.00
2016.04.22 19:55:05.094,0.77915,0.77925,1.00,1.00
2016.04.22 19:55:05.282,0.77913,0.77925,1.12,1.50
2016.04.22 19:55:05.561,0.77913,0.77923,2.62,1.00
2016.04.22 19:55:06.069,0.77913,0.77923,2.06,1.25
2016.04.22 19:55:06.678,0.77913,0.77921,1.19,1.00
2016.04.22 19:55:06.884,0.7791,0.77921,1.69,1.00
2016.04.22 19:55:07.393,0.7791,0.77921,1.87,1.00
2016.04.22 19:55:09.623,0.7791,0.7792,1.12,1.00
2016.04.22 19:55:10.182,0.7791,0.77921,1.12,1.50
2016.04.22 19:55:10.284,0.7791,0.77918,1.00,1.00
2016.04.22 19:55:10.537,0.77909,0.7792,1.50,1.50
2016.04.22 19:55:10.741,0.77909,0.77917,1.00,1.00
2016.04.22 19:55:10.996,0.77908,0.77919,1.00,1.69
2016.04.22 19:55:11.878,0.77907,0.77918,1.00,1.00
2016.04.22 19:55:12.083,0.77909,0.77919,1.00,1.00
2016.04.22 19:55:15.567,0.77909,0.77918,1.00,1.00
2016.04.22 19:55:15.783,0.77906,0.77916,1.12,1.25
2016.04.22 19:55:16.510,0.77907,0.77918,1.50,1.19
2016.04.22 19:55:18.166,0.77907,0.77919,1.50,1.00
2016.04.22 19:55:18.572,0.77906,0.77917,1.00,1.00
2016.04.22 19:55:19.099,0.77906,0.77918,1.00,1.25
2016.04.22 19:55:19.405,0.77906,0.77917,1.00,1.69
2016.04.22 19:55:21.104,0.77906,0.77914,1.00,1.00
2016.04.22 19:55:21.206,0.77903,0.77915,1.69,1.69
2016.04.22 19:55:21.815,0.77905,0.77915,1.00,1.25
2016.04.22 19:55:24.035,0.77903,0.77916,2.81,3.56
2016.04.22 19:55:27.548,0.77902,0.77915,1.87,1.25
2016.04.22 19:55:27.650,0.77904,0.77916,1.00,2.44
2016.04.22 19:55:28.195,0.77904,0.77915,1.25,1.19
2016.04.22 19:55:29.525,0.77903,0.77916,1.50,3.19
2016.04.22 19:55:30.467,0.77904,0.77915,1.00,1.00
2016.04.22 19:55:31.000,0.77903,0.77915,1.00,1.50
2016.04.22 19:55:31.356,0.77902,0.77913,1.00,1.00
2016.04.22 19:55:31.611,0.779,0.77913,1.87,2.81
2016.04.22 19:55:32.349,0.77901,0.77913,1.00,1.25
2016.04.22 19:55:33.168,0.77901,0.77914,1.00,1.50
2016.04.22 19:55:33.219,0.77903,0.77914,1.00,1.50
2016.04.22 19:55:34.352,0.77903,0.77914,1.00,2.44
2016.04.22 19:55:34.455,0.77903,0.77914,1.00,1.25
2016.04.22 19:55:34.659,0.77901,0.77913,1.00,1.00
2016.04.22 19:55:39.236,0.77899,0.77912,1.12,1.00
2016.04.22 19:55:39.338,0.77901,0.77912,1.00,1.00
2016.04.22 19:55:40.639,0.77901,0.77912,1.00,1.19
2016.04.22 19:55:41.486,0.77901,0.77912,1.00,1.00
2016.04.22 19:55:41.994,0.77901,0.77912,1.00,1.19
2016.04.22 19:55:43.287,0.77901,0.77912,1.00,1.00
2016.04.22 19:55:48.985,0.77902,0.77914,1.69,1.25
2016.04.22 19:55:50.972,0.77902,0.77914,1.00,1.69
2016.04.22 19:55:53.707,0.779,0.77913,1.69,1.19
2016.04.22 19:55:55.182,0.77901,0.77911,1.69,1.00
2016.04.22 19:55:59.812,0.77901,0.77912,1.69,1.25
2016.04.22 19:56:00.422,0.779,0.77912,1.00,1.19
2016.04.22 19:56:01.785,0.779,0.7791,1.00,1.00
2016.04.22 19:56:02.092,0.77898,0.77909,1.00,1.69
2016.04.22 19:56:02.634,0.77896,0.77909,1.19,3.19
2016.04.22 19:56:03.143,0.77895,0.77907,2.81,1.00
2016.04.22 19:56:03.348,0.77893,0.77905,1.25,2.44
2016.04.22 19:56:03.602,0.77893,0.77905,2.06,2.44
2016.04.22 19:56:03.875,0.77895,0.77907,1.19,1.25
2016.04.22 19:56:04.384,0.77896,0.77908,1.00,2.44
2016.04.22 19:56:04.892,0.77895,0.77907,1.00,1.19
2016.04.22 19:56:05.814,0.77895,0.77907,1.69,1.25
2016.04.22 19:56:06.321,0.77897,0.77909,1.00,1.19
2016.04.22 19:56:06.826,0.77895,0.77908,3.26,1.19
2016.04.22 19:56:10.110,0.77896,0.77909,1.19,1.50
2016.04.22 19:56:11.222,0.77896,0.77909,3.19,2.06
2016.04.22 19:56:15.714,0.77896,0.77908,1.00,1.50
2016.04.22 19:56:18.226,0.77896,0.77908,1.69,1.00
2016.04.22 19:56:18.753,0.77897,0.77909,1.19,1.25
2016.04.22 19:56:19.679,0.77897,0.77909,1.69,1.00
2016.04.22 19:56:20.186,0.77897,0.77909,1.69,1.25
2016.04.22 19:56:20.513,0.77897,0.77909,1.00,2.44
2016.04.22 19:56:20.973,0.77897,0.77908,2.44,1.25
2016.04.22 19:56:21.432,0.77897,0.77909,1.69,1.50
2016.04.22 19:56:22.218,0.77897,0.77909,1.69,1.25
2016.04.22 19:56:24.948,0.77896,0.77909,1.69,3.56
2016.04.22 19:56:25.462,0.77895,0.77908,3.19,2.44
2016.04.22 19:56:27.430,0.77895,0.77907,1.69,1.00
2016.04.22 19:56:27.735,0.77895,0.77903,1.00,1.69
2016.04.22 19:56:27.888,0.7789,0.77902,1.50,1.69
2016.04.22 19:56:28.473,0.7789,0.77902,1.50,1.00
2016.04.22 19:56:29.137,0.7789,0.77902,1.69,1.19
2016.04.22 19:56:36.900,0.77892,0.77903,1.00,1.69
2016.04.22 19:56:44.982,0.77892,0.77898,1.00,1.19
2016.04.22 19:56:45.085,0.77888,0.77896,1.00,1.25
2016.04.22 19:56:45.188,0.77888,0.77899,1.25,1.25
2016.04.22 19:56:45.495,0.7789,0.77901,1.00,1.19
2016.04.22 19:56:45.546,0.7789,0.77902,1.69,1.69
2016.04.22 19:56:45.598,0.77892,0.77903,1.00,3.94
2016.04.22 19:56:50.403,0.77892,0.77899,1.00,1.00
2016.04.22 19:56:50.606,0.77888,0.779,2.25,1.00
2016.04.22 19:56:51.132,0.77888,0.77901,1.00,2.44
2016.04.22 19:56:51.183,0.77888,0.77899,1.50,1.00
2016.04.22 19:56:51.488,0.77886,0.77897,1.25,1.50
2016.04.22 19:56:54.523,0.77886,0.77895,1.00,1.00
2016.04.22 19:56:54.677,0.77884,0.77896,1.31,1.69
2016.04.22 19:56:55.312,0.77886,0.77896,1.31,1.50
2016.04.22 19:56:55.772,0.77887,0.779,1.50,2.44
2016.04.22 19:56:56.280,0.77887,0.77899,1.50,1.00
2016.04.22 19:56:58.891,0.77888,0.77899,1.00,1.00
2016.04.22 19:56:58.943,0.77888,0.77899,1.00,1.69
2016.04.22 19:56:59.248,0.77887,0.77897,1.50,2.44
2016.04.22 19:56:59.401,0.77886,0.77897,1.00,1.25
2016.04.22 19:56:59.934,0.77885,0.77895,1.00,1.25
2016.04.22 19:57:00.197,0.77881,0.77893,2.44,1.69
2016.04.22 19:57:00.707,0.77882,0.77894,1.25,1.19
2016.04.22 19:57:02.146,0.77882,0.77894,1.87,1.00
2016.04.22 19:57:02.682,0.77884,0.77895,1.00,1.00
2016.04.22 19:57:03.207,0.77883,0.77895,1.50,1.00
2016.04.22 19:57:03.757,0.77884,0.77895,1.00,1.19
2016.04.22 19:57:04.438,0.77884,0.77894,1.00,2.44
2016.04.22 19:57:04.948,0.77884,0.77891,1.00,1.00
2016.04.22 19:57:05.168,0.77882,0.77891,1.00,1.19
2016.04.22 19:57:05.575,0.7788,0.77888,1.00,1.25
2016.04.22 19:57:05.728,0.77878,0.77888,1.69,1.25
2016.04.22 19:57:06.238,0.77878,0.77889,1.00,1.69
2016.04.22 19:57:06.340,0.77878,0.77889,1.00,1.00
2016.04.22 19:57:07.670,0.77878,0.77888,1.87,1.00
2016.04.22 19:57:07.874,0.77876,0.77887,1.87,1.19
2016.04.22 19:57:08.204,0.77876,0.77888,1.00,1.50
2016.04.22 19:57:08.306,0.77875,0.77888,1.25,3.19
2016.04.22 19:57:08.408,0.77875,0.77888,1.00,1.50
2016.04.22 19:57:08.921,0.77876,0.77888,1.00,3.00
2016.04.22 19:57:09.446,0.77877,0.77888,1.00,3.00
2016.04.22 19:57:11.212,0.77878,0.77888,1.00,1.50
2016.04.22 19:57:11.366,0.77878,0.77885,1.00,1.19
2016.04.22 19:57:11.469,0.77875,0.77884,1.00,1.25
2016.04.22 19:57:11.860,0.77873,0.77883,1.25,1.19
2016.04.22 19:57:12.166,0.77873,0.77885,1.12,2.25
2016.04.22 19:57:12.471,0.77874,0.77885,1.19,1.19
2016.04.22 19:57:15.518,0.77873,0.77884,1.00,2.81
2016.04.22 19:57:15.569,0.77872,0.77884,1.50,2.81
2016.04.22 19:57:15.925,0.77871,0.77884,1.00,2.25
2016.04.22 19:57:16.651,0.77872,0.77884,1.50,1.19
2016.04.22 19:57:16.957,0.77874,0.77884,1.00,1.19
2016.04.22 19:57:17.009,0.77874,0.77885,1.00,1.19
2016.04.22 19:57:17.214,0.77874,0.77883,1.50,1.19
2016.04.22 19:57:17.744,0.77873,0.77883,2.06,1.19
2016.04.22 19:57:19.608,0.77872,0.7788,1.00,1.19
2016.04.22 19:57:19.762,0.77869,0.77879,1.00,1.19
2016.04.22 19:57:20.078,0.77869,0.7788,1.00,2.44
2016.04.22 19:57:21.783,0.77869,0.77879,1.00,1.00
2016.04.22 19:57:22.442,0.77869,0.7788,1.00,3.00
2016.04.22 19:57:22.494,0.77869,0.7788,1.00,3.94
2016.04.22 19:57:22.798,0.77869,0.7788,1.00,2.25
2016.04.22 19:57:22.971,0.77869,0.77875,1.00,1.00
2016.04.22 19:57:23.078,0.77866,0.77875,1.00,1.25
2016.04.22 19:57:23.586,0.77865,0.77876,1.25,1.25
2016.04.22 19:57:24.257,0.77865,0.77876,1.00,1.19
2016.04.22 19:57:24.816,0.77866,0.77878,1.00,1.12
2016.04.22 19:57:24.919,0.77868,0.77879,1.25,3.19
2016.04.22 19:57:25.202,0.77872,0.77884,1.12,1.87
2016.04.22 19:57:25.267,0.77874,0.77885,1.00,1.00
2016.04.22 19:57:25.826,0.77874,0.77883,1.00,1.00
2016.04.22 19:57:25.928,0.77874,0.77885,1.00,1.50
2016.04.22 19:57:26.843,0.77874,0.77885,1.00,2.62
2016.04.22 19:57:26.894,0.77874,0.77883,1.00,1.19
2016.04.22 19:57:26.997,0.77871,0.77883,1.00,1.19
2016.04.22 19:57:27.505,0.7787,0.77882,1.00,1.00
2016.04.22 19:57:27.819,0.77872,0.77883,1.00,1.50
2016.04.22 19:57:30.304,0.7787,0.77883,1.00,3.56
2016.04.22 19:57:30.406,0.77868,0.77881,1.69,1.69
2016.04.22 19:57:30.593,0.7787,0.77881,1.00,1.25
2016.04.22 19:57:31.999,0.77869,0.7788,1.25,1.19
2016.04.22 19:57:32.204,0.77867,0.77879,1.00,1.69
2016.04.22 19:57:32.715,0.77867,0.77878,1.69,1.00
2016.04.22 19:57:32.767,0.77868,0.77881,1.00,1.00
2016.04.22 19:57:35.113,0.77868,0.7788,1.00,1.00
2016.04.22 19:57:35.418,0.7787,0.77883,1.00,3.00
2016.04.22 19:57:36.069,0.7787,0.77881,1.25,1.19
2016.04.22 19:57:36.273,0.77868,0.7788,1.00,1.69
2016.04.22 19:57:36.578,0.77868,0.7788,1.50,1.50
2016.04.22 19:57:41.026,0.77869,0.7788,1.00,1.00
2016.04.22 19:57:41.452,0.77869,0.77879,1.00,1.19
2016.04.22 19:57:41.974,0.77868,0.77879,1.50,1.19
2016.04.22 19:57:43.633,0.77867,0.77879,3.19,1.19
2016.04.22 19:57:47.399,0.77867,0.77878,1.00,1.19
2016.04.22 19:57:54.865,0.77867,0.77878,1.00,1.00
2016.04.22 19:57:55.695,0.77867,0.7788,1.50,1.50
2016.04.22 19:57:56.253,0.77867,0.7788,1.87,1.50
2016.04.22 19:57:57.150,0.7787,0.7788,1.00,1.00
2016.04.22 19:57:57.353,0.77868,0.77881,2.25,1.50
2016.04.22 19:57:57.862,0.77869,0.77881,1.00,1.50
2016.04.22 19:57:58.726,0.7787,0.77881,1.00,1.00
2016.04.22 19:57:59.228,0.77869,0.77881,2.25,1.00
2016.04.22 19:58:00.320,0.7787,0.77882,1.00,1.69
2016.04.22 19:58:00.727,0.77872,0.77884,1.00,2.06
2016.04.22 19:58:01.272,0.77872,0.77883,1.00,1.00
2016.04.22 19:58:02.120,0.77872,0.77884,1.00,1.69
2016.04.22 19:58:02.647,0.77873,0.77884,1.69,1.25
2016.04.22 19:58:03.157,0.77874,0.77886,1.00,2.44
2016.04.22 19:58:04.185,0.77874,0.77887,3.19,1.69
2016.04.22 19:58:05.204,0.77876,0.77886,1.25,1.00
2016.04.22 19:58:05.711,0.77876,0.77887,1.69,1.00
2016.04.22 19:58:06.246,0.77876,0.77889,3.19,2.81
2016.04.22 19:58:11.318,0.77877,0.77884,1.00,1.19
2016.04.22 19:58:11.623,0.77877,0.77883,1.00,1.19
2016.04.22 19:58:11.775,0.77875,0.77883,1.00,1.19
2016.04.22 19:58:11.928,0.77873,0.77884,1.69,1.50
2016.04.22 19:58:12.031,0.77873,0.77884,1.50,2.44
2016.04.22 19:58:12.895,0.77874,0.77884,1.19,1.87
2016.04.22 19:58:18.955,0.77872,0.77884,1.69,1.87
2016.04.22 19:58:19.622,0.77873,0.77884,1.19,1.87
2016.04.22 19:58:20.033,0.77873,0.77881,1.19,1.00
2016.04.22 19:58:20.085,0.77873,0.77884,1.69,2.25
2016.04.22 19:58:21.701,0.77875,0.77884,1.00,2.25
2016.04.22 19:58:21.855,0.77877,0.77884,1.00,1.50
2016.04.22 19:58:22.378,0.77877,0.77885,1.00,1.87
2016.04.22 19:58:22.817,0.77875,0.77885,1.50,1.87
2016.04.22 19:58:23.329,0.77877,0.77888,1.19,1.87
2016.04.22 19:58:23.837,0.77878,0.77889,1.69,1.12
2016.04.22 19:58:25.415,0.77878,0.77889,1.00,1.50
2016.04.22 19:58:26.748,0.77878,0.77889,1.69,1.50
2016.04.22 19:58:27.294,0.77879,0.77889,2.44,1.50
2016.04.22 19:58:28.336,0.77879,0.77888,2.44,1.00
2016.04.22 19:58:28.642,0.77879,0.77886,1.50,1.00
2016.04.22 19:58:28.797,0.77877,0.77886,1.50,1.00
2016.04.22 19:58:29.777,0.77876,0.77885,1.69,1.00
2016.04.22 19:58:31.561,0.77876,0.77886,1.69,1.00
2016.04.22 19:58:32.070,0.77876,0.77885,1.69,1.00
2016.04.22 19:58:34.706,0.77876,0.77886,1.69,1.00
2016.04.22 19:58:44.052,0.77876,0.77887,1.69,1.95
2016.04.22 19:58:45.311,0.77876,0.77886,2.44,1.00
2016.04.22 19:58:45.910,0.77876,0.77885,1.69,1.00
2016.04.22 19:58:46.448,0.77876,0.77886,1.69,1.00
2016.04.22 19:58:53.063,0.77876,0.77885,1.19,1.00
2016.04.22 19:58:53.572,0.77875,0.77886,1.19,1.87
2016.04.22 19:58:54.919,0.77875,0.77885,1.19,1.50
2016.04.22 19:58:57.329,0.77874,0.77884,1.69,1.00
2016.04.22 19:58:57.431,0.77874,0.77884,1.00,1.50
2016.04.22 19:58:57.963,0.77872,0.77883,2.44,1.00
2016.04.22 19:58:59.763,0.77872,0.77881,1.69,1.00
2016.04.22 19:59:00.070,0.77872,0.77883,2.44,2.25
2016.04.22 19:59:00.282,0.77871,0.77882,1.25,1.50
2016.04.22 19:59:00.611,0.77869,0.77881,1.69,1.00
2016.04.22 19:59:00.662,0.7787,0.77881,1.19,1.50
2016.04.22 19:59:00.968,0.77868,0.77878,1.69,1.00
2016.04.22 19:59:01.486,0.77868,0.77879,1.69,1.50
2016.04.22 19:59:01.871,0.77871,0.7788,1.25,1.50
2016.04.22 19:59:02.077,0.77872,0.77883,1.69,1.00
2016.04.22 19:59:02.589,0.77872,0.77884,1.69,1.87
2016.04.22 19:59:03.420,0.77872,0.77883,1.69,1.00
2016.04.22 19:59:03.928,0.77871,0.77882,2.44,1.00
2016.04.22 19:59:05.910,0.77869,0.77882,3.19,1.87
2016.04.22 19:59:06.413,0.77869,0.77881,3.19,1.00
2016.04.22 19:59:06.916,0.7787,0.77882,1.25,1.87
2016.04.22 19:59:10.119,0.7787,0.77882,2.44,1.12
2016.04.22 19:59:13.407,0.77869,0.77881,2.44,1.00
2016.04.22 19:59:13.716,0.77869,0.77879,1.00,1.00
2016.04.22 19:59:14.250,0.77869,0.7788,1.00,1.00
2016.04.22 19:59:14.815,0.77868,0.77881,2.44,2.25
2016.04.22 19:59:15.323,0.77868,0.7788,1.69,1.00
2016.04.22 19:59:16.126,0.77868,0.7788,2.44,1.00
2016.04.22 19:59:16.919,0.77867,0.7788,2.44,2.25
2016.04.22 19:59:17.224,0.77869,0.7788,1.19,2.25
2016.04.22 19:59:17.731,0.77869,0.7788,1.19,3.37
2016.04.22 19:59:18.272,0.77867,0.7788,3.56,3.37
2016.04.22 19:59:19.231,0.77867,0.7788,2.62,2.62
2016.04.22 19:59:19.774,0.77868,0.77879,1.00,1.69
2016.04.22 19:59:20.131,0.77868,0.77876,1.00,1.00
2016.04.22 19:59:20.182,0.77868,0.77878,1.00,1.25
2016.04.22 19:59:21.681,0.77868,0.77879,1.00,1.50
2016.04.22 19:59:22.113,0.77868,0.77881,1.50,2.25
2016.04.22 19:59:22.994,0.77868,0.77877,1.00,1.00
2016.04.22 19:59:23.198,0.77861,0.77871,1.10,1.50
2016.04.22 19:59:23.402,0.77857,0.7787,2.62,2.25
2016.04.22 19:59:23.906,0.77858,0.77871,1.00,3.37
2016.04.22 19:59:24.263,0.7786,0.77871,1.00,2.25
2016.04.22 19:59:24.770,0.7786,0.77872,1.00,2.25
2016.04.22 19:59:25.316,0.77859,0.77872,2.62,2.25
2016.04.22 19:59:25.825,0.7786,0.77872,1.12,1.50
2016.04.22 19:59:26.507,0.77859,0.77872,2.25,2.25
2016.04.22 19:59:27.047,0.7786,0.77872,1.00,1.50
2016.04.22 19:59:27.561,0.7786,0.77871,1.00,1.00
2016.04.22 19:59:28.358,0.77859,0.77871,2.25,1.00
2016.04.22 19:59:29.283,0.7786,0.77871,1.00,1.00
2016.04.22 19:59:29.995,0.77859,0.77871,2.62,1.00
2016.04.22 19:59:30.352,0.7786,0.77873,1.87,3.00
2016.04.22 19:59:30.537,0.77862,0.77873,1.00,2.25
2016.04.22 19:59:31.046,0.77863,0.77873,1.00,1.00
2016.04.22 19:59:31.707,0.77863,0.77874,1.00,1.12
2016.04.22 19:59:32.165,0.77861,0.77874,2.25,2.25
2016.04.22 19:59:32.674,0.77862,0.77875,1.50,2.62
2016.04.22 19:59:32.776,0.77862,0.77873,1.50,1.00
2016.04.22 19:59:33.957,0.77863,0.77873,1.00,1.50
2016.04.22 19:59:34.110,0.77863,0.77875,1.00,1.50
2016.04.22 19:59:34.791,0.77865,0.77875,1.00,1.00
2016.04.22 19:59:36.086,0.77865,0.77876,1.00,1.00
2016.04.22 19:59:36.392,0.77867,0.77878,1.00,2.25
2016.04.22 19:59:37.125,0.77867,0.77877,1.00,1.00
2016.04.22 19:59:37.533,0.77865,0.77876,1.00,1.00
2016.04.22 19:59:38.770,0.77865,0.77877,2.25,1.00
2016.04.22 19:59:42.581,0.77866,0.77877,1.00,1.00
2016.04.22 19:59:42.989,0.77866,0.77873,1.00,1.00
2016.04.22 19:59:43.041,0.77864,0.77873,1.50,1.00
2016.04.22 19:59:43.194,0.77862,0.77873,1.00,1.19
2016.04.22 19:59:43.724,0.77861,0.77873,1.00,1.50
2016.04.22 19:59:44.485,0.77862,0.77873,1.00,1.00
2016.04.22 19:59:46.964,0.77863,0.77874,1.00,1.00
2016.04.22 19:59:49.771,0.77862,0.77874,1.00,1.50
2016.04.22 19:59:50.231,0.77861,0.77872,2.25,1.00
2016.04.22 19:59:50.739,0.7786,0.77873,1.50,2.25
2016.04.22 19:59:52.298,0.77861,0.77874,1.50,3.00
2016.04.22 19:59:53.440,0.77861,0.77873,1.50,1.00
2016.04.22 19:59:53.983,0.7786,0.77873,1.00,2.44
2016.04.22 19:59:54.495,0.7786,0.77873,1.00,2.81
2016.04.22 19:59:54.824,0.77857,0.77869,2.25,1.00
2016.04.22 19:59:55.231,0.77859,0.7787,1.00,1.87
2016.04.22 19:59:55.536,0.77861,0.77871,1.00,1.50
2016.04.22 19:59:56.047,0.7786,0.77871,1.00,1.00
2016.04.22 19:59:56.593,0.77859,0.77871,1.00,1.50
2016.04.22 19:59:57.354,0.7786,0.77871,1.00,1.00
2016.04.22 19:59:59.083,0.7786,0.7787,1.00,1.00
2016.04.22 19:59:59.287,0.77857,0.77869,1.12,1.31
2016.04.22 19:59:59.802,0.77857,0.77868,2.25,1.00
