2016.05.15 22:00:00.140,0.78724,0.78774,0.75,0.75
2016.05.15 22:00:00.480,0.78729,0.78753,0.75,0.75
2016.05.15 22:00:00.785,0.78729,0.78751,0.75,0.75
2016.05.15 22:00:01.091,0.78736,0.78752,0.75,0.75
2016.05.15 22:00:01.143,0.78736,0.78754,0.75,0.75
2016.05.15 22:00:01.245,0.78736,0.78757,0.75,0.75
2016.05.15 22:00:01.296,0.78736,0.78753,0.75,0.75
2016.05.15 22:00:01.587,0.78736,0.78757,0.75,0.75
2016.05.15 22:00:01.993,0.78736,0.78759,0.75,0.75
2016.05.15 22:00:02.298,0.78742,0.78759,0.75,0.75
2016.05.15 22:00:02.401,0.78742,0.78765,0.75,0.75
2016.05.15 22:00:02.960,0.78742,0.78764,0.75,0.75
2016.05.15 22:00:03.479,0.78742,0.78767,0.75,0.75
2016.05.15 22:00:03.581,0.78742,0.78771,0.75,0.75
2016.05.15 22:00:03.632,0.78742,0.78765,0.75,0.75
2016.05.15 22:00:04.139,0.78748,0.78764,0.75,0.75
2016.05.15 22:00:04.444,0.78748,0.78768,0.75,1.50
2016.05.15 22:00:04.496,0.78748,0.78764,0.75,0.75
2016.05.15 22:00:04.819,0.78748,0.78767,0.75,0.75
2016.05.15 22:00:04.870,0.78748,0.78771,0.75,0.75
2016.05.15 22:00:04.921,0.78748,0.78774,0.75,0.75
2016.05.15 22:00:05.448,0.78749,0.78774,0.75,0.75
2016.05.15 22:00:05.601,0.78747,0.78774,0.75,0.75
2016.05.15 22:00:07.940,0.78744,0.78769,0.75,0.75
2016.05.15 22:00:08.093,0.78742,0.78769,0.75,1.50
2016.05.15 22:00:08.449,0.78737,0.78769,1.50,1.50
2016.05.15 22:00:08.703,0.78737,0.78766,0.75,3.00
2016.05.15 22:00:11.111,0.78737,0.78776,0.75,0.75
2016.05.15 22:00:11.213,0.78737,0.78773,0.75,0.75
2016.05.15 22:00:11.607,0.78737,0.78776,0.75,0.75
2016.05.15 22:00:11.709,0.78737,0.78773,0.75,0.75
2016.05.15 22:00:13.606,0.78738,0.78773,0.75,0.75
2016.05.15 22:00:13.809,0.78738,0.78778,0.75,0.75
2016.05.15 22:00:14.995,0.78738,0.78779,0.75,7.50
2016.05.15 22:00:15.746,0.78738,0.78778,0.75,0.75
2016.05.15 22:00:16.355,0.78738,0.78779,0.75,7.50
2016.05.15 22:00:17.185,0.78738,0.78778,0.75,0.75
2016.05.15 22:00:17.688,0.78738,0.78779,0.75,3.00
2016.05.15 22:00:18.196,0.78738,0.78778,0.75,1.50
2016.05.15 22:00:18.976,0.78738,0.78779,0.75,3.00
2016.05.15 22:00:19.572,0.78738,0.78778,0.75,0.75
2016.05.15 22:00:19.725,0.78738,0.78781,0.75,0.90
2016.05.15 22:00:20.611,0.78738,0.78775,0.75,0.15
2016.05.15 22:00:22.239,0.78738,0.7878,0.75,0.75
2016.05.15 22:00:23.424,0.78738,0.78782,0.75,1.50
2016.05.15 22:00:23.967,0.78738,0.78781,0.75,0.75
2016.05.15 22:00:24.069,0.7874,0.78781,0.75,0.75
2016.05.15 22:00:25.220,0.7874,0.7878,0.75,0.15
2016.05.15 22:00:26.825,0.78737,0.7878,0.75,0.15
2016.05.15 22:00:28.358,0.78737,0.78781,0.75,0.75
2016.05.15 22:00:28.941,0.78737,0.78782,0.75,1.50
2016.05.15 22:00:29.457,0.78737,0.78781,0.75,0.90
2016.05.15 22:00:32.040,0.78734,0.78781,0.75,0.90
2016.05.15 22:00:32.571,0.78734,0.7878,0.75,0.90
2016.05.15 22:00:33.127,0.78734,0.78781,0.75,1.50
2016.05.15 22:00:33.630,0.78734,0.78782,0.75,6.00
2016.05.15 22:00:33.896,0.78734,0.7878,0.75,0.75
2016.05.15 22:00:34.456,0.78734,0.78777,0.90,0.75
2016.05.15 22:00:34.963,0.78735,0.78776,0.15,0.75
2016.05.15 22:00:38.161,0.78735,0.78777,0.75,1.50
2016.05.15 22:00:41.437,0.78739,0.78778,0.15,0.75
2016.05.15 22:00:44.975,0.78739,0.78777,0.90,0.75
2016.05.15 22:00:45.525,0.78739,0.78778,0.90,0.75
2016.05.15 22:00:46.187,0.78739,0.78777,0.90,0.75
2016.05.15 22:00:46.846,0.78739,0.78778,0.90,1.50
2016.05.15 22:00:48.384,0.78739,0.78777,0.15,0.75
2016.05.15 22:00:49.356,0.78738,0.78777,0.75,1.50
2016.05.15 22:00:53.527,0.78737,0.78777,0.75,0.75
2016.05.15 22:00:55.666,0.78737,0.78776,0.75,0.75
2016.05.15 22:00:56.209,0.78737,0.78777,0.75,2.25
2016.05.15 22:00:57.007,0.78737,0.78776,0.75,0.15
2016.05.15 22:00:57.132,0.78734,0.78776,0.75,0.15
2016.05.15 22:00:57.335,0.78734,0.78774,0.75,0.75
2016.05.15 22:01:00.242,0.78734,0.78772,0.75,0.75
2016.05.15 22:01:02.922,0.7873,0.7877,0.15,0.15
2016.05.15 22:01:03.025,0.7873,0.78766,0.15,0.75
2016.05.15 22:01:03.330,0.78729,0.78759,0.90,0.75
2016.05.15 22:01:03.926,0.78729,0.7876,0.90,0.75
2016.05.15 22:01:04.231,0.78733,0.78761,0.75,0.75
2016.05.15 22:01:05.256,0.7873,0.78761,0.75,0.75
2016.05.15 22:01:05.779,0.7873,0.7876,0.75,1.50
2016.05.15 22:01:07.696,0.78734,0.78759,0.75,1.50
2016.05.15 22:01:08.001,0.7875,0.78765,0.75,0.75
2016.05.15 22:01:08.052,0.78749,0.78768,0.75,0.75
2016.05.15 22:01:08.104,0.78741,0.78769,1.50,3.00
2016.05.15 22:01:08.155,0.78744,0.78769,0.75,3.00
2016.05.15 22:01:08.422,0.78746,0.78772,0.75,0.75
2016.05.15 22:01:09.041,0.78746,0.78771,0.75,0.75
2016.05.15 22:01:09.586,0.78746,0.78772,0.75,0.75
2016.05.15 22:01:10.817,0.78746,0.78771,0.75,0.75
2016.05.15 22:01:11.988,0.78746,0.78772,0.75,0.75
2016.05.15 22:01:12.041,0.78746,0.78774,0.75,3.00
2016.05.15 22:01:12.501,0.78751,0.78774,0.75,1.50
2016.05.15 22:01:12.908,0.78746,0.78775,0.75,0.75
2016.05.15 22:01:13.112,0.78746,0.78773,0.75,0.75
2016.05.15 22:01:13.265,0.78739,0.78772,0.75,0.75
2016.05.15 22:01:13.316,0.78739,0.78767,0.75,0.75
2016.05.15 22:01:13.418,0.78735,0.78766,0.75,0.75
2016.05.15 22:01:13.576,0.78735,0.78764,0.75,0.75
2016.05.15 22:01:13.638,0.78729,0.78761,0.90,0.75
2016.05.15 22:01:13.842,0.78729,0.78759,0.15,1.50
2016.05.15 22:01:14.151,0.78729,0.78755,0.15,0.75
2016.05.15 22:01:14.752,0.7873,0.78756,0.15,5.25
2016.05.15 22:01:15.056,0.78729,0.78753,0.15,1.50
2016.05.15 22:01:17.647,0.7873,0.78755,0.75,0.75
2016.05.15 22:01:17.751,0.7873,0.78753,0.75,1.50
2016.05.15 22:01:17.853,0.78732,0.78756,0.75,4.50
2016.05.15 22:01:17.904,0.78743,0.78756,0.75,4.50
2016.05.15 22:01:18.158,0.78749,0.78766,0.75,1.50
2016.05.15 22:01:18.209,0.78747,0.78773,0.75,0.75
2016.05.15 22:01:18.260,0.78743,0.78773,0.75,0.75
2016.05.15 22:01:18.311,0.78752,0.78773,0.75,0.75
2016.05.15 22:01:18.819,0.78752,0.78772,0.75,0.75
2016.05.15 22:01:18.871,0.78742,0.78772,0.75,0.75
2016.05.15 22:01:18.922,0.7875,0.78772,0.75,0.75
2016.05.15 22:01:19.463,0.78742,0.78772,0.75,0.75
2016.05.15 22:01:19.514,0.78734,0.78772,0.75,0.75
2016.05.15 22:01:19.566,0.78732,0.78772,1.50,1.50
2016.05.15 22:01:19.668,0.78738,0.78771,0.75,0.75
2016.05.15 22:01:19.719,0.78733,0.78767,0.75,0.75
2016.05.15 22:01:19.770,0.78729,0.78767,0.15,0.75
2016.05.15 22:01:19.822,0.78729,0.78759,0.15,0.75
2016.05.15 22:01:20.127,0.78729,0.78757,0.15,0.75
2016.05.15 22:01:21.633,0.78731,0.78757,0.75,0.75
2016.05.15 22:01:22.257,0.78731,0.78758,0.75,5.25
2016.05.15 22:01:22.536,0.78733,0.78762,0.75,0.75
2016.05.15 22:01:23.138,0.78733,0.78761,0.75,0.75
2016.05.15 22:01:23.645,0.78733,0.78762,0.75,0.75
2016.05.15 22:01:23.859,0.78735,0.78762,0.75,0.75
2016.05.15 22:01:25.432,0.78735,0.78761,0.75,0.75
2016.05.15 22:01:25.947,0.78735,0.78762,0.75,0.75
2016.05.15 22:01:27.648,0.78735,0.78761,0.75,0.75
2016.05.15 22:01:28.174,0.78735,0.7876,0.75,0.75
2016.05.15 22:01:28.985,0.78737,0.7876,0.75,0.75
2016.05.15 22:01:29.496,0.78737,0.78761,0.75,0.75
2016.05.15 22:01:30.164,0.78737,0.78762,0.75,0.75
2016.05.15 22:01:30.682,0.78737,0.78763,0.75,2.25
2016.05.15 22:01:32.176,0.78737,0.78762,0.75,0.75
2016.05.15 22:01:32.701,0.78737,0.78763,0.75,1.50
2016.05.15 22:01:33.221,0.78737,0.78762,0.75,0.75
2016.05.15 22:01:33.862,0.78737,0.78763,0.75,2.25
2016.05.15 22:01:34.363,0.78738,0.78763,0.75,3.00
2016.05.15 22:01:34.864,0.78738,0.78762,0.75,0.75
2016.05.15 22:01:35.413,0.78738,0.78763,0.75,2.25
2016.05.15 22:01:36.060,0.78738,0.78762,0.75,0.75
2016.05.15 22:01:36.733,0.78738,0.78763,0.75,1.50
2016.05.15 22:01:38.157,0.78738,0.78762,0.75,0.75
2016.05.15 22:01:38.974,0.78738,0.78763,0.75,0.75
2016.05.15 22:01:39.216,0.78735,0.78762,0.75,0.75
2016.05.15 22:01:40.264,0.78735,0.7876,0.75,1.50
2016.05.15 22:01:42.087,0.78735,0.78762,0.75,0.75
2016.05.15 22:01:42.786,0.78735,0.78763,0.75,4.50
2016.05.15 22:01:43.304,0.78735,0.78762,0.75,0.75
2016.05.15 22:01:43.818,0.78735,0.78763,0.75,5.25
2016.05.15 22:01:44.169,0.78735,0.78761,0.75,0.75
2016.05.15 22:01:44.676,0.78735,0.78762,0.75,0.75
2016.05.15 22:01:46.028,0.78736,0.78762,0.75,1.50
2016.05.15 22:01:47.664,0.78736,0.78764,0.75,2.25
2016.05.15 22:01:48.195,0.78736,0.78763,0.75,0.75
2016.05.15 22:01:49.361,0.78739,0.78763,0.75,0.75
2016.05.15 22:01:50.185,0.78739,0.78764,0.75,2.25
2016.05.15 22:01:50.780,0.78739,0.78763,0.75,0.75
2016.05.15 22:01:52.136,0.78739,0.78764,0.75,2.25
2016.05.15 22:01:52.571,0.78739,0.78762,0.75,0.75
2016.05.15 22:01:52.673,0.78739,0.78765,0.75,0.75
2016.05.15 22:01:52.724,0.78739,0.78769,0.75,6.75
2016.05.15 22:01:53.319,0.78739,0.78768,0.75,0.75
2016.05.15 22:01:53.834,0.78739,0.7877,0.75,0.75
2016.05.15 22:01:54.492,0.78741,0.78771,0.75,0.15
2016.05.15 22:01:56.089,0.78738,0.78769,0.75,0.75
2016.05.15 22:02:01.148,0.78738,0.78768,0.75,0.75
2016.05.15 22:02:05.675,0.7874,0.7877,0.75,0.75
2016.05.15 22:02:07.639,0.7874,0.78768,0.75,0.75
2016.05.15 22:02:08.119,0.7874,0.78766,0.75,0.45
2016.05.15 22:02:08.273,0.78738,0.78766,0.75,0.45
2016.05.15 22:02:15.994,0.78738,0.78764,1.50,0.75
2016.05.15 22:02:16.532,0.78738,0.78763,1.50,0.75
2016.05.15 22:02:17.144,0.78738,0.78762,1.50,0.75
2016.05.15 22:02:17.783,0.78738,0.7876,0.75,0.75
2016.05.15 22:02:18.804,0.78738,0.78759,0.75,0.75
2016.05.15 22:02:19.310,0.78739,0.78759,0.75,0.75
2016.05.15 22:02:19.885,0.78739,0.78756,0.75,0.75
2016.05.15 22:02:21.414,0.78739,0.78758,0.75,0.75
2016.05.15 22:02:21.986,0.78737,0.78758,0.75,0.75
2016.05.15 22:02:22.140,0.78736,0.78761,0.75,0.75
2016.05.15 22:02:22.712,0.78736,0.7876,0.75,0.75
2016.05.15 22:02:23.261,0.78736,0.78761,0.75,0.75
2016.05.15 22:02:23.804,0.78736,0.7876,0.75,0.75
2016.05.15 22:02:24.306,0.78736,0.78759,0.75,0.75
2016.05.15 22:02:24.843,0.78736,0.78757,0.75,0.75
2016.05.15 22:02:26.121,0.78736,0.78755,0.75,0.75
2016.05.15 22:02:26.630,0.78736,0.78756,0.75,0.75
2016.05.15 22:02:27.173,0.78736,0.78755,0.75,0.75
2016.05.15 22:02:27.682,0.78736,0.78754,0.75,0.75
2016.05.15 22:02:28.603,0.78736,0.78753,0.75,0.75
2016.05.15 22:02:28.707,0.78736,0.78755,0.75,0.75
2016.05.15 22:02:29.638,0.78736,0.78757,0.75,0.75
2016.05.15 22:02:30.140,0.78736,0.78756,0.75,0.75
2016.05.15 22:02:30.634,0.78736,0.78754,0.75,0.75
2016.05.15 22:02:31.680,0.78733,0.78754,0.75,0.75
2016.05.15 22:02:31.782,0.78729,0.78754,0.75,0.75
2016.05.15 22:02:31.833,0.78726,0.78753,2.25,0.75
2016.05.15 22:02:31.935,0.78726,0.78755,0.75,1.50
2016.05.15 22:02:31.986,0.78724,0.78753,2.25,0.75
2016.05.15 22:02:32.291,0.78727,0.78753,0.75,0.75
2016.05.15 22:02:33.329,0.78727,0.78751,0.75,0.75
2016.05.15 22:02:34.638,0.78727,0.78749,0.75,0.75
2016.05.15 22:02:35.541,0.78727,0.78748,0.75,0.75
2016.05.15 22:02:35.745,0.78727,0.7875,0.75,0.75
2016.05.15 22:02:36.562,0.78727,0.78749,0.75,0.75
2016.05.15 22:02:37.148,0.78724,0.78749,0.75,0.75
2016.05.15 22:02:37.666,0.78724,0.78748,0.75,0.75
2016.05.15 22:02:38.198,0.78724,0.78747,0.75,0.75
2016.05.15 22:02:39.670,0.78724,0.78746,0.75,0.75
2016.05.15 22:02:42.561,0.78724,0.78747,0.75,0.75
2016.05.15 22:02:43.072,0.78724,0.78748,0.75,0.75
2016.05.15 22:02:44.676,0.78724,0.78747,0.75,0.75
2016.05.15 22:02:45.184,0.78724,0.78746,0.75,0.75
2016.05.15 22:02:46.181,0.78724,0.78747,0.75,0.75
2016.05.15 22:02:46.492,0.78724,0.78749,0.75,0.75
2016.05.15 22:02:46.996,0.78724,0.78748,0.75,0.75
2016.05.15 22:02:47.216,0.78722,0.78748,0.75,0.75
2016.05.15 22:02:47.269,0.78718,0.78747,2.25,0.75
2016.05.15 22:02:48.184,0.78718,0.78746,0.75,0.75
2016.05.15 22:02:50.065,0.78718,0.7875,0.75,0.75
2016.05.15 22:02:50.117,0.78721,0.7875,1.50,0.75
2016.05.15 22:02:50.425,0.78723,0.78751,0.75,1.20
2016.05.15 22:02:50.528,0.78718,0.78751,0.75,0.75
2016.05.15 22:02:50.884,0.78718,0.78754,0.75,1.50
2016.05.15 22:02:52.328,0.78717,0.78754,0.75,1.50
2016.05.15 22:02:56.127,0.78717,0.78751,0.75,0.45
2016.05.15 22:02:56.433,0.78722,0.78756,0.75,0.75
2016.05.15 22:02:56.486,0.7872,0.78757,0.75,0.75
2016.05.15 22:02:56.548,0.78721,0.78755,1.50,0.45
2016.05.15 22:02:56.853,0.7872,0.78752,1.50,0.75
2016.05.15 22:02:56.955,0.78718,0.78752,0.75,0.75
2016.05.15 22:02:57.160,0.78718,0.78749,0.75,0.75
2016.05.15 22:03:02.245,0.7872,0.7875,0.75,0.75
2016.05.15 22:03:04.403,0.78723,0.78753,0.75,0.75
2016.05.15 22:03:05.264,0.7872,0.78751,0.75,0.75
2016.05.15 22:03:05.662,0.78724,0.78754,0.75,0.75
2016.05.15 22:03:05.968,0.78727,0.78756,1.50,0.45
2016.05.15 22:03:07.274,0.78727,0.78751,0.75,0.45
2016.05.15 22:03:07.377,0.78727,0.78756,0.75,0.45
2016.05.15 22:03:08.055,0.78727,0.7875,0.75,0.45
2016.05.15 22:03:08.561,0.7873,0.7875,0.75,0.45
2016.05.15 22:03:08.664,0.78727,0.78756,0.75,0.45
2016.05.15 22:03:09.368,0.78731,0.78756,0.75,0.45
2016.05.15 22:03:11.475,0.78731,0.7875,0.75,0.45
2016.05.15 22:03:11.577,0.78731,0.78756,0.75,0.45
2016.05.15 22:03:14.440,0.78729,0.78756,0.75,1.20
2016.05.15 22:03:16.138,0.78729,0.78754,0.75,0.75
2016.05.15 22:03:16.377,0.78729,0.78756,0.75,1.20
2016.05.15 22:03:17.874,0.78729,0.78755,0.75,0.75
2016.05.15 22:03:18.367,0.78729,0.78753,0.75,0.75
2016.05.15 22:03:19.095,0.78729,0.78752,0.75,0.75
2016.05.15 22:03:19.399,0.78732,0.78751,0.75,0.75
2016.05.15 22:03:20.286,0.7873,0.7875,0.75,0.75
2016.05.15 22:03:20.438,0.78732,0.7875,0.75,0.75
2016.05.15 22:03:21.488,0.78732,0.78749,0.75,0.75
2016.05.15 22:03:22.079,0.78732,0.78748,0.75,0.75
2016.05.15 22:03:22.547,0.7873,0.78748,0.75,0.75
2016.05.15 22:03:23.061,0.7873,0.78747,0.75,0.75
2016.05.15 22:03:23.909,0.7873,0.78746,0.75,0.75
2016.05.15 22:03:29.607,0.7873,0.78748,0.75,0.75
2016.05.15 22:03:30.107,0.7873,0.7875,0.75,0.75
2016.05.15 22:03:32.046,0.7873,0.78749,0.75,0.75
2016.05.15 22:03:32.320,0.7873,0.78752,0.75,0.75
2016.05.15 22:03:32.806,0.78728,0.78752,0.75,1.20
2016.05.15 22:03:33.243,0.78728,0.7875,0.75,0.75
2016.05.15 22:03:33.788,0.78728,0.78751,0.75,0.75
2016.05.15 22:03:34.328,0.78728,0.7875,0.75,0.75
2016.05.15 22:03:34.912,0.78728,0.78751,0.75,0.75
2016.05.15 22:03:35.422,0.78728,0.7875,0.75,0.75
2016.05.15 22:03:35.726,0.78728,0.78748,0.75,0.75
2016.05.15 22:03:36.736,0.78728,0.7875,0.75,0.75
2016.05.15 22:03:36.791,0.78732,0.7875,0.75,0.75
2016.05.15 22:03:36.842,0.78732,0.78752,0.75,0.75
2016.05.15 22:03:36.894,0.78735,0.78752,0.75,0.75
2016.05.15 22:03:37.148,0.7873,0.78752,0.75,0.75
2016.05.15 22:03:37.250,0.78733,0.78752,0.75,0.45
2016.05.15 22:03:37.301,0.7873,0.78752,0.75,0.45
2016.05.15 22:03:38.162,0.78731,0.78752,0.75,0.75
2016.05.15 22:03:38.874,0.78731,0.78751,0.75,0.75
2016.05.15 22:03:39.572,0.78731,0.78753,0.75,0.75
2016.05.15 22:03:40.137,0.78731,0.78752,0.75,0.75
2016.05.15 22:03:40.691,0.78731,0.78751,0.75,0.75
2016.05.15 22:03:41.239,0.78734,0.78751,0.75,0.75
2016.05.15 22:03:41.568,0.78734,0.78749,0.75,0.75
2016.05.15 22:03:41.822,0.78734,0.78752,0.75,0.75
2016.05.15 22:03:41.874,0.78732,0.78752,0.75,0.75
2016.05.15 22:03:41.925,0.78735,0.78752,0.75,0.75
2016.05.15 22:03:42.332,0.78733,0.78752,0.75,0.75
2016.05.15 22:03:42.894,0.78733,0.7875,0.75,0.75
2016.05.15 22:03:44.542,0.78733,0.78751,0.75,0.75
2016.05.15 22:03:45.632,0.78736,0.78754,0.75,0.75
2016.05.15 22:03:46.167,0.78736,0.78753,0.75,0.75
2016.05.15 22:03:46.269,0.78734,0.78753,0.75,0.75
2016.05.15 22:03:46.320,0.78736,0.78754,0.75,0.75
2016.05.15 22:03:46.524,0.78736,0.78756,0.75,0.75
2016.05.15 22:03:47.032,0.78736,0.78755,0.75,0.75
2016.05.15 22:03:48.354,0.78736,0.78753,0.75,0.75
2016.05.15 22:03:48.957,0.78738,0.78753,0.75,0.75
2016.05.15 22:03:49.842,0.78732,0.78753,0.75,0.75
2016.05.15 22:03:50.036,0.7873,0.78751,1.50,0.75
2016.05.15 22:03:50.190,0.78727,0.78752,0.75,0.75
2016.05.15 22:03:50.700,0.78726,0.78751,1.50,0.75
2016.05.15 22:03:51.006,0.78728,0.7875,0.75,0.75
2016.05.15 22:03:51.489,0.78726,0.78751,1.50,0.75
2016.05.15 22:03:52.263,0.78726,0.7875,1.50,0.75
2016.05.15 22:03:52.315,0.7873,0.7875,0.75,0.75
2016.05.15 22:03:52.807,0.78727,0.7875,0.75,0.75
2016.05.15 22:03:54.148,0.78727,0.78752,0.75,0.75
2016.05.15 22:03:54.199,0.78724,0.78752,0.75,0.75
2016.05.15 22:03:54.403,0.78726,0.78752,0.75,0.75
2016.05.15 22:03:54.709,0.78729,0.78751,0.75,0.75
2016.05.15 22:03:55.218,0.78728,0.78751,0.75,0.75
2016.05.15 22:03:55.752,0.78728,0.7875,0.75,0.75
2016.05.15 22:03:55.912,0.78726,0.7875,0.75,0.75
2016.05.15 22:03:59.403,0.78727,0.7875,0.75,0.75
2016.05.15 22:03:59.454,0.7873,0.7875,0.75,0.75
2016.05.15 22:03:59.607,0.78734,0.7876,0.75,0.75
2016.05.15 22:04:00.115,0.78734,0.78759,0.75,0.75
2016.05.15 22:04:00.630,0.78734,0.78758,0.75,0.75
2016.05.15 22:04:01.167,0.78734,0.78757,0.75,0.75
2016.05.15 22:04:01.219,0.78734,0.78755,0.75,0.75
2016.05.15 22:04:01.728,0.7873,0.78755,0.75,0.75
2016.05.15 22:04:02.287,0.7873,0.78753,0.75,0.75
2016.05.15 22:04:02.805,0.7873,0.78752,0.75,0.75
2016.05.15 22:04:03.517,0.78733,0.78752,0.75,0.75
2016.05.15 22:04:03.822,0.78733,0.78754,1.00,1.00
2016.05.15 22:04:05.902,0.78733,0.78756,1.00,1.00
2016.05.15 22:04:06.828,0.78733,0.78754,1.00,1.00
2016.05.15 22:04:06.981,0.7873,0.78754,1.00,1.00
2016.05.15 22:04:07.033,0.7873,0.78757,1.00,1.00
2016.05.15 22:04:07.345,0.7873,0.78755,1.00,1.00
2016.05.15 22:04:07.447,0.78728,0.78756,1.00,1.00
2016.05.15 22:04:07.921,0.78728,0.78754,1.00,1.00
2016.05.15 22:04:08.837,0.78728,0.78753,1.00,1.00
2016.05.15 22:04:09.345,0.78728,0.78752,1.00,1.00
2016.05.15 22:04:11.106,0.78728,0.78751,1.00,1.00
2016.05.15 22:04:12.255,0.7873,0.78752,1.00,1.00
2016.05.15 22:04:12.357,0.78733,0.78756,1.00,1.00
2016.05.15 22:04:13.813,0.78733,0.78754,1.00,1.00
2016.05.15 22:04:14.838,0.78733,0.78753,1.00,1.00
2016.05.15 22:04:15.447,0.78733,0.78752,1.00,1.00
2016.05.15 22:04:15.995,0.78733,0.78753,1.00,1.00
2016.05.15 22:04:16.163,0.78733,0.78755,1.00,1.00
2016.05.15 22:04:16.934,0.78733,0.78758,1.00,1.00
2016.05.15 22:04:17.036,0.78731,0.78757,2.25,1.00
2016.05.15 22:04:17.867,0.78731,0.78756,1.00,1.00
2016.05.15 22:04:18.368,0.78731,0.78755,1.00,1.00
2016.05.15 22:04:18.869,0.78731,0.78754,1.00,1.00
2016.05.15 22:04:19.325,0.78731,0.78752,1.00,1.00
2016.05.15 22:04:19.960,0.78731,0.78751,1.00,1.00
2016.05.15 22:04:20.062,0.78731,0.78753,1.00,1.00
2016.05.15 22:04:22.034,0.78732,0.78753,1.00,1.00
2016.05.15 22:04:22.339,0.78732,0.78757,1.00,1.00
2016.05.15 22:04:22.883,0.78732,0.78756,1.00,1.00
2016.05.15 22:04:23.636,0.78732,0.78754,1.00,1.00
2016.05.15 22:04:24.455,0.78732,0.78758,2.25,1.00
2016.05.15 22:04:24.558,0.78732,0.78756,2.25,1.00
2016.05.15 22:04:25.067,0.78733,0.78756,1.50,1.00
2016.05.15 22:04:25.938,0.78733,0.78755,1.50,1.00
2016.05.15 22:04:26.475,0.78733,0.78754,1.50,1.00
2016.05.15 22:04:26.882,0.78732,0.78756,1.00,1.00
2016.05.15 22:04:27.542,0.78732,0.78755,1.00,1.00
2016.05.15 22:04:29.272,0.78732,0.78754,1.00,1.00
2016.05.15 22:04:29.820,0.78732,0.78755,1.00,1.00
2016.05.15 22:04:30.329,0.78732,0.78756,1.00,1.00
2016.05.15 22:04:31.278,0.78732,0.7876,1.00,1.00
2016.05.15 22:04:31.686,0.78732,0.78763,1.00,1.50
2016.05.15 22:04:33.080,0.78732,0.7876,1.00,1.00
2016.05.15 22:04:33.386,0.78731,0.78762,1.00,1.00
2016.05.15 22:04:35.297,0.78731,0.78761,1.00,1.00
2016.05.15 22:04:35.807,0.78731,0.7876,1.00,1.00
2016.05.15 22:04:35.909,0.78731,0.78762,1.00,1.00
2016.05.15 22:04:36.886,0.78731,0.78761,1.00,1.00
2016.05.15 22:04:37.409,0.78731,0.78762,1.00,1.00
2016.05.15 22:04:38.375,0.78732,0.78763,1.00,1.00
2016.05.15 22:04:38.901,0.78732,0.78761,1.00,1.00
2016.05.15 22:04:39.206,0.78732,0.78759,1.00,1.00
2016.05.15 22:04:40.187,0.78732,0.78758,1.00,1.00
2016.05.15 22:04:41.180,0.78732,0.78757,1.00,1.00
2016.05.15 22:04:41.928,0.78732,0.78756,1.00,1.00
2016.05.15 22:04:43.727,0.78732,0.78757,1.00,1.00
2016.05.15 22:04:44.794,0.78732,0.78756,1.00,1.00
2016.05.15 22:04:50.539,0.78732,0.78755,1.00,1.00
2016.05.15 22:04:55.350,0.78733,0.78755,1.00,1.00
2016.05.15 22:05:00.154,0.78733,0.78756,1.00,1.00
2016.05.15 22:05:00.695,0.78733,0.78757,1.00,1.00
2016.05.15 22:05:01.203,0.78733,0.78758,1.00,1.00
2016.05.15 22:05:03.383,0.78733,0.78765,1.00,1.00
2016.05.15 22:05:05.556,0.78735,0.78765,1.00,1.00
2016.05.15 22:05:12.090,0.78735,0.78764,1.00,1.00
2016.05.15 22:05:12.705,0.78735,0.78765,1.00,1.50
2016.05.15 22:05:13.201,0.78735,0.78763,1.00,1.00
2016.05.15 22:05:13.725,0.78735,0.78762,1.00,1.00
2016.05.15 22:05:14.509,0.78735,0.78761,1.00,1.00
2016.05.15 22:05:16.277,0.78734,0.78761,1.00,1.00
2016.05.15 22:05:22.564,0.78733,0.78761,1.00,1.00
2016.05.15 22:05:28.425,0.78734,0.78761,1.00,1.00
2016.05.15 22:05:31.733,0.7873,0.78759,1.00,1.00
2016.05.15 22:05:32.329,0.7873,0.78757,1.00,1.00
2016.05.15 22:05:33.330,0.7873,0.78756,1.00,1.00
2016.05.15 22:05:33.840,0.7873,0.78755,1.00,1.00
2016.05.15 22:05:34.348,0.7873,0.78754,1.00,1.00
2016.05.15 22:05:34.747,0.7873,0.78759,1.00,1.00
2016.05.15 22:05:35.253,0.7873,0.78758,1.00,1.00
2016.05.15 22:05:35.986,0.7873,0.78756,1.00,1.00
2016.05.15 22:05:36.342,0.7873,0.78758,1.00,1.00
2016.05.15 22:05:36.480,0.7873,0.78756,1.00,1.00
2016.05.15 22:05:36.989,0.78729,0.78756,1.00,1.00
2016.05.15 22:05:37.950,0.78729,0.78755,1.00,1.00
2016.05.15 22:05:39.151,0.78729,0.78754,1.00,1.00
2016.05.15 22:05:39.794,0.78729,0.78753,1.00,1.00
2016.05.15 22:05:40.551,0.78729,0.78756,1.00,1.00
2016.05.15 22:05:41.060,0.78729,0.78757,1.00,1.00
2016.05.15 22:05:42.053,0.7873,0.78757,1.00,1.00
2016.05.15 22:05:45.492,0.7873,0.78756,1.00,1.00
2016.05.15 22:05:47.083,0.78729,0.78756,1.00,1.00
2016.05.15 22:05:51.225,0.78729,0.78758,1.00,1.00
2016.05.15 22:05:51.730,0.78729,0.78757,1.00,1.00
2016.05.15 22:05:55.207,0.78729,0.78756,1.00,1.00
2016.05.15 22:05:55.817,0.78729,0.78757,1.00,1.00
2016.05.15 22:05:55.919,0.78729,0.78755,1.00,1.00
2016.05.15 22:05:58.530,0.78729,0.78756,1.00,1.00
2016.05.15 22:05:59.113,0.78729,0.78755,1.00,1.00
2016.05.15 22:05:59.638,0.78729,0.78756,1.00,1.00
2016.05.15 22:06:09.550,0.78729,0.78755,1.00,1.00
2016.05.15 22:06:13.068,0.7873,0.78756,1.00,1.00
2016.05.15 22:06:13.617,0.7873,0.78755,1.00,1.00
2016.05.15 22:06:15.343,0.7873,0.78754,1.00,1.00
2016.05.15 22:06:17.047,0.7873,0.78756,1.00,1.00
2016.05.15 22:06:18.090,0.78729,0.78756,1.00,1.00
2016.05.15 22:06:18.648,0.78729,0.78755,1.00,1.00
2016.05.15 22:06:19.556,0.78729,0.78754,1.00,1.00
2016.05.15 22:06:20.268,0.78729,0.78755,1.00,1.00
2016.05.15 22:06:20.575,0.78729,0.78753,1.00,1.00
2016.05.15 22:06:20.806,0.78729,0.78758,1.00,1.00
2016.05.15 22:06:21.011,0.78729,0.7876,1.00,1.00
2016.05.15 22:06:21.113,0.78729,0.78763,1.00,1.50
2016.05.15 22:06:22.578,0.78729,0.78761,1.00,1.00
2016.05.15 22:06:23.558,0.78728,0.78761,1.00,1.00
2016.05.15 22:06:24.229,0.78728,0.78762,1.00,1.00
2016.05.15 22:06:26.736,0.78728,0.78761,1.00,1.00
2016.05.15 22:06:27.314,0.78728,0.78762,1.00,1.00
2016.05.15 22:06:28.034,0.78728,0.78761,1.00,1.00
2016.05.15 22:06:29.001,0.78728,0.78759,1.00,1.00
2016.05.15 22:06:29.808,0.78728,0.78762,1.00,1.00
2016.05.15 22:06:30.947,0.78728,0.78763,1.00,1.50
2016.05.15 22:06:31.756,0.78728,0.7876,1.00,1.00
2016.05.15 22:06:32.715,0.78728,0.78759,1.00,1.00
2016.05.15 22:06:34.226,0.78728,0.78758,1.00,1.00
2016.05.15 22:06:35.059,0.7873,0.78758,1.00,1.00
2016.05.15 22:06:35.636,0.7873,0.78757,1.00,1.00
2016.05.15 22:06:37.970,0.7873,0.78756,1.00,1.00
2016.05.15 22:06:41.753,0.7873,0.78755,1.00,1.00
2016.05.15 22:06:42.473,0.7873,0.78756,1.00,1.00
2016.05.15 22:06:45.405,0.78729,0.78756,1.00,1.00
2016.05.15 22:06:48.685,0.78729,0.78755,1.00,1.00
2016.05.15 22:06:52.484,0.78729,0.78753,1.00,1.00
2016.05.15 22:06:58.330,0.78729,0.78756,1.00,1.00
2016.05.15 22:07:00.455,0.78729,0.78755,1.00,1.00
2016.05.15 22:07:01.222,0.78729,0.78754,1.00,1.00
2016.05.15 22:07:02.211,0.78729,0.78753,1.00,1.00
2016.05.15 22:07:03.114,0.78729,0.78751,1.00,1.00
2016.05.15 22:07:03.622,0.78729,0.7875,1.00,1.00
2016.05.15 22:07:04.757,0.78729,0.78751,1.00,1.00
2016.05.15 22:07:05.829,0.78729,0.7875,1.00,1.00
2016.05.15 22:07:08.372,0.78729,0.78752,1.00,1.00
2016.05.15 22:07:09.482,0.78729,0.78751,1.00,1.00
2016.05.15 22:07:10.355,0.78729,0.7875,1.00,1.00
2016.05.15 22:07:10.887,0.78729,0.78751,1.00,1.00
2016.05.15 22:07:11.339,0.78725,0.7875,1.00,1.00
2016.05.15 22:07:12.022,0.78725,0.78751,1.00,1.00
2016.05.15 22:07:12.531,0.78725,0.78752,1.00,1.00
2016.05.15 22:07:12.949,0.78725,0.7875,1.00,1.00
2016.05.15 22:07:14.399,0.78725,0.78751,1.00,1.00
2016.05.15 22:07:15.106,0.78725,0.78752,1.00,1.00
2016.05.15 22:07:17.656,0.78725,0.78751,1.00,1.00
2016.05.15 22:07:18.690,0.78725,0.78752,1.00,1.00
2016.05.15 22:07:20.776,0.78725,0.78753,1.00,1.00
2016.05.15 22:07:21.085,0.78725,0.78751,1.00,1.00
2016.05.15 22:07:21.603,0.78725,0.78752,1.00,1.00
2016.05.15 22:07:22.373,0.78725,0.78751,1.00,1.00
2016.05.15 22:07:22.882,0.78725,0.78752,1.00,1.00
2016.05.15 22:07:23.420,0.78725,0.78751,2.25,1.00
2016.05.15 22:07:23.707,0.78725,0.78759,1.00,1.00
2016.05.15 22:07:25.785,0.78725,0.78758,1.00,1.00
2016.05.15 22:07:26.232,0.78725,0.7876,1.00,1.50
2016.05.15 22:07:26.784,0.78725,0.78759,2.25,1.00
2016.05.15 22:07:27.494,0.78725,0.78757,2.25,1.00
2016.05.15 22:07:27.929,0.78725,0.7876,1.20,1.50
2016.05.15 22:07:28.438,0.78725,0.78759,1.20,1.00
2016.05.15 22:07:28.947,0.78725,0.7876,1.95,1.50
2016.05.15 22:07:29.744,0.78725,0.78758,1.95,1.00
2016.05.15 22:07:30.468,0.78728,0.78758,1.00,1.00
2016.05.15 22:07:30.723,0.78728,0.7876,1.00,1.50
2016.05.15 22:07:31.641,0.78728,0.78759,1.00,1.00
2016.05.15 22:07:32.820,0.78728,0.7876,1.00,1.50
2016.05.15 22:07:33.505,0.78728,0.78759,1.00,1.00
2016.05.15 22:07:34.117,0.78728,0.78757,1.00,1.00
2016.05.15 22:07:35.111,0.78728,0.78755,1.00,1.00
2016.05.15 22:07:36.080,0.78724,0.78755,1.45,1.00
2016.05.15 22:07:36.131,0.78724,0.78753,1.45,1.00
2016.05.15 22:07:36.437,0.78724,0.78755,1.45,1.00
2016.05.15 22:07:37.995,0.78724,0.78755,2.25,1.00
2016.05.15 22:07:39.053,0.78724,0.78753,2.25,1.00
2016.05.15 22:07:39.582,0.78724,0.78752,2.25,1.00
2016.05.15 22:07:39.836,0.78724,0.78755,2.25,1.00
2016.05.15 22:07:40.406,0.78724,0.78755,1.45,1.00
2016.05.15 22:07:40.510,0.78724,0.78754,1.00,1.00
2016.05.15 22:07:41.048,0.78724,0.78753,2.25,1.00
2016.05.15 22:07:41.554,0.78724,0.78751,2.25,1.00
2016.05.15 22:07:42.874,0.78724,0.78749,1.00,1.00
2016.05.15 22:07:43.844,0.78724,0.78748,1.00,1.00
2016.05.15 22:07:45.599,0.78724,0.78749,1.00,1.00
2016.05.15 22:07:46.150,0.78724,0.78748,1.00,1.00
2016.05.15 22:07:55.784,0.78724,0.78758,2.25,1.50
2016.05.15 22:07:56.293,0.78725,0.78757,1.00,1.00
2016.05.15 22:07:56.985,0.78725,0.78756,2.25,1.00
2016.05.15 22:07:57.988,0.78728,0.78754,1.00,1.00
2016.05.15 22:07:58.497,0.78728,0.78753,1.00,1.00
2016.05.15 22:07:58.600,0.78728,0.78758,1.00,1.00
2016.05.15 22:07:59.135,0.78732,0.78757,1.00,1.00
2016.05.15 22:07:59.837,0.78732,0.78758,1.00,1.00
2016.05.15 22:08:00.041,0.78732,0.7876,1.00,1.00
2016.05.15 22:08:00.144,0.78732,0.78763,1.00,1.00
2016.05.15 22:08:00.659,0.78732,0.78762,1.00,1.00
2016.05.15 22:08:02.442,0.78732,0.78761,1.00,1.00
2016.05.15 22:08:03.403,0.78732,0.78758,1.00,1.00
2016.05.15 22:08:04.157,0.78731,0.78758,1.00,1.00
2016.05.15 22:08:04.209,0.78731,0.78763,1.00,1.00
2016.05.15 22:08:05.743,0.78731,0.78763,1.45,1.00
2016.05.15 22:08:05.847,0.78731,0.78763,3.00,1.00
2016.05.15 22:08:06.051,0.78733,0.78763,1.00,1.00
2016.05.15 22:08:06.358,0.78733,0.78761,1.00,1.00
2016.05.15 22:08:06.461,0.78731,0.78761,1.50,1.00
2016.05.15 22:08:06.819,0.78731,0.78763,1.00,1.00
2016.05.15 22:08:08.988,0.78732,0.78763,1.50,1.00
2016.05.15 22:08:09.407,0.78734,0.78763,1.00,1.00
2016.05.15 22:08:09.756,0.78734,0.78761,1.00,1.00
2016.05.15 22:08:09.960,0.78734,0.78763,1.00,1.00
2016.05.15 22:08:11.038,0.78734,0.78762,1.00,1.00
2016.05.15 22:08:11.938,0.78734,0.78761,1.00,1.00
2016.05.15 22:08:12.121,0.78734,0.78763,1.00,1.00
2016.05.15 22:08:12.630,0.78734,0.78762,1.00,1.00
2016.05.15 22:08:13.730,0.78734,0.78761,1.00,1.00
2016.05.15 22:08:14.335,0.78734,0.78763,1.00,1.00
2016.05.15 22:08:14.844,0.78735,0.78762,1.00,1.00
2016.05.15 22:08:17.138,0.78735,0.78761,1.00,1.00
2016.05.15 22:08:17.881,0.78735,0.78765,1.00,1.00
2016.05.15 22:08:19.041,0.78735,0.78764,1.00,1.00
2016.05.15 22:08:19.636,0.78734,0.78764,1.00,1.00
2016.05.15 22:08:19.891,0.78734,0.78762,1.00,1.00
2016.05.15 22:08:20.452,0.78734,0.78763,1.00,1.00
2016.05.15 22:08:22.056,0.78734,0.78762,1.00,1.00
2016.05.15 22:08:22.592,0.78734,0.78763,2.25,1.00
2016.05.15 22:08:23.469,0.78734,0.78762,1.00,1.00
2016.05.15 22:08:24.583,0.78734,0.7876,1.00,1.00
2016.05.15 22:08:26.293,0.78734,0.78758,1.00,1.00
2016.05.15 22:08:26.498,0.78734,0.78762,1.00,1.00
2016.05.15 22:08:26.999,0.78734,0.78763,1.00,1.00
2016.05.15 22:08:28.595,0.78734,0.78761,1.00,1.00
2016.05.15 22:08:29.124,0.78734,0.78762,1.00,1.00
2016.05.15 22:08:29.666,0.78734,0.78761,1.00,1.00
2016.05.15 22:08:29.975,0.78734,0.78763,1.00,1.00
2016.05.15 22:08:31.239,0.78733,0.78763,1.00,1.00
2016.05.15 22:08:31.885,0.78733,0.78762,1.00,1.00
2016.05.15 22:08:32.405,0.78733,0.7876,1.00,1.00
2016.05.15 22:08:33.119,0.78733,0.78761,1.00,1.00
2016.05.15 22:08:33.669,0.78733,0.78759,1.00,1.00
2016.05.15 22:08:36.320,0.78735,0.78759,1.00,1.00
2016.05.15 22:08:37.375,0.78735,0.78758,1.00,1.00
2016.05.15 22:08:42.404,0.78735,0.7876,1.00,1.00
2016.05.15 22:08:42.953,0.78735,0.78759,1.00,1.00
2016.05.15 22:08:43.542,0.78735,0.7876,1.00,1.00
2016.05.15 22:08:44.086,0.78735,0.78759,1.00,1.00
2016.05.15 22:08:47.742,0.78734,0.78759,1.00,1.00
2016.05.15 22:08:48.023,0.78734,0.78757,1.00,1.00
2016.05.15 22:08:48.212,0.78734,0.78759,1.00,1.00
2016.05.15 22:08:52.125,0.78734,0.78758,1.00,1.00
2016.05.15 22:08:55.716,0.78734,0.78757,1.00,1.00
2016.05.15 22:08:55.920,0.78734,0.78759,1.00,1.00
2016.05.15 22:08:56.432,0.78734,0.7876,1.00,1.00
2016.05.15 22:08:57.766,0.78734,0.78761,1.00,1.00
2016.05.15 22:08:58.746,0.78734,0.7876,1.00,1.00
2016.05.15 22:09:00.253,0.78734,0.78764,1.00,1.00
2016.05.15 22:09:00.776,0.78734,0.78765,2.25,1.00
2016.05.15 22:09:01.420,0.78734,0.78764,2.25,1.00
2016.05.15 22:09:02.129,0.78734,0.78763,2.25,1.00
2016.05.15 22:09:02.333,0.78734,0.78765,2.25,1.00
2016.05.15 22:09:03.547,0.78734,0.78764,2.25,1.00
2016.05.15 22:09:04.204,0.78734,0.78765,2.25,1.00
2016.05.15 22:09:04.837,0.78734,0.78763,2.25,1.00
2016.05.15 22:09:06.091,0.78734,0.78762,2.25,1.00
2016.05.15 22:09:08.148,0.78734,0.78761,2.25,1.00
2016.05.15 22:09:10.501,0.78734,0.78765,2.25,1.00
2016.05.15 22:09:11.657,0.78734,0.78763,2.25,1.00
2016.05.15 22:09:12.659,0.78734,0.78762,2.25,1.00
2016.05.15 22:09:13.676,0.78734,0.78761,2.25,1.00
2016.05.15 22:09:17.666,0.78734,0.7876,2.25,1.00
2016.05.15 22:09:18.572,0.78734,0.78761,2.25,1.00
2016.05.15 22:09:21.383,0.78734,0.78765,2.25,1.00
2016.05.15 22:09:22.575,0.78734,0.78763,2.25,1.00
2016.05.15 22:09:23.595,0.78734,0.78762,2.25,1.00
2016.05.15 22:09:24.593,0.78734,0.78761,2.25,1.00
2016.05.15 22:09:28.202,0.78734,0.7876,2.44,1.00
2016.05.15 22:09:28.746,0.78734,0.78759,2.44,1.00
2016.05.15 22:09:29.615,0.78734,0.7876,2.44,1.00
2016.05.15 22:09:30.795,0.78734,0.78759,1.00,1.00
2016.05.15 22:09:31.223,0.78734,0.78757,1.00,1.00
2016.05.15 22:09:32.302,0.78734,0.78758,1.00,1.00
2016.05.15 22:09:32.813,0.78733,0.78758,1.00,1.00
2016.05.15 22:09:35.001,0.78733,0.78757,1.00,1.00
2016.05.15 22:09:35.513,0.78733,0.78758,1.00,1.00
2016.05.15 22:09:36.052,0.78733,0.78759,1.00,1.00
2016.05.15 22:09:36.721,0.78733,0.78758,1.00,1.00
2016.05.15 22:09:40.236,0.78735,0.78759,1.00,1.00
2016.05.15 22:09:40.627,0.78733,0.7876,1.00,1.00
2016.05.15 22:09:41.136,0.78733,0.78759,1.00,1.00
2016.05.15 22:09:41.339,0.78733,0.78761,1.50,1.00
2016.05.15 22:09:41.644,0.78733,0.78759,2.62,1.00
2016.05.15 22:09:41.979,0.78733,0.78761,1.12,1.00
2016.05.15 22:09:42.183,0.78733,0.78759,1.87,1.00
2016.05.15 22:09:42.892,0.78733,0.7876,1.12,1.00
2016.05.15 22:09:43.547,0.78733,0.78759,1.12,1.00
2016.05.15 22:09:43.760,0.78733,0.78761,1.12,1.00
2016.05.15 22:09:44.750,0.78733,0.78759,1.87,1.00
2016.05.15 22:09:45.559,0.78733,0.78758,1.87,1.00
2016.05.15 22:09:45.661,0.78733,0.7876,1.12,1.00
2016.05.15 22:09:47.841,0.78733,0.7876,1.37,1.00
2016.05.15 22:09:48.389,0.78733,0.7876,1.12,1.00
2016.05.15 22:09:48.892,0.78734,0.7876,1.00,1.00
2016.05.15 22:09:49.670,0.78734,0.78761,1.00,1.00
2016.05.15 22:09:50.174,0.78734,0.7876,1.00,1.00
2016.05.15 22:09:50.996,0.78734,0.78758,1.00,1.00
2016.05.15 22:09:51.200,0.78734,0.7876,1.50,1.00
2016.05.15 22:09:51.800,0.78734,0.78761,1.00,1.00
2016.05.15 22:09:52.345,0.78734,0.7876,1.00,1.00
2016.05.15 22:09:52.861,0.78734,0.78759,1.00,1.00
2016.05.15 22:09:54.497,0.78734,0.7876,1.50,1.00
2016.05.15 22:09:55.086,0.78734,0.78761,1.00,1.00
2016.05.15 22:09:55.594,0.78734,0.7876,1.00,1.00
2016.05.15 22:09:56.912,0.78734,0.78759,1.00,1.00
2016.05.15 22:09:57.497,0.78734,0.78758,1.00,1.00
2016.05.15 22:09:58.925,0.78734,0.7876,1.50,1.00
2016.05.15 22:09:59.935,0.78734,0.78759,1.00,1.00
2016.05.15 22:10:00.460,0.78738,0.7876,1.00,1.00
2016.05.15 22:10:00.613,0.78738,0.78762,1.00,1.00
2016.05.15 22:10:00.715,0.78738,0.78765,1.00,1.00
2016.05.15 22:10:01.404,0.78738,0.78768,1.12,1.00
2016.05.15 22:10:01.947,0.78738,0.78767,1.12,1.00
2016.05.15 22:10:02.406,0.78738,0.78765,1.00,1.00
2016.05.15 22:10:03.204,0.78738,0.78766,1.50,1.00
2016.05.15 22:10:03.726,0.78738,0.78765,1.00,1.00
2016.05.15 22:10:04.031,0.78738,0.78763,1.50,1.00
2016.05.15 22:10:04.439,0.7874,0.78763,1.00,1.00
2016.05.15 22:10:04.955,0.7874,0.78762,1.00,1.00
2016.05.15 22:10:05.806,0.7874,0.78761,1.00,1.00
2016.05.15 22:10:07.843,0.7874,0.78762,1.00,1.00
2016.05.15 22:10:08.038,0.78737,0.78762,3.19,1.00
2016.05.15 22:10:08.547,0.78737,0.78761,1.00,1.00
2016.05.15 22:10:08.761,0.78737,0.78759,1.00,1.00
2016.05.15 22:10:09.299,0.78737,0.7876,1.00,1.00
2016.05.15 22:10:10.165,0.78737,0.78759,1.00,1.00
2016.05.15 22:10:11.353,0.78737,0.7876,1.00,1.00
2016.05.15 22:10:12.167,0.78737,0.78759,1.00,1.00
2016.05.15 22:10:12.271,0.78734,0.78759,1.19,1.00
2016.05.15 22:10:12.322,0.78733,0.78759,1.50,1.00
2016.05.15 22:10:13.167,0.78733,0.78758,1.00,1.00
2016.05.15 22:10:15.157,0.78733,0.78758,1.37,1.00
2016.05.15 22:10:30.128,0.78733,0.78758,1.50,1.00
2016.05.15 22:10:35.474,0.78733,0.78758,1.12,1.00
2016.05.15 22:10:35.526,0.78736,0.78758,1.00,1.00
2016.05.15 22:10:40.946,0.78737,0.78759,1.00,1.00
2016.05.15 22:10:41.506,0.78736,0.78759,1.00,1.00
2016.05.15 22:10:42.023,0.78736,0.78758,1.00,1.00
2016.05.15 22:10:48.940,0.78738,0.78757,1.00,1.00
2016.05.15 22:10:49.451,0.78737,0.78759,1.00,1.00
2016.05.15 22:10:52.856,0.78738,0.78761,1.00,1.00
2016.05.15 22:10:52.958,0.78739,0.78763,3.75,1.00
2016.05.15 22:10:53.061,0.78738,0.78763,1.75,1.00
2016.05.15 22:10:53.163,0.78738,0.78763,1.19,1.00
2016.05.15 22:10:53.215,0.78738,0.78763,1.00,1.00
2016.05.15 22:10:53.368,0.78738,0.7877,1.31,1.00
2016.05.15 22:10:53.774,0.78738,0.78768,1.56,1.00
2016.05.15 22:10:54.079,0.78739,0.78768,3.94,1.00
2016.05.15 22:10:54.149,0.78738,0.78768,1.56,1.00
2016.05.15 22:10:54.706,0.78738,0.78767,1.56,1.00
2016.05.15 22:10:55.464,0.78738,0.78767,1.62,1.25
2016.05.15 22:10:56.011,0.7874,0.78767,1.25,1.00
2016.05.15 22:10:56.442,0.7874,0.78764,1.25,1.00
2016.05.15 22:10:57.019,0.7874,0.78765,1.62,1.00
2016.05.15 22:10:57.526,0.7874,0.78764,1.62,1.00
2016.05.15 22:10:58.170,0.78743,0.78764,1.19,1.00
2016.05.15 22:10:58.458,0.78743,0.78767,1.19,1.00
2016.05.15 22:11:00.143,0.78743,0.78767,1.19,1.00
2016.05.15 22:11:03.205,0.78742,0.78765,1.31,1.00
2016.05.15 22:11:03.256,0.78742,0.78765,1.12,1.00
2016.05.15 22:11:03.307,0.7874,0.78768,1.00,1.25
2016.05.15 22:11:03.409,0.7874,0.78766,1.50,1.50
2016.05.15 22:11:04.018,0.7874,0.78766,1.19,1.00
2016.05.15 22:11:04.475,0.78743,0.78767,1.00,1.00
2016.05.15 22:11:05.017,0.78743,0.78767,1.37,1.00
2016.05.15 22:11:05.901,0.78743,0.78766,1.37,1.00
2016.05.15 22:11:06.881,0.78743,0.78764,1.37,1.00
2016.05.15 22:11:09.887,0.78743,0.78763,1.37,1.00
2016.05.15 22:11:21.235,0.78741,0.78762,1.69,1.00
2016.05.15 22:11:21.755,0.78741,0.78763,1.69,1.00
2016.05.15 22:11:22.273,0.78741,0.78762,1.69,1.00
2016.05.15 22:11:24.050,0.78743,0.78762,1.56,1.00
2016.05.15 22:11:24.558,0.78743,0.78763,1.37,1.00
2016.05.15 22:11:25.100,0.78739,0.78763,1.94,1.00
2016.05.15 22:11:25.421,0.78741,0.78763,3.94,1.00
2016.05.15 22:11:25.473,0.78741,0.78766,3.94,1.00
2016.05.15 22:11:25.524,0.7874,0.78766,1.19,1.00
2016.05.15 22:11:25.576,0.78739,0.78766,1.00,1.00
2016.05.15 22:11:25.678,0.78739,0.78768,1.19,1.25
2016.05.15 22:11:25.983,0.78739,0.78766,2.44,1.00
2016.05.15 22:11:26.340,0.78739,0.78766,3.56,1.00
2016.05.15 22:11:26.655,0.78742,0.78765,1.19,1.00
2016.05.15 22:11:26.982,0.78739,0.78766,1.37,1.25
2016.05.15 22:11:27.187,0.78739,0.78766,1.00,1.00
2016.05.15 22:11:28.001,0.78739,0.78766,1.87,1.50
2016.05.15 22:11:28.519,0.78739,0.78765,2.06,1.00
2016.05.15 22:11:29.175,0.78739,0.78764,1.56,1.00
2016.05.15 22:11:31.683,0.78741,0.78763,1.19,1.00
2016.05.15 22:11:32.281,0.78741,0.78763,1.00,1.00
2016.05.15 22:11:32.958,0.78741,0.78763,1.19,1.00
2016.05.15 22:11:33.472,0.78741,0.78763,1.00,1.00
2016.05.15 22:11:35.632,0.78738,0.78763,3.19,1.00
2016.05.15 22:11:36.149,0.78738,0.78762,1.69,1.00
2016.05.15 22:11:36.658,0.78738,0.78763,1.19,1.00
2016.05.15 22:11:36.917,0.78737,0.78762,1.00,1.25
2016.05.15 22:11:37.019,0.78735,0.78759,2.44,1.00
2016.05.15 22:11:37.121,0.78735,0.78767,1.19,1.19
2016.05.15 22:11:37.223,0.78735,0.78763,1.00,1.19
2016.05.15 22:11:37.394,0.78733,0.7876,1.00,1.19
2016.05.15 22:11:37.903,0.78732,0.78762,1.25,1.19
2016.05.15 22:11:38.318,0.78734,0.78761,1.00,1.19
2016.05.15 22:11:38.625,0.78735,0.78761,1.19,1.50
2016.05.15 22:11:39.076,0.78736,0.78759,1.25,1.50
2016.05.15 22:11:39.127,0.78734,0.78759,1.00,1.19
2016.05.15 22:11:39.331,0.78732,0.7876,1.50,1.69
2016.05.15 22:11:39.788,0.78732,0.78758,1.69,1.19
2016.05.15 22:11:40.327,0.78732,0.78757,1.69,1.25
2016.05.15 22:11:40.990,0.78732,0.78756,1.69,1.00
2016.05.15 22:11:41.527,0.78732,0.78755,1.69,1.00
2016.05.15 22:11:42.330,0.78732,0.78753,1.25,1.00
2016.05.15 22:11:45.305,0.7873,0.78752,1.69,1.00
2016.05.15 22:11:48.236,0.7873,0.78753,1.19,1.00
2016.05.15 22:11:50.512,0.7873,0.78752,1.19,1.00
2016.05.15 22:11:51.219,0.7873,0.78753,1.19,1.00
2016.05.15 22:11:59.456,0.78731,0.78753,1.19,1.00
2016.05.15 22:12:00.239,0.78731,0.78753,1.19,1.00
2016.05.15 22:12:02.124,0.78731,0.78753,1.19,1.00
2016.05.15 22:12:02.774,0.78731,0.78752,1.19,1.00
2016.05.15 22:12:06.183,0.78731,0.78753,1.19,1.00
2016.05.15 22:12:09.361,0.78731,0.78753,1.19,1.00
2016.05.15 22:12:11.247,0.78728,0.78753,1.69,1.19
2016.05.15 22:12:11.452,0.78728,0.78756,1.19,1.25
2016.05.15 22:12:12.000,0.7873,0.78755,1.19,1.00
2016.05.15 22:12:12.305,0.78728,0.78754,1.50,1.19
2016.05.15 22:12:12.356,0.78728,0.78754,1.69,1.25
2016.05.15 22:12:12.458,0.78728,0.78755,1.69,1.00
2016.05.15 22:12:12.968,0.7873,0.78755,1.19,1.25
2016.05.15 22:12:13.241,0.78729,0.78754,1.19,1.25
2016.05.15 22:12:13.444,0.78729,0.78754,1.19,1.00
2016.05.15 22:12:13.547,0.78729,0.78754,1.00,1.19
2016.05.15 22:12:13.662,0.78729,0.78754,1.19,1.25
2016.05.15 22:12:13.764,0.78728,0.78755,1.69,1.00
2016.05.15 22:12:14.374,0.7873,0.78755,1.25,1.19
2016.05.15 22:12:14.629,0.7873,0.78755,1.00,1.19
2016.05.15 22:12:14.782,0.78728,0.78754,1.69,1.25
2016.05.15 22:12:14.884,0.78731,0.78754,1.19,1.00
2016.05.15 22:12:15.393,0.78731,0.78754,1.00,1.25
2016.05.15 22:12:15.698,0.78729,0.78755,1.00,1.69
2016.05.15 22:12:15.851,0.78729,0.78755,1.19,1.00
2016.05.15 22:12:16.512,0.78729,0.78754,2.44,1.00
2016.05.15 22:12:18.072,0.78729,0.78754,2.44,1.00
2016.05.15 22:12:18.199,0.78729,0.78754,2.44,1.00
2016.05.15 22:12:18.519,0.78729,0.78754,2.44,1.00
2016.05.15 22:12:19.022,0.78729,0.78753,2.44,1.00
2016.05.15 22:12:19.480,0.78729,0.78753,2.44,1.00
2016.05.15 22:12:20.930,0.78729,0.78753,1.69,1.25
2016.05.15 22:12:23.343,0.78729,0.78753,1.69,1.00
2016.05.15 22:12:23.445,0.78729,0.78753,1.69,1.00
2016.05.15 22:12:24.235,0.78729,0.78753,1.69,1.19
2016.05.15 22:12:24.338,0.78729,0.78755,1.19,1.19
2016.05.15 22:12:24.442,0.7873,0.78755,1.19,1.00
2016.05.15 22:12:25.005,0.78729,0.78755,1.19,1.00
2016.05.15 22:12:25.515,0.7873,0.78755,1.19,1.25
2016.05.15 22:12:26.293,0.7873,0.78755,1.19,1.00
2016.05.15 22:12:26.599,0.78729,0.78754,1.69,1.19
2016.05.15 22:12:26.752,0.78729,0.78755,1.19,1.00
2016.05.15 22:12:27.967,0.7873,0.78754,1.00,1.19
2016.05.15 22:12:37.877,0.78731,0.78752,1.00,1.25
2016.05.15 22:12:38.446,0.7873,0.78752,1.00,1.25
2016.05.15 22:12:40.072,0.7873,0.78752,1.25,1.19
2016.05.15 22:13:00.096,0.7873,0.78752,1.25,1.19
2016.05.15 22:13:04.576,0.7873,0.78752,1.19,1.00
2016.05.15 22:13:05.139,0.7873,0.78755,1.19,1.19
2016.05.15 22:13:47.164,0.78731,0.78753,1.19,1.00
2016.05.15 22:13:47.267,0.78738,0.78758,1.19,1.00
2016.05.15 22:13:47.370,0.78738,0.78759,1.69,1.00
2016.05.15 22:13:47.472,0.78738,0.78762,1.69,1.25
2016.05.15 22:13:47.813,0.78738,0.78762,1.19,1.19
2016.05.15 22:13:52.657,0.78736,0.78759,1.19,1.19
2016.05.15 22:13:52.912,0.78736,0.78758,1.69,1.25
2016.05.15 22:13:54.292,0.78736,0.78758,1.69,1.19
2016.05.15 22:13:54.619,0.78736,0.78758,2.44,1.19
2016.05.15 22:13:54.670,0.78736,0.78758,1.69,1.19
2016.05.15 22:13:57.482,0.78736,0.78758,1.69,1.25
2016.05.15 22:14:00.156,0.78736,0.78758,2.44,1.25
2016.05.15 22:14:05.477,0.78736,0.78758,1.69,1.19
2016.05.15 22:14:06.026,0.78736,0.78757,1.19,1.00
2016.05.15 22:14:06.928,0.78736,0.78757,2.44,1.00
2016.05.15 22:14:07.031,0.78736,0.78757,1.69,1.19
2016.05.15 22:14:07.263,0.78736,0.78757,2.44,1.00
2016.05.15 22:14:07.472,0.78736,0.78757,1.69,1.19
2016.05.15 22:14:07.574,0.78737,0.78758,1.19,1.19
2016.05.15 22:14:08.689,0.78736,0.78758,1.69,1.25
2016.05.15 22:14:09.324,0.78735,0.78758,2.44,1.19
2016.05.15 22:14:09.426,0.78736,0.78758,1.19,1.25
2016.05.15 22:14:10.532,0.78735,0.78758,1.69,1.19
2016.05.15 22:14:10.881,0.78737,0.78758,1.19,1.19
2016.05.15 22:14:11.004,0.78735,0.78758,1.69,1.19
2016.05.15 22:14:11.106,0.78737,0.78758,1.19,1.19
2016.05.15 22:14:11.638,0.78736,0.78758,1.19,1.25
2016.05.15 22:14:12.390,0.78735,0.78758,2.44,1.19
2016.05.15 22:14:12.492,0.78736,0.78758,1.19,1.25
2016.05.15 22:14:12.921,0.78735,0.78758,1.69,1.19
2016.05.15 22:14:13.237,0.78736,0.78758,1.19,1.25
2016.05.15 22:14:13.622,0.78735,0.78758,1.69,1.19
2016.05.15 22:14:14.032,0.78736,0.78758,1.69,1.25
2016.05.15 22:14:14.392,0.78736,0.78758,1.19,1.19
2016.05.15 22:14:14.831,0.78736,0.78758,1.69,1.25
2016.05.15 22:14:15.950,0.78736,0.78758,1.19,1.19
2016.05.15 22:14:16.295,0.78737,0.78758,1.19,1.19
2016.05.15 22:14:16.798,0.78736,0.78758,1.19,1.19
2016.05.15 22:14:16.900,0.78736,0.78758,1.69,1.25
2016.05.15 22:14:17.111,0.78736,0.78758,1.19,1.19
2016.05.15 22:14:17.447,0.78737,0.78758,1.19,1.19
2016.05.15 22:14:17.600,0.78736,0.78758,1.19,1.19
2016.05.15 22:14:17.702,0.78736,0.78758,1.69,1.25
2016.05.15 22:14:18.010,0.78731,0.78758,1.19,2.44
2016.05.15 22:14:21.953,0.78729,0.78752,1.69,1.00
2016.05.15 22:14:22.760,0.78729,0.78753,1.69,1.25
2016.05.15 22:14:34.857,0.78728,0.78753,1.19,1.19
2016.05.15 22:14:35.010,0.7873,0.78753,1.19,1.25
2016.05.15 22:14:40.352,0.7873,0.78753,1.19,1.19
2016.05.15 22:14:45.764,0.7873,0.78751,1.19,1.00
2016.05.15 22:14:45.815,0.7873,0.78753,1.19,1.25
2016.05.15 22:14:46.334,0.7873,0.78752,2.06,1.00
2016.05.15 22:14:50.719,0.78731,0.78751,1.19,1.00
2016.05.15 22:14:51.340,0.78731,0.78752,1.19,1.00
2016.05.15 22:14:51.999,0.78732,0.78751,1.19,1.00
2016.05.15 22:14:58.078,0.78736,0.78755,1.19,1.25
2016.05.15 22:14:58.332,0.78736,0.78757,1.69,1.25
2016.05.15 22:15:00.300,0.78736,0.7876,2.81,1.19
2016.05.15 22:15:07.641,0.78737,0.7876,1.69,1.19
2016.05.15 22:15:08.321,0.78737,0.7876,1.69,1.19
2016.05.15 22:15:34.097,0.7874,0.7876,1.19,1.19
2016.05.15 22:15:34.200,0.7874,0.78761,1.69,1.25
2016.05.15 22:15:34.302,0.7874,0.78761,1.19,1.00
2016.05.15 22:15:34.828,0.7874,0.78762,2.06,1.00
2016.05.15 22:15:46.711,0.78739,0.78763,1.31,1.25
2016.05.15 22:15:52.126,0.7874,0.78762,1.19,1.00
2016.05.15 22:16:00.017,0.78739,0.78763,1.31,1.19
2016.05.15 22:16:00.221,0.78739,0.78763,1.19,1.19
2016.05.15 22:16:09.053,0.78739,0.78762,1.19,1.19
2016.05.15 22:16:09.155,0.78738,0.78763,1.19,1.19
2016.05.15 22:16:11.524,0.78742,0.78763,1.00,1.19
2016.05.15 22:16:11.778,0.78742,0.78763,1.25,1.19
2016.05.15 22:16:12.111,0.78745,0.78763,1.25,1.69
2016.05.15 22:16:12.625,0.78746,0.78762,1.00,1.19
2016.05.15 22:16:12.676,0.78746,0.78762,1.19,1.25
2016.05.15 22:16:12.981,0.78744,0.78762,1.19,1.19
2016.05.15 22:16:13.496,0.78745,0.78762,1.00,1.19
2016.05.15 22:16:14.046,0.78744,0.78762,1.00,1.19
2016.05.15 22:16:14.848,0.78743,0.7876,1.25,1.25
2016.05.15 22:16:16.148,0.78743,0.78758,1.25,1.00
2016.05.15 22:16:23.261,0.78744,0.78758,1.00,1.00
2016.05.15 22:16:27.620,0.78744,0.78758,1.19,1.00
2016.05.15 22:16:28.216,0.78743,0.78761,1.19,1.25
2016.05.15 22:16:28.723,0.78744,0.7876,1.19,1.00
2016.05.15 22:16:34.566,0.78743,0.7876,1.25,1.00
2016.05.15 22:16:36.300,0.78743,0.78759,1.25,1.00
2016.05.15 22:16:51.690,0.78744,0.78759,1.00,1.00
2016.05.15 22:16:52.208,0.78743,0.78759,1.25,1.00
2016.05.15 22:16:54.661,0.78744,0.78759,1.00,1.00
2016.05.15 22:16:55.163,0.78743,0.78759,1.25,1.00
2016.05.15 22:16:57.165,0.78744,0.78759,1.00,1.00
2016.05.15 22:16:57.710,0.78743,0.78759,1.25,1.00
2016.05.15 22:16:58.771,0.78744,0.78759,1.00,1.00
2016.05.15 22:16:59.716,0.78743,0.78759,1.25,1.00
2016.05.15 22:17:02.224,0.78744,0.78759,1.00,1.00
2016.05.15 22:17:02.803,0.78743,0.78759,1.25,1.00
2016.05.15 22:17:03.380,0.78744,0.78759,1.00,1.00
2016.05.15 22:17:03.931,0.78743,0.7876,1.25,1.69
2016.05.15 22:17:04.134,0.78742,0.7876,1.69,1.69
2016.05.15 22:17:21.838,0.78742,0.78758,1.00,1.25
2016.05.15 22:17:23.546,0.78741,0.78758,1.25,1.25
2016.05.15 22:17:30.328,0.78742,0.78758,1.00,1.25
2016.05.15 22:17:32.854,0.78741,0.78758,1.25,1.25
2016.05.15 22:17:37.475,0.78742,0.78758,1.00,1.25
2016.05.15 22:17:37.995,0.78742,0.78758,1.25,1.19
2016.05.15 22:17:40.918,0.78742,0.78758,1.00,1.25
2016.05.15 22:17:44.239,0.78743,0.78758,1.00,1.25
2016.05.15 22:18:02.889,0.78743,0.78758,1.00,1.19
2016.05.15 22:18:02.991,0.78741,0.78758,1.00,2.44
2016.05.15 22:18:03.093,0.78739,0.78755,1.25,1.00
2016.05.15 22:18:03.246,0.78737,0.78754,1.00,1.19
2016.05.15 22:18:03.298,0.78735,0.78752,1.00,1.19
2016.05.15 22:18:03.349,0.78735,0.78752,1.00,1.19
2016.05.15 22:18:03.857,0.78736,0.78752,1.00,1.19
2016.05.15 22:18:08.780,0.78734,0.78752,1.25,1.19
2016.05.15 22:18:14.452,0.78733,0.78752,1.00,1.19
2016.05.15 22:18:15.309,0.78734,0.7875,1.00,1.19
2016.05.15 22:18:19.571,0.78734,0.78748,1.00,1.00
2016.05.15 22:18:24.291,0.78734,0.78749,1.00,1.25
2016.05.15 22:18:32.798,0.78734,0.78749,1.00,1.19
2016.05.15 22:18:33.363,0.78735,0.78749,1.00,1.19
2016.05.15 22:18:33.516,0.78733,0.7875,1.25,1.69
2016.05.15 22:18:36.320,0.78734,0.78748,1.00,1.25
2016.05.15 22:18:37.858,0.78734,0.78749,1.00,1.25
2016.05.15 22:18:41.426,0.78733,0.78749,1.00,1.25
2016.05.15 22:18:41.985,0.78734,0.78749,1.00,1.25
2016.05.15 22:18:42.486,0.78733,0.78749,1.00,1.25
2016.05.15 22:18:42.990,0.78734,0.7875,1.00,1.69
2016.05.15 22:18:43.539,0.78733,0.7875,1.00,1.69
2016.05.15 22:18:44.160,0.78733,0.78748,1.00,1.00
2016.05.15 22:18:44.822,0.78734,0.78748,1.00,1.00
2016.05.15 22:18:45.447,0.78733,0.78748,1.00,1.00
2016.05.15 22:18:46.046,0.78732,0.78748,1.25,1.00
2016.05.15 22:18:46.550,0.78732,0.78749,1.25,1.25
2016.05.15 22:18:47.052,0.78733,0.78749,1.00,1.25
2016.05.15 22:18:47.875,0.78734,0.7875,1.00,1.69
2016.05.15 22:18:48.120,0.78737,0.7875,1.00,1.50
2016.05.15 22:18:48.184,0.78739,0.78753,1.00,1.69
2016.05.15 22:18:48.439,0.78741,0.78755,1.00,1.00
2016.05.15 22:18:48.541,0.78741,0.78757,1.25,1.00
2016.05.15 22:18:49.639,0.78743,0.78757,1.00,1.00
2016.05.15 22:18:50.145,0.78742,0.78757,1.00,1.00
2016.05.15 22:18:50.721,0.78743,0.78757,1.00,1.00
2016.05.15 22:18:51.661,0.78742,0.78757,1.00,1.00
2016.05.15 22:18:52.268,0.78742,0.78757,1.00,1.19
2016.05.15 22:18:52.865,0.78742,0.78758,1.19,1.69
2016.05.15 22:18:53.619,0.78742,0.78757,1.00,1.19
2016.05.15 22:18:54.163,0.78741,0.78757,1.25,1.19
2016.05.15 22:18:58.285,0.78743,0.78757,1.00,1.19
2016.05.15 22:18:58.567,0.78744,0.78759,1.00,1.00
2016.05.15 22:18:59.075,0.78745,0.7876,1.00,2.44
2016.05.15 22:18:59.582,0.78746,0.7876,1.00,2.44
2016.05.15 22:19:00.114,0.78744,0.7876,1.19,2.44
2016.05.15 22:19:04.290,0.78744,0.7876,1.19,1.25
2016.05.15 22:19:04.393,0.78743,0.7876,1.50,1.19
2016.05.15 22:19:05.282,0.78744,0.7876,1.00,1.19
2016.05.15 22:19:05.802,0.78743,0.7876,1.00,1.19
2016.05.15 22:19:07.774,0.78745,0.78758,1.00,1.00
2016.05.15 22:19:08.701,0.78744,0.78758,1.25,1.25
2016.05.15 22:19:09.231,0.78744,0.78757,1.25,1.00
2016.05.15 22:19:09.964,0.78745,0.78757,1.00,1.00
2016.05.15 22:19:10.965,0.78744,0.78757,1.25,1.00
2016.05.15 22:19:12.689,0.78745,0.78757,1.00,1.00
2016.05.15 22:19:13.211,0.78744,0.78757,1.25,1.00
2016.05.15 22:19:13.712,0.78745,0.78757,1.00,1.00
2016.05.15 22:19:14.569,0.78744,0.78757,1.25,1.00
2016.05.15 22:19:15.971,0.78745,0.78757,1.00,1.00
2016.05.15 22:19:16.518,0.78744,0.78757,1.25,1.00
2016.05.15 22:19:17.055,0.78745,0.78758,1.00,1.25
2016.05.15 22:19:17.674,0.78744,0.78758,1.25,1.25
2016.05.15 22:19:18.476,0.78745,0.78758,1.00,1.25
2016.05.15 22:19:19.042,0.78744,0.78758,1.25,1.25
2016.05.15 22:19:20.331,0.78744,0.78757,1.25,1.00
2016.05.15 22:19:21.413,0.78744,0.78758,1.25,1.25
2016.05.15 22:19:21.935,0.78745,0.78758,1.25,1.00
2016.05.15 22:19:22.499,0.78746,0.78758,1.00,1.00
2016.05.15 22:19:23.333,0.78742,0.78757,1.00,1.19
2016.05.15 22:19:23.384,0.7874,0.78757,1.25,1.19
2016.05.15 22:19:23.639,0.78739,0.78755,1.25,1.69
2016.05.15 22:19:32.878,0.78739,0.78752,1.19,1.00
2016.05.15 22:19:32.930,0.7874,0.78754,1.25,1.69
2016.05.15 22:19:33.452,0.78741,0.78755,1.00,1.19
2016.05.15 22:19:33.998,0.7874,0.78755,1.25,1.19
2016.05.15 22:19:34.850,0.78742,0.78755,1.00,1.19
2016.05.15 22:19:35.000,0.7874,0.78755,1.25,1.19
2016.05.15 22:19:35.516,0.78741,0.78755,1.00,1.19
2016.05.15 22:19:38.409,0.7874,0.78755,1.25,1.19
2016.05.15 22:19:43.428,0.78741,0.78755,1.00,2.44
2016.05.15 22:19:43.582,0.7874,0.78755,1.19,1.19
2016.05.15 22:19:43.735,0.78744,0.78754,1.00,1.00
2016.05.15 22:19:44.229,0.78744,0.78756,1.25,1.25
2016.05.15 22:19:44.739,0.78745,0.78756,1.00,1.25
2016.05.15 22:19:45.243,0.78744,0.78755,1.25,1.00
2016.05.15 22:19:45.961,0.78745,0.78755,1.00,1.00
2016.05.15 22:19:46.468,0.78744,0.78755,1.25,1.00
2016.05.15 22:19:57.483,0.78744,0.78754,1.25,1.00
2016.05.15 22:20:01.277,0.78739,0.78755,1.69,1.25
2016.05.15 22:20:01.786,0.78741,0.78754,1.00,1.25
2016.05.15 22:20:03.326,0.78741,0.78753,1.00,1.00
2016.05.15 22:20:04.184,0.78741,0.78752,1.00,1.00
2016.05.15 22:20:06.705,0.78741,0.78751,1.00,1.00
2016.05.15 22:20:08.499,0.78741,0.78754,1.00,1.25
2016.05.15 22:20:08.756,0.78738,0.78754,1.69,1.69
2016.05.15 22:20:08.858,0.78736,0.78754,1.25,3.94
2016.05.15 22:20:09.367,0.78737,0.78752,1.00,1.19
2016.05.15 22:20:09.892,0.78735,0.78752,1.19,1.19
2016.05.15 22:20:29.070,0.78736,0.78751,1.19,1.00
2016.05.15 22:20:34.154,0.78738,0.78752,1.25,1.25
2016.05.15 22:20:34.801,0.78739,0.78752,1.00,1.25
2016.05.15 22:20:36.194,0.78738,0.78752,1.25,1.25
2016.05.15 22:20:46.832,0.78738,0.78752,1.19,1.19
2016.05.15 22:21:07.797,0.78738,0.78754,1.25,1.19
2016.05.15 22:21:08.493,0.78738,0.78754,1.19,1.69
2016.05.15 22:21:09.016,0.78741,0.78754,1.25,1.00
2016.05.15 22:21:15.531,0.7874,0.78754,1.25,1.25
2016.05.15 22:21:15.849,0.78739,0.78752,1.25,1.25
2016.05.15 22:21:23.196,0.78738,0.78753,1.19,1.00
2016.05.15 22:21:23.699,0.78738,0.78753,1.19,1.19
2016.05.15 22:21:55.533,0.7874,0.78752,1.00,1.25
2016.05.15 22:21:56.047,0.78741,0.78753,1.25,1.00
2016.05.15 22:21:57.760,0.78741,0.78752,1.25,1.00
2016.05.15 22:22:00.914,0.78741,0.78754,1.25,1.00
2016.05.15 22:22:01.270,0.78739,0.78755,1.19,1.19
2016.05.15 22:22:17.231,0.7874,0.78756,1.19,2.44
2016.05.15 22:22:17.334,0.78741,0.78757,1.19,1.25
2016.05.15 22:22:17.691,0.78742,0.78759,1.25,1.25
2016.05.15 22:22:18.211,0.78743,0.78758,1.00,1.00
2016.05.15 22:22:18.567,0.78744,0.7876,1.19,1.19
2016.05.15 22:22:24.591,0.78741,0.78759,1.69,1.25
2016.05.15 22:22:27.210,0.78741,0.78758,1.19,1.00
2016.05.15 22:22:36.600,0.78741,0.78757,1.69,1.19
2016.05.15 22:22:37.572,0.78742,0.78757,1.00,1.19
2016.05.15 22:22:38.088,0.78741,0.78757,1.69,1.19
2016.05.15 22:22:39.074,0.78742,0.78757,1.00,1.19
2016.05.15 22:22:39.588,0.78741,0.78757,1.69,1.19
2016.05.15 22:22:40.120,0.78742,0.78757,1.00,1.19
2016.05.15 22:22:40.890,0.78741,0.78757,1.69,1.19
2016.05.15 22:22:41.795,0.78742,0.78757,1.00,1.19
2016.05.15 22:22:42.798,0.78741,0.78757,1.69,1.19
2016.05.15 22:22:51.145,0.78741,0.78755,1.25,1.00
2016.05.15 22:23:15.824,0.78741,0.78756,1.00,1.00
2016.05.15 22:23:16.362,0.78741,0.78757,1.00,1.69
2016.05.15 22:23:18.345,0.78742,0.78757,1.00,1.69
2016.05.15 22:23:18.945,0.78741,0.78757,1.50,1.69
2016.05.15 22:23:19.686,0.78741,0.78757,2.44,1.00
2016.05.15 22:23:20.023,0.78745,0.78759,1.50,1.19
2016.05.15 22:23:27.302,0.78745,0.78758,1.00,1.19
2016.05.15 22:23:27.851,0.78743,0.78757,1.19,1.25
2016.05.15 22:23:36.310,0.78744,0.78757,1.00,1.19
2016.05.15 22:23:36.565,0.78739,0.78757,1.69,1.19
2016.05.15 22:23:38.409,0.78741,0.78757,1.00,1.69
2016.05.15 22:23:41.888,0.78742,0.78756,1.00,1.19
2016.05.15 22:23:43.206,0.78742,0.78754,1.25,1.00
2016.05.15 22:23:49.954,0.78741,0.78755,1.19,1.00
2016.05.15 22:23:57.818,0.78743,0.78755,1.00,1.00
2016.05.15 22:24:08.312,0.78741,0.78755,1.19,1.00
2016.05.15 22:24:10.863,0.78741,0.78755,1.19,1.25
2016.05.15 22:24:25.803,0.78741,0.78755,1.19,1.00
2016.05.15 22:24:41.600,0.78741,0.78756,1.19,1.25
2016.05.15 22:24:44.958,0.78741,0.78757,1.19,1.00
2016.05.15 22:24:45.162,0.78746,0.7876,1.00,2.44
2016.05.15 22:24:45.315,0.78745,0.7876,1.25,1.50
2016.05.15 22:24:45.863,0.78746,0.7876,1.25,1.25
2016.05.15 22:24:47.825,0.78745,0.78762,1.69,3.00
2016.05.15 22:24:48.436,0.78745,0.78761,1.69,1.00
2016.05.15 22:24:48.944,0.78744,0.78761,1.50,1.69
2016.05.15 22:24:49.350,0.78744,0.78761,1.25,1.69
2016.05.15 22:24:57.526,0.78745,0.7876,1.00,1.19
2016.05.15 22:24:57.730,0.78747,0.78762,1.19,1.00
2016.05.15 22:24:58.238,0.78748,0.78764,1.25,1.19
2016.05.15 22:24:58.748,0.78748,0.78762,1.25,1.25
2016.05.15 22:25:10.101,0.78749,0.78763,1.00,1.19
2016.05.15 22:25:10.500,0.78751,0.78765,1.00,1.19
2016.05.15 22:25:20.345,0.78748,0.78765,2.44,1.19
2016.05.15 22:25:20.397,0.78748,0.78764,1.00,1.19
2016.05.15 22:25:20.938,0.78747,0.78764,1.00,1.19
2016.05.15 22:25:21.705,0.78747,0.78763,1.00,1.69
2016.05.15 22:25:21.806,0.78746,0.78763,1.19,1.69
2016.05.15 22:25:24.273,0.78747,0.78761,1.19,1.00
2016.05.15 22:25:29.756,0.78747,0.78762,1.19,1.25
2016.05.15 22:25:33.041,0.78747,0.78761,1.19,1.00
2016.05.15 22:25:53.716,0.78747,0.78762,1.19,1.25
2016.05.15 22:25:54.817,0.78746,0.78762,1.69,1.19
2016.05.15 22:26:02.034,0.78747,0.78763,1.00,1.19
2016.05.15 22:26:02.085,0.78747,0.78763,1.19,1.19
2016.05.15 22:26:02.147,0.7875,0.78765,1.00,1.19
2016.05.15 22:26:02.198,0.7875,0.78765,1.69,1.25
2016.05.15 22:26:02.706,0.78752,0.78766,1.00,1.19
2016.05.15 22:26:04.480,0.78752,0.78767,1.19,1.25
2016.05.15 22:26:05.704,0.78752,0.78766,1.19,1.00
2016.05.15 22:26:10.120,0.78752,0.78765,1.19,1.00
2016.05.15 22:26:13.845,0.78751,0.78765,1.19,1.19
2016.05.15 22:26:17.361,0.7875,0.78765,1.69,1.19
2016.05.15 22:26:22.075,0.78749,0.78761,1.19,1.00
2016.05.15 22:26:33.388,0.78749,0.7876,1.19,1.00
2016.05.15 22:26:35.879,0.78749,0.7876,1.25,1.00
2016.05.15 22:26:44.996,0.78748,0.7876,1.00,1.00
2016.05.15 22:26:45.534,0.78747,0.7876,1.25,1.00
2016.05.15 22:26:47.165,0.78747,0.78761,1.25,1.25
2016.05.15 22:26:50.003,0.78748,0.78761,1.00,1.25
2016.05.15 22:26:51.240,0.78747,0.78761,1.69,1.25
2016.05.15 22:26:51.748,0.78747,0.7876,1.69,1.00
2016.05.15 22:26:52.350,0.78748,0.7876,1.00,1.00
2016.05.15 22:26:52.896,0.78749,0.7876,1.00,1.00
2016.05.15 22:26:53.628,0.78748,0.7876,1.00,1.00
2016.05.15 22:26:54.927,0.78749,0.7876,1.00,1.00
2016.05.15 22:26:56.317,0.78748,0.7876,1.00,1.00
2016.05.15 22:26:58.324,0.78749,0.7876,1.00,1.00
2016.05.15 22:26:58.964,0.78748,0.7876,1.00,1.00
2016.05.15 22:27:00.293,0.78748,0.78759,1.00,1.00
2016.05.15 22:27:00.447,0.78742,0.78757,1.12,1.19
2016.05.15 22:27:00.701,0.7874,0.78755,1.69,1.69
2016.05.15 22:27:01.664,0.78741,0.78757,1.00,2.81
2016.05.15 22:27:01.817,0.78742,0.78757,1.25,1.00
2016.05.15 22:27:02.173,0.78744,0.78758,1.00,1.31
2016.05.15 22:27:02.487,0.78744,0.78756,1.00,1.19
2016.05.15 22:27:02.640,0.78742,0.78756,1.00,1.19
2016.05.15 22:27:11.277,0.78741,0.78756,1.25,1.31
2016.05.15 22:27:18.101,0.7874,0.78756,1.69,1.94
2016.05.15 22:27:18.611,0.78741,0.78755,1.00,1.69
2016.05.15 22:27:20.777,0.78742,0.78755,1.00,1.19
2016.05.15 22:27:21.318,0.78742,0.78755,1.00,1.25
2016.05.15 22:27:22.079,0.78741,0.78755,1.00,2.06
2016.05.15 22:27:28.530,0.78741,0.78755,1.00,1.31
2016.05.15 22:27:28.785,0.78741,0.78755,1.50,1.69
2016.05.15 22:27:29.178,0.78745,0.78758,1.00,2.81
2016.05.15 22:27:29.230,0.78745,0.78758,1.25,1.12
2016.05.15 22:27:29.740,0.78746,0.78759,1.00,1.62
2016.05.15 22:27:56.410,0.78746,0.7876,1.69,1.69
2016.05.15 22:27:56.548,0.78748,0.78763,1.25,3.19
2016.05.15 22:27:57.060,0.78749,0.78763,1.00,1.19
2016.05.15 22:28:00.674,0.78748,0.78763,1.25,1.19
2016.05.15 22:28:00.981,0.78747,0.78761,1.00,1.31
2016.05.15 22:28:01.083,0.78745,0.7876,1.25,2.44
2016.05.15 22:28:01.134,0.78745,0.78758,1.00,1.56
2016.05.15 22:28:09.440,0.78743,0.78758,1.00,3.19
2016.05.15 22:28:25.885,0.78743,0.78757,1.00,1.31
2016.05.15 22:28:31.643,0.78744,0.78757,1.00,1.31
2016.05.15 22:28:37.900,0.78744,0.78758,1.00,2.06
2016.05.15 22:28:38.864,0.78747,0.78758,1.00,2.06
2016.05.15 22:28:45.125,0.78747,0.78759,1.00,1.31
2016.05.15 22:28:48.131,0.78745,0.78759,1.00,1.31
2016.05.15 22:28:58.970,0.78747,0.78758,1.00,1.19
2016.05.15 22:28:59.277,0.78747,0.78759,1.00,1.12
2016.05.15 22:29:04.910,0.78748,0.78759,1.00,1.00
2016.05.15 22:29:16.123,0.78748,0.7876,1.00,1.25
2016.05.15 22:29:45.110,0.78747,0.7876,1.00,1.00
2016.05.15 22:29:45.618,0.78747,0.78761,1.00,1.00
2016.05.15 22:29:46.632,0.78747,0.78759,1.00,1.00
2016.05.15 22:29:52.525,0.78748,0.78759,1.00,1.00
2016.05.15 22:29:52.830,0.78748,0.78761,1.00,1.00
2016.05.15 22:29:56.768,0.78748,0.7876,1.00,1.00
2016.05.15 22:29:59.746,0.78748,0.78759,1.00,1.00
2016.05.15 22:30:01.092,0.78748,0.78761,1.00,1.12
2016.05.15 22:30:02.195,0.78748,0.7876,1.00,1.00
2016.05.15 22:30:03.118,0.78748,0.78761,1.00,1.00
2016.05.15 22:30:03.220,0.7875,0.78761,1.00,1.00
2016.05.15 22:30:03.728,0.7875,0.7876,1.00,1.00
2016.05.15 22:30:05.298,0.7875,0.78759,1.00,1.00
2016.05.15 22:30:05.603,0.7875,0.78761,1.00,1.00
2016.05.15 22:30:06.430,0.7875,0.78762,1.00,1.31
2016.05.15 22:30:08.585,0.78751,0.78762,1.00,1.25
2016.05.15 22:30:09.026,0.78751,0.78765,1.00,2.06
2016.05.15 22:30:10.834,0.78751,0.78765,1.00,1.69
2016.05.15 22:30:12.437,0.78751,0.78764,1.00,1.31
2016.05.15 22:30:12.946,0.78751,0.78763,1.00,1.12
2016.05.15 22:30:13.664,0.78751,0.78764,1.00,1.31
2016.05.15 22:30:14.253,0.78753,0.78767,1.00,2.81
2016.05.15 22:30:15.910,0.78753,0.78768,1.00,3.19
2016.05.15 22:30:22.919,0.78755,0.78768,1.00,1.31
2016.05.15 22:30:23.174,0.78755,0.78768,1.00,1.00
2016.05.15 22:30:24.082,0.78755,0.78766,1.00,1.00
2016.05.15 22:30:24.770,0.78755,0.78767,1.00,1.50
2016.05.15 22:30:26.148,0.78755,0.78766,1.00,1.00
2016.05.15 22:30:27.093,0.78753,0.78766,1.31,1.50
2016.05.15 22:30:28.548,0.78753,0.78765,1.25,1.00
2016.05.15 22:30:29.056,0.78754,0.78765,1.00,1.00
2016.05.15 22:30:30.657,0.78754,0.78764,1.00,1.00
2016.05.15 22:30:31.165,0.78754,0.78765,1.00,1.00
2016.05.15 22:30:33.004,0.78754,0.78764,1.00,1.00
2016.05.15 22:30:33.360,0.78754,0.78766,1.00,1.00
2016.05.15 22:30:33.412,0.78756,0.78766,1.00,1.00
2016.05.15 22:30:33.616,0.78756,0.78768,1.00,1.12
2016.05.15 22:30:35.574,0.78758,0.78768,1.00,1.00
2016.05.15 22:30:36.193,0.78759,0.78768,1.00,1.00
2016.05.15 22:30:36.600,0.78759,0.7877,1.00,1.12
2016.05.15 22:30:38.900,0.78759,0.7877,1.19,1.00
2016.05.15 22:30:40.623,0.78757,0.78769,3.19,1.00
2016.05.15 22:30:40.718,0.78757,0.78769,1.25,1.00
2016.05.15 22:30:40.820,0.78759,0.78769,1.00,1.00
2016.05.15 22:30:42.430,0.78759,0.78768,1.00,1.00
2016.05.15 22:30:46.925,0.78758,0.78768,1.00,1.00
2016.05.15 22:30:47.230,0.7876,0.78767,1.00,1.00
2016.05.15 22:30:48.542,0.78758,0.78768,1.00,1.00
2016.05.15 22:30:51.820,0.78758,0.78769,1.00,1.00
2016.05.15 22:30:51.974,0.78761,0.7877,1.00,1.00
2016.05.15 22:30:52.761,0.78761,0.78769,1.00,1.00
2016.05.15 22:30:53.270,0.7876,0.7877,1.00,1.00
2016.05.15 22:30:55.242,0.7876,0.78769,1.00,1.00
2016.05.15 22:30:57.747,0.7876,0.78771,1.00,1.25
2016.05.15 22:30:58.290,0.78761,0.78771,1.00,1.00
2016.05.15 22:31:07.268,0.78761,0.7877,1.00,1.00
2016.05.15 22:31:17.823,0.78761,0.78771,1.00,1.00
2016.05.15 22:31:33.461,0.78764,0.78772,1.00,1.69
2016.05.15 22:31:33.564,0.78764,0.78774,1.00,1.00
2016.05.15 22:31:45.323,0.78764,0.78776,1.00,2.06
2016.05.15 22:31:45.609,0.78765,0.78777,1.00,2.06
2016.05.15 22:31:49.958,0.78767,0.78777,1.00,1.19
2016.05.15 22:31:50.060,0.78767,0.78778,1.00,1.31
2016.05.15 22:31:50.571,0.78767,0.78778,1.00,1.31
2016.05.15 22:31:51.110,0.78768,0.78778,1.00,1.12
2016.05.15 22:31:51.618,0.78769,0.78778,1.00,1.00
2016.05.15 22:31:52.169,0.78769,0.7878,1.00,1.00
2016.05.15 22:31:53.411,0.78767,0.7878,1.00,1.31
2016.05.15 22:31:53.887,0.78767,0.78779,1.00,1.19
2016.05.15 22:32:03.366,0.78768,0.78778,1.00,1.25
2016.05.15 22:32:03.875,0.78768,0.78779,1.25,1.00
2016.05.15 22:32:04.772,0.78768,0.78777,1.25,1.00
2016.05.15 22:32:05.085,0.78768,0.78779,1.25,1.00
2016.05.15 22:32:05.592,0.78769,0.7878,1.00,1.00
2016.05.15 22:32:06.100,0.78769,0.78779,1.00,1.25
2016.05.15 22:32:08.281,0.78769,0.78778,1.00,1.00
2016.05.15 22:32:12.330,0.78769,0.78779,1.00,1.25
2016.05.15 22:32:12.841,0.78769,0.7878,1.00,1.00
2016.05.15 22:32:16.982,0.7877,0.7878,1.00,1.00
2016.05.15 22:32:17.491,0.78771,0.78779,1.00,1.00
2016.05.15 22:32:18.226,0.78771,0.7878,1.00,1.00
2016.05.15 22:32:21.233,0.78773,0.78782,1.00,1.00
2016.05.15 22:32:21.538,0.78773,0.78784,1.50,1.00
2016.05.15 22:32:21.734,0.78774,0.78788,1.00,1.31
2016.05.15 22:32:21.785,0.78776,0.78788,1.00,1.31
2016.05.15 22:32:33.197,0.78778,0.78788,1.00,1.31
2016.05.15 22:32:33.350,0.78783,0.78793,1.00,1.00
2016.05.15 22:32:33.402,0.78785,0.78794,1.00,1.00
2016.05.15 22:32:33.929,0.78785,0.78793,1.00,1.19
2016.05.15 22:32:34.438,0.78782,0.78793,1.19,1.69
2016.05.15 22:32:38.275,0.78782,0.78794,1.19,1.00
2016.05.15 22:32:38.428,0.78785,0.78795,1.50,1.50
2016.05.15 22:32:38.479,0.78785,0.78797,1.69,1.69
2016.05.15 22:32:39.018,0.78785,0.78798,1.69,1.69
2016.05.15 22:32:39.599,0.78785,0.78797,2.25,1.00
2016.05.15 22:32:40.141,0.78785,0.78798,1.00,1.25
2016.05.15 22:32:41.603,0.78785,0.78797,1.00,1.00
2016.05.15 22:32:42.114,0.78785,0.78798,1.00,1.25
2016.05.15 22:32:42.974,0.78785,0.78798,1.00,1.69
2016.05.15 22:32:43.493,0.78785,0.78798,1.00,2.44
2016.05.15 22:32:45.292,0.78785,0.78797,1.00,1.19
2016.05.15 22:32:46.809,0.78785,0.78798,1.00,2.44
2016.05.15 22:32:47.378,0.78785,0.78798,1.00,3.56
2016.05.15 22:32:48.160,0.78785,0.78798,1.00,2.81
2016.05.15 22:32:49.926,0.78785,0.78798,1.00,1.69
2016.05.15 22:32:50.231,0.78785,0.78798,1.00,2.06
2016.05.15 22:32:59.886,0.78785,0.78793,1.00,1.00
2016.05.15 22:33:00.200,0.78784,0.7879,1.00,2.44
2016.05.15 22:33:00.406,0.7878,0.78789,1.19,1.25
2016.05.15 22:33:00.713,0.78777,0.78789,1.00,1.69
2016.05.15 22:33:00.764,0.78775,0.78789,2.44,2.06
2016.05.15 22:33:00.817,0.78775,0.78789,1.00,2.44
2016.05.15 22:33:01.135,0.78769,0.78781,1.00,1.00
2016.05.15 22:33:01.188,0.78767,0.78781,1.25,1.19
2016.05.15 22:33:02.153,0.78767,0.78783,1.50,1.69
2016.05.15 22:33:02.346,0.78769,0.78784,1.00,1.69
2016.05.15 22:33:03.427,0.7877,0.78783,1.00,1.19
2016.05.15 22:33:03.936,0.78769,0.78784,1.50,1.31
2016.05.15 22:33:08.839,0.78768,0.78782,1.00,1.69
2016.05.15 22:33:08.979,0.78767,0.78782,1.19,1.25
2016.05.15 22:33:09.842,0.78767,0.78782,1.19,2.06
2016.05.15 22:33:18.878,0.78767,0.78783,1.25,1.31
2016.05.15 22:33:20.088,0.78767,0.78783,1.00,2.81
2016.05.15 22:33:20.393,0.78767,0.78783,1.31,1.31
2016.05.15 22:33:20.905,0.78769,0.78783,1.50,1.19
2016.05.15 22:33:29.551,0.78769,0.78785,2.06,1.37
2016.05.15 22:33:29.602,0.78771,0.78786,1.00,2.06
2016.05.15 22:33:29.706,0.78773,0.78788,1.00,1.19
2016.05.15 22:33:29.758,0.78773,0.78788,1.00,1.25
2016.05.15 22:33:30.165,0.78775,0.7879,1.00,3.19
2016.05.15 22:33:30.329,0.78775,0.7879,1.00,1.12
2016.05.15 22:33:30.381,0.78778,0.78793,1.00,1.39
2016.05.15 22:33:30.432,0.78778,0.78793,1.00,1.39
2016.05.15 22:33:30.635,0.7878,0.78794,1.00,3.00
2016.05.15 22:33:30.840,0.78781,0.78796,1.00,1.50
2016.05.15 22:33:32.508,0.78781,0.78796,1.37,1.00
2016.05.15 22:33:39.420,0.78781,0.78797,1.37,2.81
2016.05.15 22:33:43.149,0.78781,0.78797,1.12,2.81
2016.05.15 22:33:44.499,0.78783,0.78797,1.00,2.81
2016.05.15 22:33:45.384,0.78783,0.78797,1.00,3.94
2016.05.15 22:33:48.804,0.78784,0.78797,1.00,1.31
2016.05.15 22:33:49.008,0.78782,0.78798,1.00,1.69
2016.05.15 22:33:49.242,0.78784,0.788,1.00,2.44
2016.05.15 22:33:57.589,0.78784,0.788,1.37,1.69
2016.05.15 22:33:57.741,0.78785,0.78802,1.69,1.31
2016.05.15 22:33:58.314,0.78785,0.78802,2.44,1.31
2016.05.15 22:33:58.817,0.78787,0.78803,1.00,1.69
2016.05.15 22:34:01.323,0.78785,0.78801,1.25,1.12
2016.05.15 22:34:01.828,0.78785,0.78801,1.19,1.31
2016.05.15 22:34:02.450,0.78785,0.78801,1.31,1.00
2016.05.15 22:34:03.445,0.78786,0.78803,1.00,1.69
2016.05.15 22:34:04.080,0.78785,0.78801,1.00,2.06
2016.05.15 22:34:10.039,0.78784,0.788,1.25,2.44
2016.05.15 22:34:22.974,0.78784,0.78801,1.69,1.31
2016.05.15 22:34:23.127,0.78787,0.78803,1.25,1.19
2016.05.15 22:34:23.673,0.78788,0.78804,1.50,1.69
2016.05.15 22:34:26.924,0.78785,0.78801,2.44,1.00
2016.05.15 22:34:27.258,0.78792,0.78805,1.00,1.19
2016.05.15 22:34:27.360,0.78792,0.78807,1.25,2.06
2016.05.15 22:34:27.412,0.78792,0.78807,1.19,1.25
2016.05.15 22:34:27.718,0.78793,0.78811,1.25,1.69
2016.05.15 22:34:27.973,0.78793,0.7881,1.19,1.56
2016.05.15 22:34:28.076,0.78792,0.78809,1.12,1.19
2016.05.15 22:34:28.619,0.78791,0.78808,1.31,1.31
2016.05.15 22:34:37.280,0.78792,0.78809,1.00,2.44
2016.05.15 22:34:41.381,0.78791,0.7881,1.69,2.06
2016.05.15 22:34:50.763,0.78793,0.78811,1.25,2.44
2016.05.15 22:34:51.274,0.78794,0.7881,1.00,2.44
2016.05.15 22:34:51.782,0.78794,0.7881,1.00,2.44
2016.05.15 22:34:57.341,0.78794,0.78811,1.25,3.94
2016.05.15 22:34:57.545,0.78794,0.78811,1.69,1.25
2016.05.15 22:34:58.053,0.78796,0.78812,1.00,1.56
2016.05.15 22:35:04.022,0.78795,0.7881,2.06,1.00
2016.05.15 22:35:04.639,0.78798,0.78812,1.00,1.12
2016.05.15 22:35:15.009,0.78799,0.78814,1.00,1.31
2016.05.15 22:35:15.060,0.78799,0.78815,1.25,1.69
2016.05.15 22:35:15.570,0.78799,0.78815,1.69,1.25
2016.05.15 22:35:16.163,0.78799,0.78815,2.44,1.00
2016.05.15 22:35:17.035,0.788,0.78817,1.31,2.06
2016.05.15 22:35:18.819,0.78799,0.78815,1.69,1.00
2016.05.15 22:35:19.126,0.78797,0.78812,1.00,1.19
2016.05.15 22:35:19.662,0.78797,0.78813,1.00,1.12
2016.05.15 22:35:19.713,0.788,0.78816,1.00,3.19
2016.05.15 22:35:20.121,0.788,0.78816,3.19,1.12
2016.05.15 22:35:20.629,0.78801,0.78818,1.12,2.44
2016.05.15 22:35:22.781,0.78801,0.78818,1.00,2.44
2016.05.15 22:35:23.393,0.78801,0.78817,1.00,1.50
2016.05.15 22:35:23.898,0.78802,0.78819,1.00,2.44
2016.05.15 22:35:31.854,0.78801,0.78817,1.12,1.00
2016.05.15 22:35:31.906,0.788,0.78817,2.81,2.06
2016.05.15 22:35:38.030,0.78801,0.78817,1.00,1.69
2016.05.15 22:35:49.726,0.78802,0.78818,1.00,1.69
2016.05.15 22:35:59.166,0.78801,0.78818,1.00,3.19
2016.05.15 22:36:00.422,0.78801,0.78817,1.00,1.94
2016.05.15 22:36:00.930,0.78799,0.78816,1.69,2.44
2016.05.15 22:36:01.237,0.78799,0.78816,1.00,3.19
2016.05.15 22:36:01.801,0.78797,0.78814,2.81,2.06
2016.05.15 22:36:01.954,0.78795,0.78812,2.44,1.19
2016.05.15 22:36:02.209,0.78794,0.7881,1.31,1.62
2016.05.15 22:36:02.724,0.78792,0.78809,2.44,2.06
2016.05.15 22:36:02.827,0.78792,0.78807,1.31,1.31
2016.05.15 22:36:03.335,0.78793,0.78808,1.37,1.12
2016.05.15 22:36:03.898,0.78793,0.78809,1.62,1.56
2016.05.15 22:36:04.204,0.78792,0.78806,1.00,1.19
2016.05.15 22:36:04.357,0.78789,0.78806,1.87,2.06
2016.05.15 22:36:04.510,0.78791,0.78807,1.00,2.44
2016.05.15 22:36:05.053,0.7879,0.78806,1.00,2.06
2016.05.15 22:36:06.520,0.7879,0.78806,1.69,1.69
2016.05.15 22:36:07.030,0.78791,0.78807,1.50,1.00
2016.05.15 22:36:07.408,0.78791,0.78807,1.69,1.69
2016.05.15 22:36:10.815,0.78792,0.78807,1.00,3.19
2016.05.15 22:36:10.919,0.78792,0.78807,1.00,1.50
2016.05.15 22:36:17.275,0.78792,0.78808,2.25,1.25
2016.05.15 22:36:17.822,0.78792,0.78809,1.12,1.69
2016.05.15 22:36:17.924,0.78795,0.78809,1.00,1.19
2016.05.15 22:36:18.432,0.78794,0.7881,1.00,1.69
2016.05.15 22:36:20.149,0.78795,0.78811,1.00,1.69
2016.05.15 22:36:25.879,0.78798,0.78811,1.00,1.19
2016.05.15 22:36:25.981,0.78798,0.78812,1.00,1.00
2016.05.15 22:36:26.251,0.788,0.78812,1.00,1.00
2016.05.15 22:36:29.134,0.78801,0.78814,1.00,1.19
2016.05.15 22:36:29.236,0.78801,0.78815,1.50,1.25
2016.05.15 22:36:29.339,0.78803,0.78817,1.00,1.94
2016.05.15 22:36:29.441,0.78803,0.78817,1.00,1.25
2016.05.15 22:36:29.969,0.78803,0.78819,1.00,1.94
2016.05.15 22:36:31.813,0.78801,0.78817,2.25,1.69
2016.05.15 22:36:31.966,0.78801,0.78816,1.50,1.25
2016.05.15 22:36:39.137,0.78802,0.78819,1.00,3.94
2016.05.15 22:36:39.644,0.78803,0.78817,1.00,1.25
2016.05.15 22:36:40.152,0.78803,0.7882,1.00,2.44
2016.05.15 22:36:48.528,0.78803,0.78818,1.00,1.69
2016.05.15 22:36:54.821,0.78805,0.78818,1.00,1.94
2016.05.15 22:37:01.984,0.78802,0.78818,1.12,1.56
2016.05.15 22:37:02.491,0.78802,0.78817,1.00,1.69
2016.05.15 22:37:03.024,0.788,0.78816,1.19,1.94
2016.05.15 22:37:04.966,0.78801,0.78814,1.69,1.25
2016.05.15 22:37:05.170,0.78801,0.78818,1.69,2.44
2016.05.15 22:37:05.678,0.78803,0.7882,1.50,3.19
2016.05.15 22:37:07.483,0.78803,0.7882,1.50,2.44
2016.05.15 22:37:14.244,0.78802,0.78819,1.69,1.31
2016.05.15 22:37:14.831,0.78802,0.78819,1.50,2.06
2016.05.15 22:37:15.086,0.78801,0.78817,1.00,2.06
2016.05.15 22:37:15.607,0.78798,0.78816,3.94,1.31
2016.05.15 22:37:15.912,0.78798,0.78812,2.44,1.00
2016.05.15 22:37:15.963,0.78798,0.78812,1.50,1.19
2016.05.15 22:37:16.065,0.78798,0.78811,1.00,1.19
2016.05.15 22:37:16.116,0.78796,0.78811,1.25,1.19
2016.05.15 22:37:21.347,0.78797,0.78812,1.00,1.69
2016.05.15 22:37:21.552,0.78794,0.78811,1.19,1.00
2016.05.15 22:37:22.062,0.78794,0.78811,1.25,1.69
2016.05.15 22:37:25.305,0.78794,0.78809,1.25,1.00
2016.05.15 22:37:25.814,0.78793,0.78809,1.00,1.00
2016.05.15 22:37:27.144,0.78793,0.78808,1.00,1.00
2016.05.15 22:37:27.551,0.78793,0.7881,1.00,1.69
2016.05.15 22:37:29.479,0.78794,0.7881,1.00,1.50
2016.05.15 22:37:33.489,0.78792,0.7881,2.06,1.87
2016.05.15 22:37:33.591,0.78792,0.78808,1.87,1.00
2016.05.15 22:37:34.295,0.78792,0.7881,1.50,1.69
2016.05.15 22:37:34.397,0.78794,0.78809,1.00,1.00
2016.05.15 22:37:34.935,0.78794,0.78811,1.25,1.19
2016.05.15 22:37:35.088,0.78795,0.78812,1.25,1.00
2016.05.15 22:37:39.870,0.78795,0.78811,1.69,1.00
2016.05.15 22:37:40.371,0.78795,0.78812,1.69,1.00
2016.05.15 22:37:40.921,0.78795,0.78811,1.69,1.00
2016.05.15 22:37:41.879,0.78795,0.78812,1.69,1.50
2016.05.15 22:37:46.549,0.78797,0.78812,1.00,1.50
2016.05.15 22:37:51.645,0.78796,0.78813,1.50,1.25
2016.05.15 22:37:53.914,0.78796,0.78812,1.00,1.00
2016.05.15 22:37:55.006,0.78796,0.78813,1.00,1.25
2016.05.15 22:37:55.762,0.78798,0.78813,1.00,1.25
2016.05.15 22:37:56.026,0.78795,0.78812,2.44,1.00
2016.05.15 22:37:56.129,0.78796,0.7881,1.00,1.00
2016.05.15 22:37:56.638,0.78795,0.7881,1.50,1.50
2016.05.15 22:37:57.541,0.78794,0.78809,1.00,1.00
2016.05.15 22:37:57.847,0.78792,0.78808,1.50,1.00
2016.05.15 22:38:01.102,0.78793,0.78808,1.00,1.00
2016.05.15 22:38:01.509,0.78795,0.7881,1.00,1.19
2016.05.15 22:38:01.713,0.78795,0.78812,1.00,2.06
2016.05.15 22:38:03.487,0.78796,0.78813,1.00,1.56
2016.05.15 22:38:15.925,0.78797,0.78813,1.00,1.31
2016.05.15 22:38:25.799,0.78797,0.78813,1.00,1.69
2016.05.15 22:38:31.844,0.78795,0.78811,1.00,4.69
2016.05.15 22:38:32.353,0.78796,0.78811,1.00,1.19
2016.05.15 22:38:33.407,0.788,0.78811,1.00,1.19
2016.05.15 22:38:33.539,0.788,0.78814,1.00,3.19
2016.05.15 22:38:33.641,0.78799,0.78816,1.00,3.26
2016.05.15 22:38:34.150,0.788,0.78816,1.25,1.50
2016.05.15 22:38:35.140,0.788,0.78816,1.00,1.69
2016.05.15 22:38:46.059,0.78799,0.78816,1.00,1.31
2016.05.15 22:38:47.743,0.78798,0.78813,1.00,1.00
2016.05.15 22:38:47.795,0.78797,0.7881,1.00,1.00
2016.05.15 22:38:48.049,0.78795,0.78811,1.25,1.31
2016.05.15 22:38:48.253,0.78796,0.78812,2.44,1.25
2016.05.15 22:38:48.788,0.78798,0.78814,1.00,1.19
2016.05.15 22:38:49.300,0.78797,0.78814,2.44,1.19
2016.05.15 22:39:31.838,0.78796,0.78811,2.25,1.19
2016.05.15 22:39:32.376,0.78793,0.78811,3.19,1.31
2016.05.15 22:39:33.718,0.78797,0.78812,1.00,1.12
2016.05.15 22:39:34.244,0.78798,0.78813,1.00,1.00
2016.05.15 22:39:39.770,0.78798,0.78814,1.00,1.25
2016.05.15 22:39:40.075,0.78796,0.78811,1.69,1.00
2016.05.15 22:39:40.430,0.78794,0.78811,2.44,1.19
2016.05.15 22:39:40.964,0.78793,0.7881,3.19,1.19
2016.05.15 22:39:41.888,0.78795,0.7881,1.00,1.31
2016.05.15 22:39:41.939,0.78795,0.78812,2.44,2.81
2016.05.15 22:39:42.295,0.78798,0.78815,1.25,1.31
2016.05.15 22:40:00.487,0.78797,0.7881,1.19,1.00
2016.05.15 22:40:00.589,0.78796,0.78809,1.00,1.00
2016.05.15 22:40:01.097,0.78792,0.78809,2.44,1.19
2016.05.15 22:40:01.847,0.78792,0.78807,1.69,1.00
2016.05.15 22:40:02.102,0.78791,0.78807,1.25,1.19
2016.05.15 22:40:02.611,0.78791,0.78805,1.25,1.00
2016.05.15 22:40:07.182,0.78791,0.78806,1.69,1.25
2016.05.15 22:40:07.376,0.78792,0.78806,3.19,1.00
2016.05.15 22:40:07.900,0.78794,0.7881,1.25,1.69
2016.05.15 22:40:08.474,0.78794,0.78811,1.69,1.00
2016.05.15 22:40:08.526,0.78798,0.78813,1.00,1.50
2016.05.15 22:40:08.807,0.78799,0.78816,1.00,1.31
2016.05.15 22:40:08.909,0.78801,0.78816,1.00,1.12
2016.05.15 22:40:09.417,0.788,0.78816,1.25,1.00
2016.05.15 22:40:10.156,0.788,0.78817,2.44,1.00
2016.05.15 22:40:13.218,0.78801,0.78817,1.00,1.00
2016.05.15 22:40:14.122,0.788,0.78817,3.19,1.12
2016.05.15 22:40:16.495,0.78801,0.78817,1.00,1.00
2016.05.15 22:40:17.005,0.788,0.78817,1.69,1.00
2016.05.15 22:40:17.796,0.78801,0.78817,1.00,1.00
2016.05.15 22:40:18.447,0.788,0.78817,1.69,1.00
2016.05.15 22:40:20.813,0.78801,0.78817,1.00,1.00
2016.05.15 22:40:21.119,0.78801,0.78817,2.44,1.19
2016.05.15 22:40:21.351,0.78801,0.78817,1.00,1.19
2016.05.15 22:40:21.555,0.78801,0.78818,1.19,1.25
2016.05.15 22:40:22.617,0.78803,0.78818,1.00,1.25
2016.05.15 22:40:23.716,0.78802,0.78818,1.25,1.25
2016.05.15 22:40:24.218,0.78803,0.78818,1.00,1.25
2016.05.15 22:40:24.719,0.78802,0.78818,1.00,1.00
2016.05.15 22:40:25.822,0.78803,0.78818,1.00,1.00
2016.05.15 22:40:26.356,0.78802,0.78818,1.00,1.00
2016.05.15 22:40:27.116,0.78803,0.78818,1.00,1.00
2016.05.15 22:40:27.620,0.78802,0.78818,1.00,1.00
2016.05.15 22:40:28.734,0.78803,0.78818,1.00,1.00
2016.05.15 22:40:29.322,0.78802,0.78818,1.00,1.00
2016.05.15 22:40:29.834,0.78803,0.78818,1.00,1.00
2016.05.15 22:40:30.385,0.78802,0.78818,1.00,1.00
2016.05.15 22:40:31.828,0.78802,0.7882,1.50,1.25
2016.05.15 22:40:31.879,0.78802,0.7882,2.44,1.19
2016.05.15 22:40:32.405,0.78805,0.7882,1.00,1.19
2016.05.15 22:40:32.934,0.78802,0.7882,3.94,1.19
2016.05.15 22:40:34.965,0.78805,0.78823,1.69,1.87
2016.05.15 22:40:35.067,0.78808,0.78823,1.00,1.00
2016.05.15 22:40:35.651,0.78809,0.78823,1.00,1.00
2016.05.15 22:40:36.159,0.78808,0.78823,3.00,1.00
2016.05.15 22:40:41.998,0.78808,0.78825,2.25,1.25
2016.05.15 22:40:42.548,0.78809,0.78825,1.25,1.19
2016.05.15 22:40:45.138,0.7881,0.78825,1.00,1.19
2016.05.15 22:40:45.755,0.78809,0.78825,1.25,1.19
2016.05.15 22:40:51.705,0.78808,0.78822,1.69,1.00
2016.05.15 22:40:52.246,0.78808,0.78822,1.00,1.25
2016.05.15 22:40:53.127,0.78806,0.78822,1.00,1.25
2016.05.15 22:40:53.229,0.78804,0.78821,3.19,1.00
2016.05.15 22:40:54.707,0.78805,0.78821,1.00,1.00
2016.05.15 22:40:55.208,0.78804,0.78821,3.19,1.00
2016.05.15 22:40:56.280,0.78804,0.7882,1.69,1.00
2016.05.15 22:40:56.800,0.78802,0.7882,3.19,1.19
2016.05.15 22:41:00.383,0.78802,0.78819,2.44,1.19
2016.05.15 22:41:00.968,0.78806,0.78819,1.00,1.19
2016.05.15 22:41:01.273,0.78812,0.78824,1.00,3.19
2016.05.15 22:41:01.376,0.78812,0.78824,1.00,1.31
2016.05.15 22:41:01.797,0.7881,0.78825,1.00,1.19
2016.05.15 22:41:02.051,0.78809,0.78822,1.00,1.19
2016.05.15 22:41:06.801,0.78808,0.78822,1.00,1.19
2016.05.15 22:41:09.094,0.78809,0.78824,1.00,1.31
2016.05.15 22:41:09.197,0.78809,0.78825,1.00,2.44
2016.05.15 22:41:09.400,0.78811,0.78825,1.00,1.31
2016.05.15 22:41:11.204,0.78814,0.78825,1.00,1.19
2016.05.15 22:41:11.746,0.78814,0.78826,1.00,1.50
2016.05.15 22:41:14.038,0.78815,0.78826,1.00,1.50
2016.05.15 22:41:23.386,0.78815,0.78826,1.00,1.56
2016.05.15 22:41:23.717,0.78813,0.78825,1.00,1.31
2016.05.15 22:41:24.744,0.78814,0.78827,1.00,3.19
2016.05.15 22:41:24.923,0.78814,0.78828,1.00,1.31
2016.05.15 22:41:25.077,0.78817,0.78829,1.00,1.69
2016.05.15 22:41:25.614,0.78817,0.78828,1.00,1.25
2016.05.15 22:41:27.805,0.78817,0.78828,1.00,1.19
2016.05.15 22:41:27.856,0.78815,0.78828,1.00,1.19
2016.05.15 22:41:28.410,0.78814,0.78827,1.00,1.19
2016.05.15 22:41:28.781,0.78816,0.78827,1.00,1.19
2016.05.15 22:41:28.883,0.78816,0.78829,1.00,1.69
2016.05.15 22:41:29.385,0.78816,0.78829,1.00,1.31
2016.05.15 22:41:29.926,0.78816,0.78829,1.69,1.12
2016.05.15 22:41:33.637,0.78818,0.78829,1.00,1.00
2016.05.15 22:41:33.690,0.78818,0.78832,1.00,3.00
2016.05.15 22:41:33.742,0.78819,0.78832,1.19,1.87
2016.05.15 22:41:34.583,0.78818,0.78833,1.25,1.50
2016.05.15 22:41:34.686,0.78818,0.78833,1.69,2.25
2016.05.15 22:41:35.057,0.78818,0.78833,1.25,1.75
2016.05.15 22:41:35.260,0.78818,0.78833,1.25,1.87
2016.05.15 22:41:35.566,0.78818,0.78832,1.25,2.25
2016.05.15 22:41:35.804,0.78814,0.78829,1.25,1.12
2016.05.15 22:41:35.906,0.78812,0.78828,1.00,2.44
2016.05.15 22:41:39.452,0.78813,0.78828,1.19,1.87
2016.05.15 22:41:40.792,0.78814,0.78826,1.25,1.00
2016.05.15 22:41:41.756,0.78814,0.78827,1.25,1.00
2016.05.15 22:41:43.889,0.78814,0.78826,1.25,1.00
2016.05.15 22:41:46.276,0.78812,0.78825,1.25,1.00
2016.05.15 22:41:47.064,0.78812,0.78827,1.25,2.25
2016.05.15 22:41:47.632,0.78813,0.78826,1.00,1.12
2016.05.15 22:41:47.887,0.78813,0.78826,1.00,1.19
2016.05.15 22:41:48.395,0.78812,0.78826,1.00,2.06
2016.05.15 22:41:59.218,0.78812,0.78829,1.50,3.94
2016.05.15 22:42:01.796,0.78814,0.78829,1.50,2.06
2016.05.15 22:42:02.101,0.78818,0.7883,1.00,2.44
2016.05.15 22:42:02.625,0.78818,0.7883,1.00,1.69
2016.05.15 22:42:07.591,0.78817,0.78833,1.00,3.34
2016.05.15 22:42:15.868,0.78819,0.78833,1.00,1.94
2016.05.15 22:42:16.700,0.78822,0.78833,1.00,2.44
2016.05.15 22:42:16.854,0.78824,0.78836,1.00,1.94
2016.05.15 22:42:17.387,0.78824,0.78837,1.00,1.69
2016.05.15 22:42:17.439,0.78821,0.78837,1.25,3.19
2016.05.15 22:42:17.949,0.78822,0.78837,1.00,1.94
2016.05.15 22:42:20.077,0.78822,0.78837,1.50,1.94
2016.05.15 22:42:20.586,0.78822,0.78834,1.00,1.25
2016.05.15 22:42:25.972,0.78825,0.78837,1.00,1.94
2016.05.15 22:42:26.125,0.78826,0.7884,1.00,1.94
2016.05.15 22:42:26.278,0.78826,0.78841,1.00,1.94
2016.05.15 22:42:27.370,0.78827,0.78842,1.00,2.44
2016.05.15 22:42:27.883,0.78826,0.78842,1.50,2.44
2016.05.15 22:42:31.303,0.78828,0.78842,1.00,2.44
2016.05.15 22:42:36.709,0.78827,0.78842,1.00,2.44
2016.05.15 22:42:42.527,0.78827,0.78842,1.00,2.44
2016.05.15 22:42:55.775,0.78827,0.7884,1.00,1.19
2016.05.15 22:43:01.104,0.78829,0.78841,1.00,1.56
2016.05.15 22:43:01.206,0.78829,0.78842,1.00,1.25
2016.05.15 22:43:01.308,0.78829,0.78843,1.00,1.69
2016.05.15 22:43:04.399,0.7883,0.78843,1.00,1.19
2016.05.15 22:43:04.502,0.78828,0.78844,1.50,2.00
2016.05.15 22:43:05.162,0.78828,0.78843,1.50,1.75
2016.05.15 22:43:09.891,0.78827,0.78843,1.50,1.50
2016.05.15 22:43:13.591,0.78828,0.78842,1.00,1.37
2016.05.15 22:43:14.770,0.78827,0.78842,1.00,1.50
2016.05.15 22:43:20.473,0.78828,0.78841,1.00,1.12
2016.05.15 22:43:21.677,0.78828,0.78842,1.00,1.50
2016.05.15 22:43:22.185,0.78828,0.78841,1.00,1.12
2016.05.15 22:43:24.581,0.78828,0.78842,1.00,1.69
2016.05.15 22:43:25.105,0.78828,0.78841,1.00,1.69
2016.05.15 22:43:27.190,0.78829,0.7884,1.00,1.19
2016.05.15 22:43:32.509,0.78828,0.78841,1.00,1.69
2016.05.15 22:43:38.524,0.78827,0.78841,1.00,2.81
2016.05.15 22:43:39.349,0.78825,0.78839,1.50,2.06
2016.05.15 22:43:51.722,0.78824,0.78838,1.50,1.19
2016.05.15 22:43:56.884,0.78824,0.78838,1.50,1.25
2016.05.15 22:43:57.901,0.78824,0.78837,1.50,1.00
2016.05.15 22:43:58.833,0.78824,0.78838,1.50,1.31
2016.05.15 22:44:01.037,0.78824,0.78838,1.00,1.39
2016.05.15 22:44:01.546,0.78825,0.78838,1.00,1.76
2016.05.15 22:44:02.081,0.78825,0.78838,1.00,2.51
2016.05.15 22:44:07.920,0.78826,0.78837,1.00,1.69
2016.05.15 22:44:09.528,0.78826,0.78839,1.00,2.06
2016.05.15 22:44:13.042,0.78828,0.78839,1.00,1.31
2016.05.15 22:44:13.144,0.78826,0.78839,1.00,1.69
2016.05.15 22:44:13.658,0.78828,0.7884,1.00,1.25
2016.05.15 22:44:14.065,0.7883,0.78842,1.00,2.06
2016.05.15 22:44:14.570,0.7883,0.78842,1.00,1.31
2016.05.15 22:44:16.547,0.7883,0.78844,1.00,2.44
2016.05.15 22:44:19.605,0.78829,0.78844,1.00,2.44
2016.05.15 22:44:21.842,0.78829,0.78842,1.00,1.50
2016.05.15 22:44:22.359,0.78828,0.78843,1.50,2.44
2016.05.15 22:44:29.825,0.78828,0.78843,1.00,2.44
2016.05.15 22:44:30.294,0.78829,0.78843,1.19,1.69
2016.05.15 22:44:30.764,0.78829,0.78845,1.12,1.50
2016.05.15 22:44:31.620,0.78831,0.78845,1.00,1.50
2016.05.15 22:44:38.306,0.78832,0.78846,1.00,1.37
2016.05.15 22:44:47.800,0.7883,0.78845,2.81,2.06
2016.05.15 22:44:49.931,0.78829,0.78844,1.69,2.06
2016.05.15 22:44:50.237,0.78827,0.78841,2.44,1.50
2016.05.15 22:45:01.797,0.78828,0.7884,1.00,1.19
2016.05.15 22:45:18.074,0.78827,0.7884,2.81,1.19
2016.05.15 22:45:19.283,0.78828,0.7884,1.00,1.19
2016.05.15 22:45:19.846,0.78828,0.78839,1.25,1.19
2016.05.15 22:45:20.064,0.78828,0.78841,1.00,1.00
2016.05.15 22:45:25.043,0.78828,0.78842,1.00,1.25
2016.05.15 22:45:29.269,0.78827,0.78842,2.06,1.25
2016.05.15 22:45:31.273,0.78828,0.78842,1.00,1.69
2016.05.15 22:45:32.278,0.78828,0.78842,1.37,2.06
2016.05.15 22:45:36.944,0.78828,0.78842,1.00,1.62
2016.05.15 22:45:37.451,0.78827,0.78841,1.69,1.69
2016.05.15 22:45:54.784,0.78828,0.7884,1.69,1.19
2016.05.15 22:46:06.369,0.78828,0.78841,1.50,1.00
2016.05.15 22:46:07.478,0.78828,0.78841,1.25,2.44
2016.05.15 22:46:18.914,0.78828,0.78842,1.50,1.50
2016.05.15 22:46:19.464,0.78829,0.78844,1.00,1.19
2016.05.15 22:46:19.973,0.7883,0.78844,1.00,1.19
2016.05.15 22:46:29.339,0.7883,0.78844,1.00,1.56
2016.05.15 22:46:35.837,0.7883,0.78844,1.00,1.69
2016.05.15 22:46:36.351,0.7883,0.78842,1.00,1.00
2016.05.15 22:46:38.541,0.78829,0.78842,1.00,1.31
2016.05.15 22:46:38.592,0.78829,0.78841,1.00,1.19
2016.05.15 22:46:39.108,0.78828,0.78841,1.25,1.19
2016.05.15 22:46:39.261,0.78829,0.78842,1.00,1.12
2016.05.15 22:46:48.972,0.78829,0.78843,1.12,1.31
2016.05.15 22:47:10.835,0.78829,0.78843,2.25,1.19
2016.05.15 22:47:12.913,0.78829,0.7884,1.50,1.00
2016.05.15 22:47:30.175,0.7883,0.78843,1.00,2.44
2016.05.15 22:47:33.278,0.78828,0.78842,2.06,2.81
2016.05.15 22:47:34.831,0.78828,0.7884,1.50,1.19
2016.05.15 22:47:36.228,0.78827,0.7884,2.44,2.06
2016.05.15 22:47:36.482,0.78827,0.78841,3.19,1.50
2016.05.15 22:47:37.390,0.78828,0.78841,1.00,1.12
2016.05.15 22:47:38.911,0.78827,0.78841,3.19,1.12
2016.05.15 22:47:40.806,0.78828,0.78843,1.00,3.94
2016.05.15 22:47:41.314,0.78828,0.78843,3.19,1.50
2016.05.15 22:47:43.877,0.78829,0.78841,1.00,1.19
2016.05.15 22:47:44.131,0.78827,0.78839,1.00,2.44
2016.05.15 22:47:44.233,0.78825,0.78838,2.25,1.37
2016.05.15 22:47:44.438,0.78824,0.78835,1.00,1.50
2016.05.15 22:47:44.793,0.78822,0.78835,1.25,1.00
2016.05.15 22:47:45.955,0.78825,0.78837,1.00,3.19
2016.05.15 22:47:46.006,0.78823,0.78837,1.00,3.19
2016.05.15 22:47:46.515,0.78823,0.78836,1.00,1.62
2016.05.15 22:47:47.819,0.78824,0.78837,1.00,3.19
2016.05.15 22:47:48.225,0.78822,0.78836,1.25,2.44
2016.05.15 22:47:49.233,0.78828,0.78837,1.00,2.44
2016.05.15 22:47:49.335,0.78824,0.78837,1.00,3.19
2016.05.15 22:47:49.539,0.78824,0.78838,1.87,2.06
2016.05.15 22:47:51.129,0.78824,0.78837,1.50,1.00
2016.05.15 22:47:51.231,0.78826,0.78838,1.00,2.06
2016.05.15 22:47:51.758,0.78825,0.7884,1.00,2.81
2016.05.15 22:47:52.883,0.78828,0.7884,1.00,2.06
2016.05.15 22:47:53.036,0.78825,0.7884,1.25,1.62
2016.05.15 22:47:53.564,0.78826,0.78841,1.00,3.19
2016.05.15 22:47:54.089,0.78826,0.78839,1.00,1.50
2016.05.15 22:47:54.581,0.78829,0.78839,1.00,1.50
2016.05.15 22:47:54.632,0.78826,0.78839,1.00,1.50
2016.05.15 22:47:54.889,0.78826,0.7884,1.00,1.31
2016.05.15 22:47:55.441,0.78826,0.7884,1.00,2.44
2016.05.15 22:47:57.767,0.78828,0.7884,1.00,1.69
2016.05.15 22:47:57.920,0.78828,0.78842,1.00,3.00
2016.05.15 22:47:58.124,0.78828,0.78843,1.19,2.25
2016.05.15 22:48:00.687,0.7883,0.78843,1.00,1.12
2016.05.15 22:48:01.199,0.78831,0.78845,1.12,2.81
2016.05.15 22:48:02.431,0.78833,0.78845,1.00,3.19
2016.05.15 22:48:02.635,0.7883,0.78844,1.50,2.44
2016.05.15 22:48:02.737,0.7883,0.78842,1.50,1.37
2016.05.15 22:48:06.754,0.78829,0.78842,1.00,1.87
2016.05.15 22:48:07.671,0.78829,0.78843,1.25,1.12
2016.05.15 22:48:07.976,0.78832,0.78844,1.00,1.25
2016.05.15 22:48:11.480,0.78833,0.78846,1.00,1.69
2016.05.15 22:48:11.583,0.78833,0.78846,1.00,1.87
2016.05.15 22:48:16.695,0.78832,0.78846,3.94,1.50
2016.05.15 22:48:18.842,0.78835,0.78847,1.19,2.25
2016.05.15 22:48:20.654,0.78835,0.78846,1.19,1.50
2016.05.15 22:48:21.167,0.78835,0.78844,1.19,1.00
2016.05.15 22:48:28.438,0.78833,0.78844,1.19,1.12
2016.05.15 22:48:34.022,0.78835,0.78845,1.19,1.50
2016.05.15 22:48:34.176,0.78835,0.78848,1.19,3.00
2016.05.15 22:48:34.717,0.78835,0.78845,1.19,1.50
2016.05.15 22:48:37.440,0.78835,0.78846,1.19,3.00
2016.05.15 22:48:37.674,0.78833,0.78845,1.19,1.50
2016.05.15 22:48:37.930,0.78832,0.78842,1.19,1.50
2016.05.15 22:48:38.235,0.78829,0.78841,1.19,2.25
2016.05.15 22:48:38.928,0.78829,0.78841,1.19,2.25
2016.05.15 22:48:40.696,0.78829,0.78841,1.19,1.87
2016.05.15 22:48:41.645,0.78829,0.78841,1.19,1.12
2016.05.15 22:48:42.001,0.7883,0.78842,1.19,1.00
2016.05.15 22:48:42.510,0.7883,0.78844,1.69,3.00
2016.05.15 22:48:44.275,0.7883,0.78844,1.19,3.00
2016.05.15 22:48:47.555,0.7883,0.78842,1.19,1.00
2016.05.15 22:48:48.073,0.7883,0.78843,1.19,2.25
2016.05.15 22:48:48.781,0.78831,0.78843,1.19,1.12
2016.05.15 22:48:49.339,0.78831,0.78844,1.19,1.00
2016.05.15 22:48:49.910,0.78831,0.78845,1.19,1.87
2016.05.15 22:48:51.500,0.78831,0.78844,1.69,1.00
2016.05.15 22:48:51.869,0.78833,0.78845,1.19,1.00
2016.05.15 22:48:53.831,0.78833,0.78846,1.19,3.00
2016.05.15 22:48:55.877,0.78833,0.78844,1.69,1.00
2016.05.15 22:48:56.383,0.78833,0.78845,1.69,1.00
2016.05.15 22:48:58.422,0.78833,0.78844,1.69,1.00
2016.05.15 22:48:59.178,0.78833,0.78845,1.69,1.12
2016.05.15 22:49:01.494,0.78833,0.78845,1.19,1.37
2016.05.15 22:49:02.484,0.78833,0.78845,1.19,2.25
2016.05.15 22:49:02.636,0.78831,0.78845,1.69,1.12
2016.05.15 22:49:03.148,0.78831,0.78844,1.69,1.50
2016.05.15 22:49:04.277,0.78832,0.78845,1.69,1.50
2016.05.15 22:49:04.328,0.78833,0.78847,1.19,1.75
2016.05.15 22:49:04.634,0.78835,0.78848,1.19,3.00
2016.05.15 22:49:17.898,0.78835,0.78847,1.19,1.50
2016.05.15 22:49:35.887,0.78835,0.78848,1.69,1.12
2016.05.15 22:49:36.843,0.78835,0.78847,1.69,1.50
2016.05.15 22:49:37.379,0.78835,0.78846,1.19,1.50
2016.05.15 22:49:37.909,0.78836,0.78847,1.19,2.25
2016.05.15 22:49:38.825,0.78836,0.78847,1.19,2.25
2016.05.15 22:49:40.820,0.78835,0.78847,1.19,1.37
2016.05.15 22:49:44.672,0.78833,0.78846,1.69,1.00
2016.05.15 22:49:49.263,0.78833,0.78845,1.19,1.00
2016.05.15 22:49:49.967,0.78833,0.78846,1.19,1.87
2016.05.15 22:49:50.476,0.78833,0.78845,1.19,1.12
2016.05.15 22:50:01.832,0.78835,0.78847,1.19,1.12
2016.05.15 22:50:07.033,0.78835,0.78848,1.19,1.12
2016.05.15 22:50:30.446,0.78835,0.78848,1.19,1.75
2016.05.15 22:50:30.650,0.78835,0.78848,1.19,1.87
2016.05.15 22:50:35.677,0.78835,0.78847,1.19,1.00
2016.05.15 22:50:38.082,0.78835,0.78849,1.69,2.25
2016.05.15 22:50:39.592,0.78835,0.78849,1.19,2.62
2016.05.15 22:50:39.796,0.78835,0.78846,1.19,1.00
2016.05.15 22:50:40.868,0.78836,0.78846,1.19,1.00
2016.05.15 22:50:42.030,0.78836,0.78847,1.19,1.00
2016.05.15 22:50:42.090,0.78836,0.78849,1.19,1.12
2016.05.15 22:50:43.769,0.78837,0.7885,1.69,1.12
2016.05.15 22:50:46.301,0.78837,0.78851,1.69,1.50
2016.05.15 22:50:47.069,0.78837,0.7885,1.69,1.00
2016.05.15 22:50:47.612,0.78837,0.78851,1.69,1.50
2016.05.15 22:50:48.218,0.78837,0.7885,1.69,1.00
2016.05.15 22:50:48.784,0.78837,0.78851,1.69,1.50
2016.05.15 22:50:50.401,0.78837,0.78849,1.19,1.00
2016.05.15 22:50:50.934,0.78836,0.78849,1.19,3.00
2016.05.15 22:50:51.690,0.78836,0.78849,1.19,1.87
2016.05.15 22:50:51.893,0.78833,0.78848,3.19,2.25
2016.05.15 22:50:54.381,0.78833,0.78846,1.19,1.00
2016.05.15 22:50:54.938,0.78833,0.78845,1.69,1.00
2016.05.15 22:50:56.389,0.78836,0.78845,1.19,1.00
2016.05.15 22:50:56.898,0.78836,0.78847,1.19,1.50
2016.05.15 22:50:57.927,0.78833,0.78847,1.19,1.50
2016.05.15 22:51:00.253,0.78836,0.78846,1.19,1.50
2016.05.15 22:51:02.239,0.78835,0.78846,1.00,1.12
2016.05.15 22:51:02.544,0.78831,0.78844,1.19,1.12
2016.05.15 22:51:04.315,0.78832,0.78843,1.25,1.00
2016.05.15 22:51:04.417,0.78833,0.78844,1.19,1.12
2016.05.15 22:51:04.647,0.78831,0.78843,1.19,1.00
2016.05.15 22:51:05.170,0.78831,0.78844,1.19,1.87
2016.05.15 22:51:06.189,0.78833,0.78845,1.69,2.62
2016.05.15 22:51:06.625,0.78831,0.78845,1.69,1.12
2016.05.15 22:51:07.134,0.78831,0.78844,1.69,1.00
2016.05.15 22:51:07.185,0.78833,0.78844,1.69,1.00
2016.05.15 22:51:07.721,0.78833,0.78846,1.69,1.50
2016.05.15 22:51:13.164,0.78834,0.78846,1.25,1.00
2016.05.15 22:51:13.768,0.78835,0.78846,1.19,1.00
2016.05.15 22:51:14.300,0.78835,0.78848,1.19,3.75
2016.05.15 22:51:31.836,0.78836,0.78848,1.19,3.00
2016.05.15 22:51:32.688,0.78834,0.78847,1.19,2.62
2016.05.15 22:51:33.196,0.78834,0.78846,1.19,1.50
2016.05.15 22:51:35.552,0.78833,0.78846,1.00,1.00
2016.05.15 22:51:35.857,0.78831,0.78843,1.31,1.00
2016.05.15 22:51:38.668,0.78831,0.78842,1.19,1.00
2016.05.15 22:51:39.174,0.78831,0.78843,1.19,1.50
2016.05.15 22:51:39.694,0.78829,0.78843,2.44,1.50
2016.05.15 22:51:40.219,0.78831,0.78843,1.19,1.50
2016.05.15 22:51:42.028,0.78828,0.78841,1.69,2.25
2016.05.15 22:51:42.183,0.78829,0.78839,1.19,1.00
2016.05.15 22:51:42.285,0.78829,0.78841,1.19,1.00
2016.05.15 22:51:42.793,0.78829,0.78842,1.19,1.00
2016.05.15 22:51:49.978,0.78829,0.78843,1.69,2.62
2016.05.15 22:51:50.913,0.78829,0.78842,1.69,1.00
2016.05.15 22:51:50.964,0.7883,0.78842,1.19,1.00
2016.05.15 22:51:51.861,0.7883,0.78843,1.19,2.62
2016.05.15 22:51:52.661,0.7883,0.78842,1.19,1.00
2016.05.15 22:51:53.186,0.7883,0.78843,1.19,2.62
2016.05.15 22:51:54.163,0.7883,0.78842,1.19,1.00
2016.05.15 22:51:54.713,0.7883,0.78843,1.19,2.62
2016.05.15 22:51:55.267,0.7883,0.78842,1.19,1.00
2016.05.15 22:51:55.789,0.7883,0.78843,1.19,2.62
2016.05.15 22:51:56.297,0.7883,0.78842,1.19,1.00
2016.05.15 22:51:56.835,0.7883,0.78843,1.19,3.00
2016.05.15 22:52:01.611,0.78831,0.78844,1.19,1.12
2016.05.15 22:52:02.119,0.78831,0.78845,1.69,2.25
2016.05.15 22:52:06.926,0.78833,0.78845,1.19,1.00
2016.05.15 22:52:07.430,0.78833,0.78846,1.19,1.00
2016.05.15 22:52:12.121,0.78834,0.78847,1.69,1.00
2016.05.15 22:52:12.427,0.78836,0.78848,1.19,1.87
2016.05.15 22:52:13.658,0.78836,0.78846,1.19,1.00
2016.05.15 22:52:13.861,0.78836,0.78848,1.19,1.87
2016.05.15 22:52:14.365,0.78836,0.78847,1.19,1.00
2016.05.15 22:52:14.874,0.78836,0.78848,1.19,1.87
2016.05.15 22:52:16.564,0.78836,0.78847,1.19,1.00
2016.05.15 22:52:17.398,0.78836,0.78848,1.19,1.87
2016.05.15 22:52:18.105,0.78836,0.78848,1.19,1.37
2016.05.15 22:52:25.485,0.78836,0.78848,1.69,1.00
2016.05.15 22:52:25.997,0.78836,0.78849,1.69,1.12
2016.05.15 22:52:27.074,0.78836,0.78848,1.19,1.00
2016.05.15 22:52:27.227,0.78836,0.78846,1.19,1.00
2016.05.15 22:52:27.736,0.78836,0.78847,1.19,1.00
2016.05.15 22:52:29.808,0.78835,0.78847,1.19,1.50
2016.05.15 22:52:30.371,0.78835,0.78848,1.19,3.37
2016.05.15 22:52:32.637,0.78833,0.78848,1.25,3.56
2016.05.15 22:52:33.622,0.78834,0.78848,1.00,3.56
2016.05.15 22:52:35.835,0.78832,0.78847,3.75,1.19
2016.05.15 22:52:36.836,0.78832,0.78845,1.00,1.00
2016.05.15 22:52:37.389,0.7883,0.78846,2.44,2.44
2016.05.15 22:52:37.703,0.78833,0.78846,1.00,1.31
2016.05.15 22:52:38.648,0.78834,0.78846,1.00,1.25
2016.05.15 22:52:42.496,0.78834,0.78848,1.00,3.19
2016.05.15 22:52:49.969,0.78834,0.78847,1.00,1.00
2016.05.15 22:52:55.061,0.78835,0.78847,1.00,1.00
2016.05.15 22:52:57.064,0.78833,0.78847,1.69,1.00
2016.05.15 22:52:57.167,0.78833,0.78847,1.00,1.19
2016.05.15 22:53:01.532,0.78832,0.78845,1.69,1.25
2016.05.15 22:53:07.258,0.78833,0.78845,1.00,1.25
2016.05.15 22:53:07.773,0.78831,0.78845,1.69,1.69
2016.05.15 22:53:08.078,0.7883,0.78843,1.00,1.00
2016.05.15 22:53:08.616,0.78829,0.78843,1.69,1.87
2016.05.15 22:53:09.093,0.78831,0.78843,1.00,1.00
2016.05.15 22:53:09.399,0.78832,0.78845,1.00,1.50
2016.05.15 22:53:09.942,0.78832,0.78845,1.00,1.69
2016.05.15 22:53:10.626,0.78832,0.78845,1.00,1.50
2016.05.15 22:53:29.767,0.78832,0.78845,1.50,1.69
2016.05.15 22:53:29.970,0.78832,0.78845,1.50,1.50
2016.05.15 22:53:37.839,0.78833,0.78845,1.00,1.00
2016.05.15 22:53:50.093,0.78833,0.78846,1.00,1.69
2016.05.15 22:54:00.007,0.78832,0.78846,1.50,1.69
2016.05.15 22:54:10.096,0.78832,0.78845,1.50,1.00
2016.05.15 22:54:30.004,0.78832,0.78846,1.50,1.25
2016.05.15 22:54:31.941,0.78833,0.78846,1.00,1.25
2016.05.15 22:54:31.993,0.78838,0.78846,1.00,1.00
2016.05.15 22:54:32.095,0.78836,0.78846,1.00,1.00
2016.05.15 22:54:32.248,0.78835,0.78849,1.69,1.50
2016.05.15 22:54:32.806,0.78835,0.7885,1.00,2.44
2016.05.15 22:54:33.314,0.78835,0.78848,1.00,1.00
2016.05.15 22:54:35.745,0.7884,0.78848,1.00,1.00
2016.05.15 22:54:35.797,0.78838,0.78848,1.00,1.00
2016.05.15 22:54:36.015,0.78839,0.78851,1.00,2.06
2016.05.15 22:54:37.350,0.78839,0.7885,1.00,1.00
2016.05.15 22:54:41.439,0.78838,0.7885,1.00,1.00
2016.05.15 22:54:42.691,0.78837,0.7885,1.00,1.00
2016.05.15 22:54:47.402,0.78838,0.7885,1.00,1.00
2016.05.15 22:54:53.835,0.78836,0.7885,1.25,1.50
2016.05.15 22:54:53.886,0.78836,0.7885,1.00,2.81
2016.05.15 22:54:54.394,0.78835,0.78848,1.25,1.25
2016.05.15 22:54:56.028,0.78835,0.78849,1.34,1.19
2016.05.15 22:54:56.618,0.78835,0.78849,1.69,1.19
2016.05.15 22:54:58.894,0.78836,0.78849,1.00,1.19
2016.05.15 22:55:01.926,0.78838,0.78849,1.00,1.12
2016.05.15 22:55:02.468,0.78838,0.78849,1.09,1.00
2016.05.15 22:55:03.596,0.78835,0.78849,1.71,1.31
2016.05.15 22:55:03.647,0.78835,0.78849,1.71,1.31
2016.05.15 22:55:03.698,0.78835,0.78848,1.25,1.25
2016.05.15 22:55:05.921,0.78835,0.78847,1.25,1.00
2016.05.15 22:55:06.492,0.78835,0.78848,1.25,1.69
2016.05.15 22:55:08.098,0.78835,0.78847,1.25,1.00
2016.05.15 22:55:08.646,0.78835,0.78848,1.25,1.69
2016.05.15 22:55:09.934,0.78835,0.78848,1.00,1.69
2016.05.15 22:55:21.573,0.78833,0.78847,1.00,1.69
2016.05.15 22:55:21.929,0.78833,0.78847,1.02,1.31
2016.05.15 22:55:22.132,0.78833,0.78847,1.00,1.31
2016.05.15 22:55:28.022,0.78834,0.78847,1.00,1.31
2016.05.15 22:55:36.497,0.78833,0.78847,1.00,2.06
2016.05.15 22:55:37.768,0.78833,0.78847,1.27,1.69
2016.05.15 22:55:40.844,0.78833,0.78847,1.02,1.69
2016.05.15 22:55:41.794,0.78833,0.78847,1.52,3.19
2016.05.15 22:55:41.845,0.78833,0.78847,1.52,3.19
2016.05.15 22:55:42.099,0.78831,0.78845,1.50,1.31
2016.05.15 22:55:42.665,0.78832,0.78844,1.02,1.00
2016.05.15 22:55:45.088,0.78834,0.78844,1.00,1.00
2016.05.15 22:55:45.343,0.78834,0.78847,1.00,1.25
2016.05.15 22:55:48.171,0.78836,0.78848,1.00,1.19
2016.05.15 22:55:48.680,0.78836,0.78848,1.02,1.00
2016.05.15 22:55:55.385,0.78834,0.78848,1.69,1.00
2016.05.15 22:56:04.861,0.78834,0.78848,1.71,1.25
2016.05.15 22:56:05.832,0.78834,0.78848,1.71,1.50
2016.05.15 22:56:11.328,0.78835,0.78848,1.00,1.12
2016.05.15 22:56:16.321,0.78834,0.78848,1.27,1.00
2016.05.15 22:56:29.994,0.78833,0.78847,3.21,1.00
2016.05.15 22:56:37.673,0.78835,0.78847,1.00,1.00
2016.05.15 22:56:43.177,0.78834,0.78847,1.25,1.00
2016.05.15 22:56:43.431,0.78831,0.78845,1.19,1.12
2016.05.15 22:56:43.533,0.78829,0.78844,1.71,1.31
2016.05.15 22:56:43.738,0.78827,0.78842,1.71,1.00
2016.05.15 22:56:43.804,0.78827,0.78842,2.46,1.00
2016.05.15 22:56:44.330,0.78826,0.78841,1.25,1.69
2016.05.15 22:56:44.685,0.78826,0.78841,1.00,1.69
2016.05.15 22:56:50.446,0.78823,0.78839,3.19,2.44
2016.05.15 22:56:54.411,0.78825,0.78839,1.00,1.69
2016.05.15 22:56:54.715,0.78828,0.78839,1.00,1.69
2016.05.15 22:56:59.803,0.78826,0.78839,1.00,1.69
2016.05.15 22:57:02.133,0.78829,0.78839,1.00,1.69
2016.05.15 22:57:04.353,0.78827,0.78839,1.00,1.69
2016.05.15 22:57:06.775,0.78829,0.78839,1.00,1.69
2016.05.15 22:57:13.023,0.78829,0.7884,1.00,1.00
2016.05.15 22:57:27.906,0.78834,0.7884,1.00,1.00
2016.05.15 22:57:28.009,0.78835,0.78842,1.00,1.00
2016.05.15 22:57:28.060,0.78837,0.78842,1.00,1.00
2016.05.15 22:57:28.112,0.78837,0.78844,1.00,1.00
2016.05.15 22:57:28.163,0.78837,0.78846,1.00,1.25
2016.05.15 22:57:28.402,0.78837,0.78848,1.00,1.69
2016.05.15 22:57:29.639,0.78838,0.78848,1.00,1.31
2016.05.15 22:57:31.813,0.78837,0.78849,1.00,1.31
2016.05.15 22:57:31.966,0.78835,0.78848,1.00,1.25
2016.05.15 22:57:37.097,0.78837,0.78848,1.00,1.31
2016.05.15 22:57:45.831,0.78837,0.78848,1.00,1.31
2016.05.15 22:57:47.133,0.78838,0.78848,1.00,1.31
2016.05.15 22:57:49.310,0.78841,0.78848,1.00,1.31
2016.05.15 22:57:49.464,0.78843,0.7885,1.00,1.25
2016.05.15 22:57:49.566,0.7884,0.7885,1.00,1.25
2016.05.15 22:57:49.718,0.78838,0.78851,1.00,2.06
2016.05.15 22:57:50.074,0.78837,0.7885,1.00,1.94
2016.05.15 22:57:50.591,0.78837,0.7885,1.00,1.94
2016.05.15 22:57:52.763,0.7884,0.78848,1.00,1.00
2016.05.15 22:57:52.971,0.7884,0.7885,1.00,1.00
2016.05.15 22:57:56.383,0.78841,0.78851,1.00,1.62
2016.05.15 22:57:58.228,0.7884,0.78852,1.00,2.44
2016.05.15 22:57:58.381,0.78838,0.78851,1.00,1.25
2016.05.15 22:58:01.684,0.78842,0.78851,1.00,1.25
2016.05.15 22:58:01.837,0.78838,0.78853,1.19,1.69
2016.05.15 22:58:02.840,0.78841,0.78853,1.00,1.56
2016.05.15 22:58:07.421,0.78839,0.78853,1.00,1.69
2016.05.15 22:58:17.748,0.7884,0.78852,1.00,1.19
2016.05.15 22:58:18.255,0.7884,0.78852,1.00,1.31
2016.05.15 22:58:19.937,0.7884,0.78852,1.00,1.31
2016.05.15 22:58:31.824,0.78839,0.78852,1.00,1.31
2016.05.15 22:58:37.523,0.78839,0.78852,1.25,1.19
2016.05.15 22:58:39.540,0.78836,0.7885,1.19,1.31
2016.05.15 22:58:39.591,0.78836,0.7885,1.00,1.69
2016.05.15 22:58:41.130,0.78837,0.78851,1.00,2.04
2016.05.15 22:58:41.654,0.78838,0.78853,1.00,3.26
2016.05.15 22:58:44.120,0.78838,0.78851,1.00,1.25
2016.05.15 22:58:44.678,0.78837,0.78853,1.00,3.19
2016.05.15 22:58:44.831,0.78837,0.78852,1.00,1.94
2016.05.15 22:58:45.367,0.78837,0.78851,1.00,1.94
2016.05.15 22:58:51.706,0.78836,0.78851,1.00,1.69
2016.05.15 22:59:02.812,0.78836,0.78851,1.00,1.94
2016.05.15 22:59:16.023,0.78835,0.78852,1.00,3.19
