2008.01.17 13:00:00.175,0.7468,0.747,5.00,0.40
2008.01.17 13:00:00.547,0.74685,0.747,1.10,0.40
2008.01.17 13:00:00.741,0.74685,0.747,0.80,0.40
2008.01.17 13:00:01.162,0.7468,0.747,5.00,0.40
2008.01.17 13:00:01.369,0.74685,0.747,1.30,0.40
2008.01.17 13:00:01.606,0.7468,0.747,10.60,0.40
2008.01.17 13:00:02.029,0.74685,0.747,1.70,0.40
2008.01.17 13:00:02.282,0.74685,0.747,2.50,0.40
2008.01.17 13:00:02.536,0.7468,0.747,9.80,0.40
2008.01.17 13:00:02.789,0.74685,0.747,1.20,0.40
2008.01.17 13:00:03.042,0.74685,0.74705,5.80,9.10
2008.01.17 13:00:03.442,0.74685,0.747,5.80,0.40
2008.01.17 13:00:03.640,0.7468,0.747,12.20,0.40
2008.01.17 13:00:03.895,0.7468,0.747,12.20,0.40
2008.01.17 13:00:04.093,0.7468,0.747,12.20,0.40
2008.01.17 13:00:04.366,0.74685,0.747,2.30,0.40
2008.01.17 13:00:04.641,0.7468,0.747,12.20,0.40
2008.01.17 13:00:04.914,0.74685,0.747,2.30,0.40
2008.01.17 13:00:05.365,0.7468,0.747,12.20,0.40
2008.01.17 13:00:05.585,0.74685,0.747,1.10,0.40
2008.01.17 13:00:06.008,0.74685,0.747,1.10,0.40
2008.01.17 13:00:06.227,0.74685,0.747,0.60,0.40
2008.01.17 13:00:06.534,0.74675,0.74695,53.00,0.40
2008.01.17 13:00:06.713,0.7468,0.74695,0.50,0.40
2008.01.17 13:00:06.994,0.74675,0.74695,48.20,0.40
2008.01.17 13:00:07.171,0.7468,0.74695,4.20,0.40
2008.01.17 13:00:07.630,0.74685,0.74695,0.20,0.40
2008.01.17 13:00:07.873,0.7468,0.747,4.20,2.70
2008.01.17 13:00:08.115,0.74685,0.747,2.20,1.10
2008.01.17 13:00:08.358,0.74685,0.747,5.80,0.40
2008.01.17 13:00:08.501,0.74685,0.747,6.60,0.40
2008.01.17 13:00:08.835,0.74685,0.747,6.60,0.40
2008.01.17 13:00:08.979,0.74685,0.747,6.60,0.40
2008.01.17 13:00:09.208,0.7469,0.747,0.20,0.40
2008.01.17 13:00:09.352,0.74685,0.747,6.60,0.40
2008.01.17 13:00:09.818,0.74685,0.74705,6.60,0.40
2008.01.17 13:00:10.091,0.7469,0.74705,0.60,0.40
2008.01.17 13:00:10.365,0.74685,0.74705,7.40,0.40
2008.01.17 13:00:10.553,0.74685,0.74705,7.40,0.40
2008.01.17 13:00:10.806,0.74685,0.74705,7.40,0.40
2008.01.17 13:00:10.994,0.74685,0.74705,7.40,0.40
2008.01.17 13:00:11.392,0.7469,0.74705,1.30,0.40
2008.01.17 13:00:11.592,0.74685,0.74705,6.60,0.40
2008.01.17 13:00:11.818,0.74685,0.74705,6.60,0.40
2008.01.17 13:00:12.017,0.74695,0.74705,1.10,0.40
2008.01.17 13:00:12.334,0.7469,0.74705,19.40,0.40
2008.01.17 13:00:12.534,0.74695,0.7471,2.60,1.60
2008.01.17 13:00:12.807,0.747,0.74715,1.60,6.70
2008.01.17 13:00:13.287,0.747,0.74715,1.00,1.90
2008.01.17 13:00:13.765,0.747,0.7472,2.60,1.90
2008.01.17 13:00:13.973,0.747,0.7472,5.80,0.40
2008.01.17 13:00:14.226,0.7471,0.7472,0.20,0.40
2008.01.17 13:00:14.636,0.74715,0.74725,0.20,4.00
2008.01.17 13:00:14.843,0.74705,0.74725,28.20,0.40
2008.01.17 13:00:15.099,0.74705,0.74725,16.20,0.40
2008.01.17 13:00:15.528,0.74705,0.74725,16.20,0.40
2008.01.17 13:00:15.757,0.74705,0.74725,24.20,0.40
2008.01.17 13:00:16.020,0.74715,0.74725,3.20,0.40
2008.01.17 13:00:16.464,0.74715,0.74725,21.60,0.40
2008.01.17 13:00:16.947,0.74715,0.7473,5.80,1.90
2008.01.17 13:00:17.168,0.74715,0.7473,1.80,0.40
2008.01.17 13:00:17.388,0.74715,0.7473,1.80,0.40
2008.01.17 13:00:17.817,0.74715,0.7473,1.80,0.40
2008.01.17 13:00:17.827,0.74715,0.7473,1.80,0.40
2008.01.17 13:00:18.046,0.7472,0.74735,0.20,10.70
2008.01.17 13:00:18.313,0.7472,0.74735,0.20,10.70
2008.01.17 13:00:18.755,0.74725,0.74735,1.80,8.00
2008.01.17 13:00:19.185,0.74715,0.7473,1.80,0.40
2008.01.17 13:00:19.362,0.7472,0.74735,0.20,10.70
2008.01.17 13:00:19.850,0.7472,0.74735,1.80,1.10
2008.01.17 13:00:20.242,0.7472,0.7473,1.60,0.40
2008.01.17 13:00:20.445,0.74715,0.7473,1.80,0.40
2008.01.17 13:00:20.676,0.74715,0.7473,0.20,1.90
2008.01.17 13:00:21.092,0.74715,0.7473,0.20,1.90
2008.01.17 13:00:21.502,0.74715,0.7473,0.20,2.70
2008.01.17 13:00:21.807,0.74715,0.7473,0.20,1.90
2008.01.17 13:00:22.110,0.7471,0.74725,1.80,12.30
2008.01.17 13:00:22.566,0.7471,0.7472,1.60,0.40
2008.01.17 13:00:22.961,0.7471,0.7472,0.20,0.40
2008.01.17 13:00:23.151,0.74715,0.7473,1.80,0.70
2008.01.17 13:00:23.400,0.74715,0.7473,1.80,0.40
2008.01.17 13:00:23.833,0.74715,0.7473,1.80,0.40
2008.01.17 13:00:24.258,0.74725,0.7473,3.20,0.40
2008.01.17 13:00:24.482,0.74725,0.74735,27.20,8.00
2008.01.17 13:00:24.749,0.74725,0.74735,1.60,8.80
2008.01.17 13:00:25.049,0.74725,0.74735,1.80,8.00
2008.01.17 13:00:25.499,0.74725,0.74735,6.60,8.00
2008.01.17 13:00:25.705,0.7473,0.74735,0.20,8.00
2008.01.17 13:00:25.940,0.7473,0.74735,0.20,8.00
2008.01.17 13:00:26.357,0.74735,0.74745,0.20,2.70
2008.01.17 13:00:26.919,0.7473,0.74735,0.20,8.00
2008.01.17 13:00:27.335,0.7473,0.74735,0.20,8.00
2008.01.17 13:00:27.803,0.74725,0.74735,6.60,8.00
2008.01.17 13:00:27.852,0.74725,0.74735,6.60,8.00
2008.01.17 13:00:28.253,0.7473,0.74745,1.80,0.40
2008.01.17 13:00:28.663,0.7473,0.7474,1.80,0.40
2008.01.17 13:00:28.872,0.7473,0.7474,0.20,0.40
2008.01.17 13:00:29.141,0.7473,0.74745,1.80,0.40
2008.01.17 13:00:29.588,0.7473,0.74745,1.80,0.40
2008.01.17 13:00:29.855,0.7473,0.74745,1.80,0.40
2008.01.17 13:00:30.124,0.7473,0.74745,1.80,0.40
2008.01.17 13:00:30.545,0.7473,0.74745,2.60,0.40
2008.01.17 13:00:30.751,0.7473,0.74745,1.80,0.40
2008.01.17 13:00:30.991,0.7473,0.74745,1.80,0.40
2008.01.17 13:00:31.404,0.7473,0.74745,0.20,1.90
2008.01.17 13:00:31.461,0.7473,0.74745,0.20,1.90
2008.01.17 13:00:31.917,0.74725,0.7474,8.20,0.40
2008.01.17 13:00:32.380,0.74725,0.7474,8.20,0.40
2008.01.17 13:00:32.618,0.7473,0.7474,0.20,0.40
2008.01.17 13:00:32.857,0.7473,0.7474,0.20,0.40
2008.01.17 13:00:33.314,0.7473,0.7474,0.20,0.40
2008.01.17 13:00:33.335,0.7473,0.7474,0.20,0.40
2008.01.17 13:00:34.795,0.7473,0.7474,0.20,0.40
2008.01.17 13:00:35.085,0.74725,0.7474,1.80,0.40
2008.01.17 13:00:35.116,0.74725,0.7474,1.80,0.40
2008.01.17 13:00:35.367,0.74725,0.7474,1.80,0.40
2008.01.17 13:00:35.380,0.74725,0.7474,1.80,0.40
2008.01.17 13:00:35.413,0.74725,0.7474,1.80,0.40
2008.01.17 13:00:35.659,0.74725,0.7474,1.80,0.40
2008.01.17 13:00:35.691,0.74725,0.7474,17.80,1.90
2008.01.17 13:00:35.724,0.74725,0.7474,17.80,1.90
2008.01.17 13:00:35.967,0.74725,0.7474,17.80,1.90
2008.01.17 13:00:36.300,0.74725,0.7474,9.80,0.40
2008.01.17 13:00:39.234,0.74725,0.7474,5.80,0.40
2008.01.17 13:00:39.483,0.74725,0.7474,1.80,8.30
2008.01.17 13:00:39.527,0.7472,0.74735,2.60,0.40
2008.01.17 13:00:39.764,0.7472,0.74735,2.60,0.40
2008.01.17 13:00:39.805,0.7472,0.74735,2.60,0.40
2008.01.17 13:00:39.849,0.7472,0.74735,2.60,0.40
2008.01.17 13:00:40.102,0.74725,0.74735,1.60,0.40
2008.01.17 13:00:40.145,0.74725,0.7474,1.80,0.40
2008.01.17 13:00:40.188,0.74725,0.7474,1.80,0.40
2008.01.17 13:00:40.422,0.74725,0.7474,1.80,0.40
2008.01.17 13:00:40.752,0.74725,0.7474,5.80,0.40
2008.01.17 13:00:41.086,0.74725,0.7474,5.80,0.40
2008.01.17 13:00:41.532,0.74725,0.7474,5.80,0.40
2008.01.17 13:00:41.741,0.74725,0.7474,5.80,0.40
2008.01.17 13:00:41.973,0.74725,0.7474,1.80,0.40
2008.01.17 13:00:42.180,0.74725,0.7474,1.80,0.40
2008.01.17 13:00:42.416,0.74725,0.7474,1.80,0.40
2008.01.17 13:00:42.535,0.74725,0.7474,1.80,0.40
2008.01.17 13:00:42.625,0.74725,0.74745,1.80,22.00
2008.01.17 13:00:42.908,0.74725,0.74745,1.80,22.00
2008.01.17 13:00:43.405,0.74725,0.7474,1.80,0.40
2008.01.17 13:00:43.689,0.74725,0.74745,1.80,25.20
2008.01.17 13:00:43.974,0.74725,0.74745,1.80,25.20
2008.01.17 13:00:44.156,0.74725,0.74745,1.80,25.20
2008.01.17 13:00:44.495,0.74725,0.74745,1.80,25.20
2008.01.17 13:00:44.677,0.74725,0.74745,1.80,25.20
2008.01.17 13:00:44.905,0.74725,0.74745,1.80,25.20
2008.01.17 13:00:45.168,0.74725,0.74745,1.80,25.20
2008.01.17 13:00:45.432,0.74725,0.74745,1.80,25.20
2008.01.17 13:00:45.695,0.74725,0.74745,1.80,25.20
2008.01.17 13:00:45.918,0.74725,0.7474,1.80,0.40
2008.01.17 13:00:46.129,0.74725,0.74745,1.80,25.20
2008.01.17 13:00:46.440,0.74725,0.74745,1.80,25.20
2008.01.17 13:00:46.869,0.74725,0.7473,1.60,0.40
2008.01.17 13:00:47.315,0.74725,0.74745,0.20,25.90
2008.01.17 13:00:47.345,0.74725,0.7474,0.20,0.50
2008.01.17 13:00:47.804,0.7472,0.7474,0.20,9.90
2008.01.17 13:00:48.255,0.7472,0.74735,0.20,0.50
2008.01.17 13:00:48.496,0.7472,0.7474,0.20,11.10
2008.01.17 13:00:48.759,0.7472,0.74735,0.20,0.50
2008.01.17 13:00:49.188,0.7472,0.7474,0.20,11.10
2008.01.17 13:00:49.374,0.7472,0.7474,0.20,11.10
2008.01.17 13:00:49.615,0.7472,0.74735,0.20,0.90
2008.01.17 13:00:49.804,0.7472,0.74735,0.20,0.70
2008.01.17 13:00:50.042,0.7472,0.74735,0.20,0.60
2008.01.17 13:00:50.230,0.7472,0.7474,0.20,11.10
2008.01.17 13:00:50.544,0.7472,0.74735,0.20,0.50
2008.01.17 13:00:51.027,0.7472,0.74735,0.20,2.00
2008.01.17 13:00:51.092,0.74715,0.7473,0.20,2.00
2008.01.17 13:00:51.529,0.7471,0.74725,5.00,0.40
2008.01.17 13:00:51.972,0.7471,0.7473,2.60,2.00
2008.01.17 13:00:52.205,0.7471,0.7473,1.80,2.00
2008.01.17 13:00:52.451,0.7471,0.74725,1.80,0.40
2008.01.17 13:00:52.684,0.7471,0.74725,1.80,0.40
2008.01.17 13:00:52.916,0.7471,0.7473,1.80,2.00
2008.01.17 13:00:53.149,0.7471,0.7473,0.20,10.70
2008.01.17 13:00:53.486,0.7471,0.7473,0.20,10.70
2008.01.17 13:00:53.678,0.7471,0.7473,0.20,10.70
2008.01.17 13:00:53.871,0.7471,0.7473,0.20,10.70
2008.01.17 13:00:54.098,0.7471,0.74725,0.20,2.00
2008.01.17 13:00:54.290,0.7471,0.74725,0.20,2.00
2008.01.17 13:00:54.661,0.74705,0.7472,4.20,0.40
2008.01.17 13:00:55.060,0.74705,0.7472,1.80,0.40
2008.01.17 13:00:55.253,0.74705,0.7472,1.80,0.40
2008.01.17 13:00:55.658,0.74705,0.74725,1.80,22.00
2008.01.17 13:00:55.857,0.74705,0.7472,1.80,0.40
2008.01.17 13:00:56.268,0.74705,0.7472,1.80,0.40
2008.01.17 13:00:56.616,0.74705,0.7472,1.80,0.40
2008.01.17 13:00:56.812,0.74705,0.74725,1.80,22.00
2008.01.17 13:00:57.062,0.74705,0.74725,1.80,22.00
2008.01.17 13:00:57.310,0.74705,0.74725,1.80,22.00
2008.01.17 13:00:57.558,0.74705,0.7472,1.80,0.40
2008.01.17 13:00:58.015,0.74705,0.7472,0.20,0.90
2008.01.17 13:00:58.262,0.74705,0.74725,0.20,21.90
2008.01.17 13:00:58.652,0.74705,0.74725,0.20,21.90
2008.01.17 13:00:58.900,0.74705,0.7472,0.20,0.60
2008.01.17 13:00:59.282,0.74705,0.7472,0.20,0.90
2008.01.17 13:00:59.441,0.74705,0.7472,0.20,0.50
2008.01.17 13:00:59.671,0.74705,0.74725,0.20,21.90
2008.01.17 13:00:59.828,0.74705,0.7472,1.80,0.40
2008.01.17 13:01:00.100,0.74705,0.7472,1.60,8.40
2008.01.17 13:01:00.333,0.747,0.7472,2.60,10.00
2008.01.17 13:01:00.570,0.74705,0.7472,1.80,0.40
2008.01.17 13:01:01.016,0.74705,0.74725,1.80,22.00
2008.01.17 13:01:01.250,0.74705,0.74725,0.20,24.30
2008.01.17 13:01:01.514,0.74705,0.7472,0.20,9.90
2008.01.17 13:01:01.778,0.74705,0.7472,0.20,28.30
2008.01.17 13:01:02.040,0.74705,0.74715,0.20,25.90
2008.01.17 13:01:02.524,0.74705,0.74715,0.20,27.50
2008.01.17 13:01:02.744,0.74695,0.7471,0.20,2.80
2008.01.17 13:01:03.014,0.7469,0.74705,1.80,0.40
2008.01.17 13:01:03.235,0.74695,0.7471,1.80,0.80
2008.01.17 13:01:03.573,0.74695,0.74715,1.80,25.90
2008.01.17 13:01:03.816,0.74695,0.74715,1.80,26.00
2008.01.17 13:01:04.270,0.74695,0.7471,0.20,1.20
2008.01.17 13:01:04.513,0.7469,0.74705,1.60,1.60
2008.01.17 13:01:04.761,0.74685,0.74705,3.40,3.20
2008.01.17 13:01:04.899,0.74685,0.74705,3.40,3.20
2008.01.17 13:01:05.037,0.7469,0.7471,0.20,13.50
2008.01.17 13:01:05.263,0.7469,0.74705,0.20,0.70
2008.01.17 13:01:05.399,0.7469,0.7471,0.20,11.10
2008.01.17 13:01:05.750,0.7469,0.74705,0.20,0.70
2008.01.17 13:01:05.796,0.7469,0.7471,0.20,11.90
2008.01.17 13:01:06.054,0.74685,0.747,4.20,1.20
2008.01.17 13:01:06.493,0.74685,0.747,0.20,2.80
2008.01.17 13:01:06.968,0.74685,0.747,0.20,0.70
2008.01.17 13:01:07.146,0.74685,0.747,0.20,0.90
2008.01.17 13:01:07.388,0.74685,0.74705,0.20,22.70
2008.01.17 13:01:07.771,0.74685,0.74705,0.20,22.70
2008.01.17 13:01:07.999,0.74685,0.747,0.20,0.70
2008.01.17 13:01:08.258,0.74685,0.747,0.20,0.90
2008.01.17 13:01:08.487,0.74685,0.74705,0.20,22.70
2008.01.17 13:01:08.717,0.74685,0.747,1.80,0.40
2008.01.17 13:01:09.159,0.74685,0.747,1.80,0.40
2008.01.17 13:01:09.190,0.74685,0.747,0.20,0.90
2008.01.17 13:01:09.640,0.74685,0.747,0.20,0.80
2008.01.17 13:01:09.679,0.7469,0.74705,0.20,0.60
2008.01.17 13:01:09.922,0.7469,0.7471,0.20,13.10
2008.01.17 13:01:10.166,0.7469,0.747,0.20,0.40
2008.01.17 13:01:10.379,0.7469,0.74705,0.20,2.00
2008.01.17 13:01:10.591,0.7469,0.74705,0.20,12.30
2008.01.17 13:01:10.804,0.74685,0.747,0.20,2.00
2008.01.17 13:01:11.017,0.74685,0.747,0.20,2.00
2008.01.17 13:01:11.245,0.74685,0.74705,1.80,22.00
2008.01.17 13:01:11.448,0.74685,0.747,1.80,0.40
2008.01.17 13:01:11.669,0.74685,0.74705,1.80,24.40
2008.01.17 13:01:11.872,0.74685,0.74705,1.80,24.40
2008.01.17 13:01:12.282,0.74685,0.74705,1.80,22.00
2008.01.17 13:01:12.519,0.74685,0.747,1.80,0.40
2008.01.17 13:01:12.842,0.74685,0.74705,1.80,25.20
2008.01.17 13:01:13.081,0.74685,0.74705,1.80,25.20
2008.01.17 13:01:13.527,0.74685,0.747,1.80,0.40
2008.01.17 13:01:13.733,0.74685,0.747,0.20,2.00
2008.01.17 13:01:13.972,0.74685,0.74695,0.20,0.40
2008.01.17 13:01:14.391,0.74685,0.747,0.20,2.00
2008.01.17 13:01:14.605,0.74685,0.747,0.20,2.00
2008.01.17 13:01:14.817,0.74685,0.74695,0.20,0.40
2008.01.17 13:01:15.031,0.7468,0.74695,1.80,0.40
2008.01.17 13:01:15.267,0.7468,0.747,1.80,10.00
2008.01.17 13:01:15.701,0.7468,0.747,1.80,10.00
2008.01.17 13:01:16.191,0.74685,0.747,0.20,2.00
2008.01.17 13:01:16.259,0.74685,0.74705,0.20,25.10
2008.01.17 13:01:16.706,0.74685,0.747,0.20,28.30
2008.01.17 13:01:16.957,0.74685,0.747,0.20,28.30
2008.01.17 13:01:17.211,0.7468,0.74695,1.80,0.70
2008.01.17 13:01:17.663,0.7468,0.74695,1.80,0.40
2008.01.17 13:01:17.851,0.74685,0.74705,0.20,37.70
2008.01.17 13:01:18.249,0.7468,0.74695,1.80,0.40
2008.01.17 13:01:18.438,0.7468,0.74695,0.20,0.60
2008.01.17 13:01:18.729,0.7468,0.747,0.20,12.30
2008.01.17 13:01:18.921,0.7468,0.74695,1.80,0.40
2008.01.17 13:01:19.156,0.7468,0.747,1.80,2.00
2008.01.17 13:01:19.348,0.7468,0.74695,1.80,0.40
2008.01.17 13:01:19.622,0.7468,0.74695,1.80,0.40
2008.01.17 13:01:19.814,0.7468,0.74695,1.80,0.40
2008.01.17 13:01:20.230,0.7468,0.74695,1.80,0.40
2008.01.17 13:01:20.461,0.7468,0.747,1.80,2.00
2008.01.17 13:01:20.690,0.7469,0.7471,0.20,21.50
2008.01.17 13:01:20.918,0.7469,0.7471,0.20,21.10
2008.01.17 13:01:21.173,0.7469,0.74705,0.20,0.50
2008.01.17 13:01:21.607,0.7469,0.74705,0.20,0.70
2008.01.17 13:01:21.812,0.7469,0.74705,0.20,0.50
2008.01.17 13:01:22.054,0.7469,0.7471,0.20,20.30
2008.01.17 13:01:22.327,0.7469,0.7471,0.20,20.30
2008.01.17 13:01:22.600,0.7469,0.7471,0.20,20.30
2008.01.17 13:01:23.058,0.74685,0.74705,1.80,24.40
2008.01.17 13:01:23.268,0.7469,0.7471,1.80,12.40
2008.01.17 13:01:23.538,0.7469,0.7471,1.80,12.40
2008.01.17 13:01:23.962,0.7469,0.7471,1.80,12.40
2008.01.17 13:01:23.978,0.7469,0.7471,1.80,12.40
2008.01.17 13:01:24.390,0.7469,0.7471,1.80,13.20
2008.01.17 13:01:24.450,0.7469,0.7471,1.80,13.20
2008.01.17 13:01:24.783,0.7469,0.7471,1.80,13.20
2008.01.17 13:01:25.252,0.7469,0.74705,1.80,0.40
2008.01.17 13:01:25.470,0.7469,0.7471,1.80,12.30
2008.01.17 13:01:25.731,0.7469,0.7471,1.80,11.50
2008.01.17 13:01:26.183,0.7469,0.74705,1.80,0.90
2008.01.17 13:01:26.530,0.7469,0.7471,1.80,12.30
2008.01.17 13:01:26.779,0.7469,0.74705,1.80,0.50
2008.01.17 13:01:27.026,0.7469,0.7471,1.80,12.30
2008.01.17 13:01:27.482,0.7469,0.7471,1.80,9.20
2008.01.17 13:01:27.695,0.7469,0.74705,1.80,0.40
2008.01.17 13:01:27.962,0.7469,0.7471,1.80,9.20
2008.01.17 13:01:28.178,0.7469,0.7471,1.80,9.20
2008.01.17 13:01:28.411,0.7469,0.74705,1.80,0.40
2008.01.17 13:01:28.827,0.74695,0.74715,0.20,28.90
2008.01.17 13:01:29.087,0.7469,0.7471,2.60,9.90
2008.01.17 13:01:29.347,0.7469,0.7471,1.80,10.70
2008.01.17 13:01:29.606,0.7469,0.7471,0.20,12.30
2008.01.17 13:01:29.865,0.7469,0.7471,0.20,12.30
2008.01.17 13:01:30.301,0.7469,0.7471,0.20,12.30
2008.01.17 13:01:30.550,0.7469,0.74705,0.20,0.80
2008.01.17 13:01:30.797,0.7469,0.7471,0.20,12.30
2008.01.17 13:01:30.991,0.7469,0.74705,0.20,0.60
2008.01.17 13:01:31.235,0.7469,0.74705,0.20,0.70
2008.01.17 13:01:31.421,0.7469,0.7471,0.20,12.30
2008.01.17 13:01:31.646,0.7469,0.7471,0.20,12.30
2008.01.17 13:01:31.838,0.7469,0.7471,0.20,12.30
2008.01.17 13:01:32.158,0.7469,0.74705,0.20,0.70
2008.01.17 13:01:32.455,0.74685,0.7471,4.20,12.30
2008.01.17 13:01:32.754,0.74685,0.7471,1.80,12.30
2008.01.17 13:01:33.258,0.7469,0.74705,0.20,0.80
2008.01.17 13:01:33.471,0.74685,0.7471,2.60,13.10
2008.01.17 13:01:33.686,0.74685,0.7471,2.60,13.10
2008.01.17 13:01:33.899,0.7469,0.74705,0.80,0.60
2008.01.17 13:01:34.140,0.74685,0.7471,2.60,16.30
2008.01.17 13:01:34.359,0.74685,0.74705,2.60,3.50
2008.01.17 13:01:34.603,0.74685,0.74705,2.60,3.50
2008.01.17 13:01:34.822,0.74685,0.74705,2.60,4.30
2008.01.17 13:01:35.132,0.7469,0.74705,0.20,4.30
2008.01.17 13:01:35.348,0.7468,0.74705,4.20,24.30
2008.01.17 13:01:35.639,0.7468,0.74705,5.00,2.70
2008.01.17 13:01:35.909,0.7469,0.74705,0.20,6.70
2008.01.17 13:01:36.307,0.7469,0.74705,0.20,4.30
2008.01.17 13:01:36.456,0.74685,0.74705,4.20,4.30
2008.01.17 13:01:36.720,0.7469,0.74705,0.20,4.30
2008.01.17 13:01:36.868,0.7469,0.74705,0.20,4.30
2008.01.17 13:01:37.015,0.74685,0.74705,4.20,4.30
2008.01.17 13:01:37.236,0.74685,0.74705,4.20,4.30
2008.01.17 13:01:37.381,0.74685,0.74705,4.20,4.30
2008.01.17 13:01:37.675,0.74685,0.74705,4.20,4.30
2008.01.17 13:01:37.969,0.74685,0.74705,4.20,6.70
2008.01.17 13:01:38.467,0.7469,0.74705,0.20,6.70
2008.01.17 13:01:38.971,0.7469,0.74705,0.20,4.30
2008.01.17 13:01:38.983,0.74685,0.74705,4.20,4.30
2008.01.17 13:01:39.137,0.74685,0.74705,4.20,6.70
2008.01.17 13:01:39.465,0.74685,0.74705,4.20,6.70
2008.01.17 13:01:39.617,0.7469,0.74705,0.20,4.30
2008.01.17 13:01:39.896,0.74685,0.74705,4.20,4.30
2008.01.17 13:01:40.171,0.74695,0.74705,0.20,0.40
2008.01.17 13:01:40.444,0.74695,0.74705,0.20,0.40
2008.01.17 13:01:40.926,0.7469,0.74705,0.20,6.70
2008.01.17 13:01:41.134,0.74685,0.74705,4.20,6.70
2008.01.17 13:01:41.377,0.74685,0.74705,4.20,6.70
2008.01.17 13:01:41.794,0.74685,0.74705,4.20,6.70
2008.01.17 13:01:42.041,0.74685,0.74705,4.20,6.70
2008.01.17 13:01:42.291,0.74685,0.74705,4.20,6.70
2008.01.17 13:01:42.539,0.7469,0.74705,0.20,6.70
2008.01.17 13:01:42.788,0.74685,0.74705,5.00,6.70
2008.01.17 13:01:43.036,0.7469,0.74705,0.20,6.70
2008.01.17 13:01:43.418,0.7469,0.74705,0.20,6.70
2008.01.17 13:01:43.674,0.7469,0.7471,1.80,1.90
2008.01.17 13:01:43.945,0.7469,0.7471,1.80,1.90
2008.01.17 13:01:44.093,0.7469,0.7471,1.80,1.90
2008.01.17 13:01:44.359,0.7469,0.7471,1.80,1.90
2008.01.17 13:01:44.501,0.74695,0.7471,0.20,1.90
2008.01.17 13:01:44.856,0.7469,0.7471,1.80,1.90
2008.01.17 13:01:45.005,0.7469,0.7471,1.80,1.90
2008.01.17 13:01:45.362,0.7469,0.7471,1.80,1.90
2008.01.17 13:01:45.631,0.74695,0.7471,0.20,1.90
2008.01.17 13:01:45.899,0.7469,0.7471,1.80,1.90
2008.01.17 13:01:46.168,0.74695,0.7471,0.20,1.90
2008.01.17 13:01:46.411,0.7469,0.7471,2.60,1.90
2008.01.17 13:01:46.616,0.7469,0.7471,2.60,1.90
2008.01.17 13:01:46.870,0.7469,0.7471,2.60,0.40
2008.01.17 13:01:47.079,0.74695,0.7471,0.70,0.40
2008.01.17 13:01:47.310,0.74695,0.7471,0.90,0.40
2008.01.17 13:01:47.619,0.74695,0.7471,0.60,0.40
2008.01.17 13:01:47.928,0.74695,0.7471,1.20,0.40
2008.01.17 13:01:48.448,0.7469,0.7471,2.60,0.40
2008.01.17 13:01:48.622,0.747,0.74715,0.20,26.70
2008.01.17 13:01:48.866,0.747,0.74715,0.20,6.70
2008.01.17 13:01:49.238,0.74695,0.74715,2.60,5.10
2008.01.17 13:01:49.657,0.747,0.74715,1.00,5.10
2008.01.17 13:01:49.669,0.74695,0.74715,2.60,5.10
2008.01.17 13:01:50.087,0.74695,0.74715,2.60,6.70
2008.01.17 13:01:50.111,0.74685,0.7471,40.80,0.40
2008.01.17 13:01:50.523,0.74685,0.7471,31.20,0.40
2008.01.17 13:01:50.800,0.7469,0.7471,2.60,0.40
2008.01.17 13:01:51.079,0.74695,0.7471,1.20,0.40
2008.01.17 13:01:51.522,0.74695,0.7471,0.80,0.40
2008.01.17 13:01:51.940,0.7469,0.7471,2.60,0.40
2008.01.17 13:01:52.148,0.7469,0.7471,2.60,0.40
2008.01.17 13:01:52.379,0.7469,0.7471,2.60,0.40
2008.01.17 13:01:52.627,0.7469,0.7471,2.60,0.40
2008.01.17 13:01:52.876,0.74695,0.7471,0.20,1.90
2008.01.17 13:01:53.124,0.7469,0.7471,2.60,1.90
2008.01.17 13:01:53.371,0.7469,0.7471,2.60,1.90
2008.01.17 13:01:53.836,0.7469,0.74705,1.60,0.40
2008.01.17 13:01:54.099,0.74685,0.74705,10.40,2.70
2008.01.17 13:01:54.552,0.7469,0.7471,2.60,1.90
2008.01.17 13:01:54.905,0.7469,0.7471,1.80,1.90
2008.01.17 13:01:55.048,0.7469,0.7471,1.80,1.90
2008.01.17 13:01:55.384,0.74685,0.74705,8.00,2.70
2008.01.17 13:01:55.525,0.74685,0.74705,8.00,2.70
2008.01.17 13:01:55.818,0.7469,0.7471,1.80,9.90
2008.01.17 13:01:56.107,0.74685,0.74705,8.00,0.40
2008.01.17 13:01:56.396,0.74685,0.74705,8.00,2.70
2008.01.17 13:01:56.834,0.74685,0.747,7.40,0.40
2008.01.17 13:01:57.012,0.7469,0.747,0.20,0.40
2008.01.17 13:01:57.368,0.7469,0.747,0.20,0.40
2008.01.17 13:01:57.545,0.74685,0.747,1.80,0.40
2008.01.17 13:01:57.775,0.74685,0.747,1.30,0.40
2008.01.17 13:01:57.952,0.7468,0.747,4.20,0.40
2008.01.17 13:01:58.217,0.74675,0.747,28.00,0.40
2008.01.17 13:01:58.696,0.7468,0.747,1.80,1.90
2008.01.17 13:01:58.959,0.74675,0.74695,16.00,0.40
2008.01.17 13:01:59.196,0.74675,0.74695,8.00,0.40
2008.01.17 13:01:59.393,0.74675,0.74695,8.00,0.40
2008.01.17 13:01:59.701,0.7468,0.74695,1.30,0.40
2008.01.17 13:01:59.908,0.74675,0.74695,16.00,0.40
2008.01.17 13:02:00.316,0.7468,0.74695,1.80,0.40
2008.01.17 13:02:00.756,0.7468,0.74695,1.80,2.70
2008.01.17 13:02:00.788,0.7468,0.74695,1.80,2.70
2008.01.17 13:02:01.233,0.7468,0.74695,1.80,2.70
2008.01.17 13:02:01.636,0.7468,0.74695,1.80,2.70
2008.01.17 13:02:01.832,0.7468,0.74695,1.80,2.70
2008.01.17 13:02:02.080,0.7468,0.74695,1.80,2.70
2008.01.17 13:02:02.488,0.7468,0.74695,1.80,2.70
2008.01.17 13:02:02.792,0.7468,0.74695,1.80,2.70
2008.01.17 13:02:03.096,0.7468,0.74695,1.80,2.70
2008.01.17 13:02:03.398,0.7468,0.74695,1.80,2.70
2008.01.17 13:02:03.656,0.7468,0.74695,1.80,2.70
2008.01.17 13:02:03.838,0.7468,0.74695,0.20,4.30
2008.01.17 13:02:04.093,0.7468,0.74695,0.20,4.30
2008.01.17 13:02:04.275,0.7468,0.7469,0.20,0.40
2008.01.17 13:02:04.518,0.7468,0.7469,0.20,0.40
2008.01.17 13:02:04.760,0.7468,0.7469,0.20,0.40
2008.01.17 13:02:05.002,0.7468,0.7469,0.20,0.40
2008.01.17 13:02:05.443,0.7468,0.7469,0.20,0.40
2008.01.17 13:02:05.683,0.7468,0.7469,0.20,0.40
2008.01.17 13:02:05.972,0.7468,0.7469,0.20,0.40
2008.01.17 13:02:06.210,0.7468,0.7469,0.20,0.40
2008.01.17 13:02:06.581,0.7468,0.7469,0.20,0.40
2008.01.17 13:02:06.818,0.7468,0.7469,0.20,0.40
2008.01.17 13:02:07.087,0.7468,0.7469,0.20,0.40
2008.01.17 13:02:07.313,0.7467,0.74685,2.60,0.40
2008.01.17 13:02:07.602,0.7467,0.74685,1.80,0.40
2008.01.17 13:02:07.825,0.74675,0.7469,0.20,1.90
2008.01.17 13:02:08.147,0.74675,0.7469,0.20,1.90
2008.01.17 13:02:08.353,0.74675,0.7469,1.80,0.40
2008.01.17 13:02:08.661,0.74675,0.7469,1.00,0.40
2008.01.17 13:02:08.871,0.74675,0.7469,0.20,1.90
2008.01.17 13:02:09.276,0.74675,0.7469,0.20,2.70
2008.01.17 13:02:09.300,0.74675,0.7469,0.20,1.90
2008.01.17 13:02:09.711,0.74675,0.7469,0.20,9.90
2008.01.17 13:02:09.909,0.7467,0.74685,1.80,0.40
2008.01.17 13:02:10.153,0.7467,0.74685,1.80,0.40
2008.01.17 13:02:10.600,0.7467,0.74685,1.80,0.40
2008.01.17 13:02:11.057,0.7467,0.74685,1.80,0.40
2008.01.17 13:02:11.087,0.7467,0.74685,1.80,0.40
2008.01.17 13:02:11.315,0.7467,0.74685,1.80,0.40
2008.01.17 13:02:11.599,0.7467,0.74685,1.80,0.40
2008.01.17 13:02:11.827,0.7467,0.74685,1.80,0.40
2008.01.17 13:02:12.056,0.7467,0.74685,1.80,0.40
2008.01.17 13:02:12.285,0.74675,0.7469,1.80,0.40
2008.01.17 13:02:12.610,0.74675,0.7469,1.80,0.40
2008.01.17 13:02:12.908,0.74675,0.7469,0.20,1.90
2008.01.17 13:02:13.241,0.74675,0.7469,0.20,1.90
2008.01.17 13:02:13.389,0.74675,0.7469,0.20,1.90
2008.01.17 13:02:13.625,0.74675,0.7469,0.20,1.90
2008.01.17 13:02:13.773,0.74675,0.7469,0.20,1.90
2008.01.17 13:02:14.104,0.7467,0.74685,1.80,0.40
2008.01.17 13:02:14.253,0.7467,0.74685,1.80,0.40
2008.01.17 13:02:14.536,0.7467,0.74685,1.80,0.40
2008.01.17 13:02:14.820,0.7467,0.74685,1.80,0.40
2008.01.17 13:02:15.104,0.7467,0.74685,1.80,0.40
2008.01.17 13:02:15.566,0.7467,0.7469,1.80,10.00
2008.01.17 13:02:15.792,0.74675,0.7469,0.20,2.00
2008.01.17 13:02:16.026,0.74675,0.7469,0.20,2.00
2008.01.17 13:02:16.469,0.74675,0.7469,0.20,2.00
2008.01.17 13:02:16.893,0.74675,0.7469,0.20,2.00
2008.01.17 13:02:16.911,0.74675,0.7469,0.20,2.00
2008.01.17 13:02:17.128,0.74675,0.74685,0.20,0.40
2008.01.17 13:02:17.350,0.74675,0.7469,0.20,2.00
2008.01.17 13:02:17.566,0.74675,0.7469,0.20,2.00
2008.01.17 13:02:17.870,0.74675,0.74685,0.20,0.40
2008.01.17 13:02:18.380,0.74675,0.7469,0.20,2.80
2008.01.17 13:02:18.871,0.74675,0.7469,0.20,2.80
2008.01.17 13:02:19.088,0.7467,0.74675,1.60,0.40
2008.01.17 13:02:19.331,0.74665,0.7468,5.00,2.00
2008.01.17 13:02:19.548,0.74665,0.74675,4.20,0.40
2008.01.17 13:02:19.796,0.74675,0.7469,0.20,1.90
2008.01.17 13:02:20.188,0.74675,0.7469,0.20,0.70
2008.01.17 13:02:20.371,0.74675,0.7469,0.20,0.70
2008.01.17 13:02:20.609,0.74675,0.74695,0.20,28.10
2008.01.17 13:02:20.842,0.74675,0.74695,0.20,28.10
2008.01.17 13:02:21.082,0.74675,0.7469,0.20,0.60
2008.01.17 13:02:21.525,0.74675,0.7469,0.20,0.70
2008.01.17 13:02:21.762,0.74675,0.7469,0.20,0.60
2008.01.17 13:02:22.065,0.74675,0.74695,0.20,28.10
2008.01.17 13:02:22.583,0.74675,0.7469,0.20,0.80
2008.01.17 13:02:22.885,0.74675,0.74695,0.20,28.10
2008.01.17 13:02:23.221,0.74675,0.74695,0.20,28.10
2008.01.17 13:02:23.389,0.74675,0.7469,0.20,0.50
2008.01.17 13:02:23.557,0.74675,0.74695,0.20,28.10
2008.01.17 13:02:23.794,0.74675,0.74695,0.20,28.10
2008.01.17 13:02:24.172,0.74675,0.7469,0.20,0.50
2008.01.17 13:02:24.341,0.74675,0.74695,0.20,28.10
2008.01.17 13:02:24.655,0.74675,0.74695,0.20,28.10
2008.01.17 13:02:24.800,0.74675,0.7469,0.20,0.70
2008.01.17 13:02:25.069,0.74675,0.74695,0.20,28.10
2008.01.17 13:02:25.338,0.74675,0.74695,4.20,28.20
2008.01.17 13:02:25.605,0.74675,0.74695,4.20,28.20
2008.01.17 13:02:26.075,0.74675,0.74695,0.20,28.10
2008.01.17 13:02:26.497,0.74675,0.74695,0.20,28.10
2008.01.17 13:02:26.709,0.74675,0.7469,0.20,2.00
2008.01.17 13:02:26.952,0.74675,0.74685,0.20,0.40
2008.01.17 13:02:27.379,0.74675,0.7469,0.20,0.50
2008.01.17 13:02:27.603,0.74675,0.74695,4.20,28.20
2008.01.17 13:02:27.844,0.74675,0.7469,0.20,0.60
2008.01.17 13:02:28.068,0.74675,0.7469,0.20,0.50
2008.01.17 13:02:28.317,0.74675,0.7469,0.20,0.50
2008.01.17 13:02:28.564,0.74675,0.74695,0.20,28.10
2008.01.17 13:02:29.017,0.74675,0.74695,0.20,28.10
2008.01.17 13:02:29.265,0.74675,0.7469,0.20,0.80
2008.01.17 13:02:29.671,0.74675,0.7469,0.20,0.50
2008.01.17 13:02:29.869,0.74675,0.74695,0.20,28.10
2008.01.17 13:02:30.282,0.74675,0.74695,0.20,28.10
2008.01.17 13:02:30.479,0.74675,0.7469,0.20,0.80
2008.01.17 13:02:30.793,0.74675,0.74695,0.20,28.10
2008.01.17 13:02:30.937,0.74675,0.7469,0.20,0.70
2008.01.17 13:02:31.293,0.74675,0.74695,0.20,28.10
2008.01.17 13:02:31.436,0.74675,0.7469,0.20,0.80
2008.01.17 13:02:31.756,0.74675,0.7469,0.20,0.50
2008.01.17 13:02:31.996,0.74675,0.7469,0.20,0.60
2008.01.17 13:02:32.239,0.74675,0.74695,0.20,28.10
2008.01.17 13:02:32.476,0.74675,0.7469,0.20,0.70
2008.01.17 13:02:32.828,0.74675,0.7469,0.20,2.00
2008.01.17 13:02:33.086,0.74675,0.7469,0.20,2.00
2008.01.17 13:02:33.344,0.74675,0.7469,0.20,2.00
2008.01.17 13:02:33.603,0.74675,0.74685,0.20,0.40
2008.01.17 13:02:33.842,0.74675,0.7469,0.20,2.00
2008.01.17 13:02:34.044,0.74675,0.7469,0.20,2.00
2008.01.17 13:02:34.377,0.74675,0.7469,0.20,2.00
2008.01.17 13:02:34.581,0.74675,0.74685,0.20,0.40
2008.01.17 13:02:34.807,0.74675,0.74685,0.20,0.70
2008.01.17 13:02:35.030,0.74675,0.74685,0.20,0.70
2008.01.17 13:02:35.335,0.74675,0.7469,0.20,2.30
2008.01.17 13:02:35.558,0.74675,0.74685,0.20,0.70
2008.01.17 13:02:35.813,0.74675,0.7469,0.20,2.30
2008.01.17 13:02:36.020,0.74675,0.74685,0.20,0.70
2008.01.17 13:02:36.334,0.74675,0.7469,0.20,2.30
2008.01.17 13:02:36.747,0.74675,0.7469,0.20,3.10
2008.01.17 13:02:36.953,0.74675,0.7469,0.20,2.30
2008.01.17 13:02:37.212,0.74675,0.74685,0.20,0.70
2008.01.17 13:02:37.470,0.74675,0.7469,0.20,10.30
2008.01.17 13:02:37.729,0.74675,0.74685,0.20,0.70
2008.01.17 13:02:38.185,0.74675,0.7469,0.20,10.30
2008.01.17 13:02:38.411,0.74675,0.7469,0.20,10.30
2008.01.17 13:02:38.642,0.74675,0.74685,0.20,0.70
2008.01.17 13:02:38.870,0.74675,0.7469,0.20,10.30
2008.01.17 13:02:39.098,0.74675,0.74685,0.20,0.70
2008.01.17 13:02:39.331,0.74675,0.74695,4.20,30.80
2008.01.17 13:02:39.569,0.74675,0.7469,4.20,0.40
2008.01.17 13:02:40.018,0.74675,0.74695,4.20,24.40
2008.01.17 13:02:40.250,0.74675,0.7469,5.00,0.40
2008.01.17 13:02:40.680,0.74675,0.7469,5.00,0.40
2008.01.17 13:02:40.914,0.74675,0.74695,5.00,24.40
2008.01.17 13:02:41.357,0.74675,0.74695,5.00,24.40
2008.01.17 13:02:41.499,0.74675,0.74695,5.00,24.40
2008.01.17 13:02:41.730,0.74675,0.74695,5.00,24.40
2008.01.17 13:02:41.869,0.74675,0.7469,5.00,0.40
2008.01.17 13:02:42.222,0.74675,0.7469,5.00,0.40
2008.01.17 13:02:42.366,0.7468,0.74695,0.20,0.70
2008.01.17 13:02:42.605,0.7468,0.747,0.20,13.10
2008.01.17 13:02:43.151,0.7468,0.747,0.20,12.30
2008.01.17 13:02:43.484,0.7468,0.74695,0.20,0.60
2008.01.17 13:02:43.817,0.7468,0.74695,0.20,0.50
2008.01.17 13:02:44.131,0.7468,0.747,0.20,12.30
2008.01.17 13:02:44.319,0.7468,0.747,0.20,12.30
2008.01.17 13:02:44.568,0.7468,0.747,0.20,12.30
2008.01.17 13:02:44.801,0.7468,0.747,0.20,12.30
2008.01.17 13:02:45.056,0.7468,0.747,0.20,12.30
2008.01.17 13:02:45.289,0.7468,0.747,0.20,12.30
2008.01.17 13:02:45.524,0.7468,0.74695,0.20,0.70
2008.01.17 13:02:45.756,0.7468,0.747,0.20,13.50
2008.01.17 13:02:46.005,0.7468,0.74695,0.20,0.70
2008.01.17 13:02:46.253,0.7468,0.747,0.20,13.50
2008.01.17 13:02:46.501,0.7468,0.747,0.20,13.50
2008.01.17 13:02:46.945,0.7468,0.7469,0.20,14.40
2008.01.17 13:02:47.180,0.7468,0.7469,0.20,14.40
2008.01.17 13:02:47.421,0.74675,0.7469,0.20,2.30
2008.01.17 13:02:47.655,0.74675,0.7469,0.20,2.30
2008.01.17 13:02:47.964,0.74675,0.7469,0.20,2.30
2008.01.17 13:02:48.176,0.74675,0.74685,0.20,0.40
2008.01.17 13:02:48.486,0.7468,0.74685,0.20,0.40
2008.01.17 13:02:48.901,0.7468,0.7469,0.20,0.80
2008.01.17 13:02:49.326,0.7467,0.7469,0.20,23.90
2008.01.17 13:02:49.365,0.7467,0.7469,1.80,15.90
2008.01.17 13:02:49.827,0.7467,0.7469,0.20,9.90
2008.01.17 13:02:50.071,0.7467,0.74685,0.20,0.90
2008.01.17 13:02:50.303,0.7467,0.7469,0.20,11.10
2008.01.17 13:02:50.496,0.7467,0.74685,0.20,0.60
2008.01.17 13:02:50.726,0.7467,0.7469,0.20,11.10
2008.01.17 13:02:50.919,0.7467,0.7469,0.20,11.10
2008.01.17 13:02:51.327,0.7467,0.7469,0.20,11.10
2008.01.17 13:02:51.352,0.7467,0.74685,0.20,0.70
2008.01.17 13:02:51.785,0.7467,0.7469,0.20,11.10
2008.01.17 13:02:52.026,0.7467,0.74685,0.20,0.80
2008.01.17 13:02:52.309,0.7467,0.74685,0.20,0.50
2008.01.17 13:02:52.523,0.7467,0.7469,0.20,11.10
2008.01.17 13:02:52.766,0.7467,0.74685,0.20,0.70
2008.01.17 13:02:52.978,0.7467,0.74685,0.20,0.60
2008.01.17 13:02:53.323,0.7467,0.7469,0.20,11.10
2008.01.17 13:02:53.544,0.7467,0.74685,0.20,0.90
2008.01.17 13:02:53.946,0.7467,0.7469,0.20,11.10
2008.01.17 13:02:54.170,0.7467,0.7469,0.20,11.10
2008.01.17 13:02:54.511,0.7467,0.74685,0.20,4.40
2008.01.17 13:02:54.693,0.7467,0.74685,0.20,0.80
2008.01.17 13:02:54.912,0.7467,0.7469,0.20,13.50
2008.01.17 13:02:55.095,0.7467,0.7469,0.20,13.50
2008.01.17 13:02:55.277,0.7467,0.7469,0.20,13.50
2008.01.17 13:02:55.501,0.7467,0.7469,0.20,13.50
2008.01.17 13:02:55.682,0.7467,0.74685,0.20,0.60
2008.01.17 13:02:56.042,0.7467,0.7469,1.80,13.50
2008.01.17 13:02:56.496,0.7467,0.7469,1.80,13.50
2008.01.17 13:02:56.749,0.7467,0.74685,0.20,0.70
2008.01.17 13:02:56.972,0.7467,0.7469,1.80,13.50
2008.01.17 13:02:57.194,0.7467,0.7469,1.80,13.50
2008.01.17 13:02:57.625,0.7467,0.74685,1.80,0.50
2008.01.17 13:02:57.768,0.7467,0.74685,1.80,0.70
2008.01.17 13:02:57.913,0.7467,0.74685,1.80,0.70
2008.01.17 13:02:58.143,0.7467,0.74685,1.80,0.70
2008.01.17 13:02:58.284,0.7467,0.74685,1.80,0.70
2008.01.17 13:02:58.647,0.7467,0.74685,1.80,0.60
2008.01.17 13:02:58.874,0.7467,0.7469,1.80,13.50
2008.01.17 13:02:59.281,0.7467,0.74685,0.20,0.60
2008.01.17 13:02:59.512,0.7467,0.74685,0.20,0.60
2008.01.17 13:02:59.740,0.7467,0.7469,1.80,13.50
2008.01.17 13:02:59.944,0.7467,0.7469,1.80,13.50
2008.01.17 13:03:00.183,0.7467,0.7469,1.80,13.50
2008.01.17 13:03:00.385,0.74665,0.7468,4.20,0.40
2008.01.17 13:03:00.615,0.74665,0.7468,4.20,0.40
2008.01.17 13:03:00.818,0.7467,0.7468,0.20,0.40
2008.01.17 13:03:01.152,0.7467,0.7468,0.20,0.40
2008.01.17 13:03:01.409,0.74665,0.74685,4.20,24.40
2008.01.17 13:03:01.667,0.74665,0.7468,4.20,0.40
2008.01.17 13:03:01.924,0.74665,0.74685,4.20,24.40
2008.01.17 13:03:02.161,0.74665,0.7468,4.20,0.40
2008.01.17 13:03:02.285,0.74665,0.74685,4.20,24.40
2008.01.17 13:03:02.400,0.74665,0.7468,4.20,0.40
2008.01.17 13:03:02.657,0.74665,0.74685,4.20,25.20
2008.01.17 13:03:02.901,0.74665,0.7468,4.20,0.40
2008.01.17 13:03:03.355,0.74665,0.74685,4.20,25.20
2008.01.17 13:03:03.586,0.7467,0.74685,0.20,5.20
2008.01.17 13:03:03.869,0.74665,0.74685,4.20,25.20
2008.01.17 13:03:04.095,0.74665,0.74685,4.20,25.20
2008.01.17 13:03:04.481,0.74665,0.7468,1.60,8.40
2008.01.17 13:03:04.655,0.7466,0.7468,2.60,10.00
2008.01.17 13:03:05.043,0.74665,0.7468,0.20,2.00
2008.01.17 13:03:05.059,0.74665,0.74675,0.20,0.40
2008.01.17 13:03:05.235,0.7466,0.7468,1.80,2.00
2008.01.17 13:03:05.522,0.7466,0.7468,1.80,10.00
2008.01.17 13:03:05.936,0.7466,0.74675,1.80,0.40
2008.01.17 13:03:06.134,0.7466,0.7468,1.80,10.00
2008.01.17 13:03:06.371,0.7466,0.7468,1.80,10.00
2008.01.17 13:03:06.818,0.7466,0.7468,1.80,10.00
2008.01.17 13:03:06.850,0.7466,0.74675,1.80,0.40
2008.01.17 13:03:07.291,0.7466,0.7468,2.60,10.00
2008.01.17 13:03:07.530,0.7466,0.74675,1.80,0.40
2008.01.17 13:03:07.783,0.7466,0.74675,1.80,0.40
2008.01.17 13:03:08.042,0.7466,0.7468,1.80,13.10
2008.01.17 13:03:08.457,0.7466,0.74675,1.80,0.40
2008.01.17 13:03:08.719,0.7466,0.7468,1.80,10.80
2008.01.17 13:03:08.939,0.7466,0.7468,1.80,11.20
2008.01.17 13:03:09.120,0.7466,0.74675,1.80,0.40
2008.01.17 13:03:09.422,0.74665,0.74675,0.20,0.40
2008.01.17 13:03:09.605,0.74665,0.7468,0.20,2.00
2008.01.17 13:03:09.837,0.74665,0.7468,0.20,2.00
2008.01.17 13:03:10.081,0.74665,0.7468,0.20,2.00
2008.01.17 13:03:10.327,0.7467,0.7468,0.20,0.50
2008.01.17 13:03:10.789,0.74665,0.74675,0.20,0.40
2008.01.17 13:03:11.031,0.74665,0.7468,0.20,2.00
2008.01.17 13:03:11.280,0.74665,0.7468,0.20,2.00
2008.01.17 13:03:11.712,0.74665,0.7468,4.20,0.40
2008.01.17 13:03:11.939,0.74665,0.74685,4.20,25.20
2008.01.17 13:03:12.189,0.74665,0.74685,4.20,25.20
2008.01.17 13:03:12.654,0.74665,0.74685,4.20,25.60
2008.01.17 13:03:12.903,0.74665,0.74685,4.20,25.60
2008.01.17 13:03:13.151,0.74665,0.7468,4.20,0.40
2008.01.17 13:03:13.589,0.74665,0.74685,0.20,25.50
2008.01.17 13:03:13.818,0.7466,0.74675,2.60,0.80
2008.01.17 13:03:14.050,0.7466,0.74675,1.80,0.80
2008.01.17 13:03:14.278,0.7466,0.7468,1.80,12.30
2008.01.17 13:03:14.508,0.7466,0.74675,1.80,0.50
2008.01.17 13:03:14.731,0.7466,0.7468,1.80,12.30
2008.01.17 13:03:15.043,0.7466,0.7468,1.80,12.30
2008.01.17 13:03:15.268,0.7466,0.74675,1.80,0.90
2008.01.17 13:03:15.701,0.7466,0.7468,1.80,12.30
2008.01.17 13:03:15.873,0.7466,0.7468,1.80,12.30
2008.01.17 13:03:18.009,0.7466,0.7468,1.80,12.30
2008.01.17 13:03:18.057,0.7466,0.74675,1.80,0.90
2008.01.17 13:03:18.296,0.7466,0.7467,1.80,0.40
2008.01.17 13:03:18.346,0.7466,0.7467,0.20,0.40
2008.01.17 13:03:18.584,0.7466,0.7467,0.20,0.40
2008.01.17 13:03:18.632,0.7466,0.7467,0.20,0.40
2008.01.17 13:03:18.866,0.74665,0.74685,1.80,33.90
2008.01.17 13:03:18.913,0.74665,0.7468,1.80,0.50
2008.01.17 13:03:19.173,0.74665,0.7468,1.80,0.90
2008.01.17 13:03:19.722,0.74655,0.7467,5.00,0.40
2008.01.17 13:03:20.054,0.74655,0.74675,4.20,24.50
2008.01.17 13:03:20.388,0.74655,0.7467,4.20,0.40
2008.01.17 13:03:20.792,0.74655,0.7467,4.20,0.40
2008.01.17 13:03:20.981,0.74655,0.74665,0.20,0.40
2008.01.17 13:03:21.214,0.7465,0.7467,1.80,2.80
2008.01.17 13:03:21.611,0.7465,0.7467,0.20,10.70
2008.01.17 13:03:21.665,0.7465,0.74665,0.20,0.70
2008.01.17 13:03:22.096,0.74655,0.74665,0.20,0.40
2008.01.17 13:03:22.353,0.7465,0.7466,0.20,0.40
2008.01.17 13:03:22.616,0.7465,0.74665,0.20,2.00
2008.01.17 13:03:22.871,0.7465,0.7466,0.20,0.40
2008.01.17 13:03:23.322,0.74645,0.74665,4.20,22.00
2008.01.17 13:03:23.582,0.74645,0.74665,1.80,24.40
2008.01.17 13:03:23.878,0.7464,0.7466,2.60,10.00
2008.01.17 13:03:24.026,0.7464,0.74655,2.60,0.40
2008.01.17 13:03:24.324,0.7464,0.7466,2.60,10.00
2008.01.17 13:03:24.470,0.7464,0.74655,2.60,0.40
2008.01.17 13:03:24.699,0.7464,0.7466,2.60,10.00
2008.01.17 13:03:25.148,0.7464,0.74655,0.20,0.90
2008.01.17 13:03:25.597,0.7464,0.7466,0.20,12.30
2008.01.17 13:03:25.810,0.7464,0.74655,0.20,4.40
2008.01.17 13:03:26.025,0.7464,0.74655,0.20,4.40
2008.01.17 13:03:26.238,0.7464,0.74655,0.20,0.50
2008.01.17 13:03:26.477,0.7464,0.74655,0.20,0.70
2008.01.17 13:03:26.898,0.7464,0.7466,0.20,13.90
2008.01.17 13:03:27.161,0.7464,0.74655,0.20,0.60
2008.01.17 13:03:27.426,0.7464,0.7466,0.20,13.10
2008.01.17 13:03:27.693,0.7464,0.7466,0.20,13.10
2008.01.17 13:03:27.953,0.74645,0.74665,0.20,30.70
2008.01.17 13:03:28.154,0.7465,0.74665,0.20,30.70
2008.01.17 13:03:28.384,0.74645,0.7465,1.60,0.40
2008.01.17 13:03:28.583,0.7464,0.74655,0.20,22.00
2008.01.17 13:03:28.821,0.74635,0.7465,5.00,0.40
2008.01.17 13:03:29.263,0.74635,0.74655,4.20,24.40
2008.01.17 13:03:29.287,0.74645,0.7466,0.20,13.10
2008.01.17 13:03:29.727,0.74645,0.74655,0.20,0.60
2008.01.17 13:03:29.961,0.74645,0.74655,0.20,0.70
2008.01.17 13:03:30.200,0.74645,0.7466,0.20,27.50
2008.01.17 13:03:30.655,0.74635,0.7465,5.00,0.40
2008.01.17 13:03:30.895,0.74635,0.7465,5.00,0.40
2008.01.17 13:03:31.242,0.74635,0.74655,5.00,24.40
2008.01.17 13:03:31.434,0.74635,0.7465,5.00,0.40
2008.01.17 13:03:31.719,0.74635,0.7465,5.00,0.40
2008.01.17 13:03:31.909,0.74635,0.74655,5.00,24.40
2008.01.17 13:03:32.146,0.74635,0.74655,5.00,24.40
2008.01.17 13:03:32.336,0.74635,0.74655,5.00,24.40
2008.01.17 13:03:32.634,0.74635,0.74655,5.00,24.40
2008.01.17 13:03:33.123,0.74635,0.7465,2.60,0.40
2008.01.17 13:03:33.422,0.7464,0.7466,1.80,13.10
2008.01.17 13:03:33.659,0.7464,0.7466,1.80,13.10
2008.01.17 13:03:34.072,0.7464,0.74655,1.80,0.60
2008.01.17 13:03:34.089,0.74635,0.74655,1.80,25.10
2008.01.17 13:03:34.503,0.74635,0.74655,0.20,25.90
2008.01.17 13:03:34.706,0.74635,0.74655,0.20,25.10
2008.01.17 13:03:34.980,0.74635,0.7465,4.20,0.40
2008.01.17 13:03:35.213,0.74635,0.74655,0.20,17.10
2008.01.17 13:03:35.448,0.74635,0.74655,4.20,4.40
2008.01.17 13:03:35.890,0.74635,0.7465,4.20,0.40
2008.01.17 13:03:36.118,0.7464,0.74655,1.80,0.60
2008.01.17 13:03:36.355,0.7464,0.7466,1.80,13.50
2008.01.17 13:03:36.792,0.7464,0.74655,0.20,4.40
2008.01.17 13:03:37.255,0.7464,0.74655,0.20,4.40
2008.01.17 13:03:37.298,0.7464,0.74655,0.20,4.40
2008.01.17 13:03:37.734,0.7464,0.74655,0.20,5.20
2008.01.17 13:03:37.987,0.7463,0.7465,2.60,10.00
2008.01.17 13:03:38.248,0.7464,0.74655,0.20,32.30
2008.01.17 13:03:38.476,0.7464,0.74655,0.20,0.50
2008.01.17 13:03:38.827,0.74635,0.74655,2.40,26.80
2008.01.17 13:03:39.257,0.7463,0.74645,2.60,0.40
2008.01.17 13:03:39.275,0.7463,0.74645,2.60,0.40
2008.01.17 13:03:39.467,0.74635,0.7465,0.20,0.70
2008.01.17 13:03:39.698,0.74635,0.74655,0.20,24.30
2008.01.17 13:03:39.892,0.7463,0.74645,1.80,0.40
2008.01.17 13:03:40.292,0.7463,0.7465,1.80,10.00
2008.01.17 13:03:40.540,0.7463,0.74645,1.80,0.40
2008.01.17 13:03:40.789,0.7463,0.7465,1.80,10.00
2008.01.17 13:03:41.037,0.7463,0.74645,0.20,4.40
2008.01.17 13:03:41.285,0.7463,0.74645,0.20,4.40
2008.01.17 13:03:41.514,0.7463,0.74645,0.20,4.40
2008.01.17 13:03:41.716,0.7463,0.7464,0.20,0.40
2008.01.17 13:03:41.934,0.7463,0.74645,0.20,24.40
2008.01.17 13:03:42.137,0.7463,0.7464,0.20,0.40
2008.01.17 13:03:44.285,0.74625,0.7464,5.00,0.40
2008.01.17 13:03:44.301,0.74625,0.74645,5.00,24.40
2008.01.17 13:03:44.324,0.74625,0.7464,5.00,0.40
2008.01.17 13:03:44.346,0.74625,0.74645,5.00,24.40
2008.01.17 13:03:44.369,0.74625,0.7464,5.00,0.40
2008.01.17 13:03:44.582,0.74625,0.74645,5.00,24.40
2008.01.17 13:03:44.605,0.74625,0.74645,5.00,24.40
2008.01.17 13:03:44.629,0.74625,0.74645,5.00,24.40
2008.01.17 13:03:44.863,0.74625,0.74645,5.00,24.40
2008.01.17 13:03:44.888,0.7463,0.74645,0.20,24.40
2008.01.17 13:03:45.124,0.7463,0.7464,0.20,0.40
2008.01.17 13:03:45.149,0.7463,0.7464,0.20,0.40
2008.01.17 13:03:45.171,0.7463,0.74645,0.20,24.40
2008.01.17 13:03:45.437,0.74635,0.74645,0.20,0.80
2008.01.17 13:03:45.989,0.74635,0.74645,0.20,0.80
2008.01.17 13:03:46.101,0.7463,0.7464,0.20,0.40
2008.01.17 13:03:46.683,0.7463,0.7464,0.20,0.40
2008.01.17 13:03:46.865,0.7463,0.74645,0.20,5.20
2008.01.17 13:03:47.096,0.7463,0.74645,0.20,5.20
2008.01.17 13:03:47.279,0.7463,0.7464,0.20,0.40
2008.01.17 13:03:47.681,0.7463,0.74645,0.20,25.20
2008.01.17 13:03:47.942,0.7463,0.7465,1.80,33.50
2008.01.17 13:03:48.202,0.7463,0.74645,1.80,0.50
2008.01.17 13:03:48.678,0.7462,0.74635,2.60,0.40
2008.01.17 13:03:49.015,0.74625,0.7464,1.80,0.50
2008.01.17 13:03:49.186,0.74625,0.74645,1.80,33.50
2008.01.17 13:03:49.421,0.74625,0.7464,1.60,8.40
2008.01.17 13:03:49.804,0.7462,0.7464,2.60,10.00
2008.01.17 13:03:49.969,0.7462,0.7464,1.80,12.30
2008.01.17 13:03:50.290,0.7462,0.7464,1.80,12.30
2008.01.17 13:03:50.765,0.7462,0.7464,1.00,12.30
2008.01.17 13:03:51.029,0.7462,0.7464,2.60,12.30
2008.01.17 13:03:51.264,0.7462,0.7464,2.60,12.30
2008.01.17 13:03:51.714,0.74625,0.74645,1.80,26.80
2008.01.17 13:03:52.156,0.74625,0.74645,1.80,27.20
2008.01.17 13:03:52.378,0.74625,0.74645,1.80,24.40
2008.01.17 13:03:52.611,0.74625,0.74645,1.80,25.60
2008.01.17 13:03:53.053,0.7462,0.74635,1.80,0.90
2008.01.17 13:03:53.269,0.7462,0.74635,2.60,0.70
2008.01.17 13:03:53.507,0.74625,0.74645,0.20,25.10
2008.01.17 13:03:53.942,0.74625,0.74645,0.20,25.10
2008.01.17 13:03:54.162,0.74625,0.74645,1.80,24.40
2008.01.17 13:03:54.499,0.7462,0.7464,2.60,12.30
2008.01.17 13:03:54.951,0.7462,0.7464,2.60,12.30
2008.01.17 13:03:55.209,0.7462,0.7464,2.60,12.30
2008.01.17 13:03:55.439,0.74625,0.7464,0.20,2.00
2008.01.17 13:03:55.626,0.74625,0.7464,0.20,2.00
2008.01.17 13:03:55.870,0.74625,0.74645,1.80,25.20
2008.01.17 13:03:56.059,0.74625,0.7464,2.60,0.40
2008.01.17 13:03:56.377,0.74635,0.7465,0.20,25.10
2008.01.17 13:03:56.770,0.74635,0.7465,0.20,13.10
2008.01.17 13:03:57.011,0.7464,0.74645,0.20,2.40
2008.01.17 13:03:57.293,0.7464,0.74645,0.20,2.40
2008.01.17 13:03:57.532,0.7464,0.74645,0.20,2.40
2008.01.17 13:03:57.802,0.7464,0.74645,0.20,2.40
2008.01.17 13:03:57.886,0.7464,0.74645,0.20,1.20
2008.01.17 13:03:58.283,0.7464,0.74645,0.20,1.00
2008.01.17 13:03:58.551,0.7464,0.7465,0.20,0.90
2008.01.17 13:03:58.781,0.7464,0.7465,0.20,3.70
2008.01.17 13:03:59.189,0.74635,0.7465,1.00,2.50
2008.01.17 13:03:59.381,0.74635,0.7464,0.80,0.40
2008.01.17 13:03:59.618,0.74625,0.7464,4.20,0.40
2008.01.17 13:04:00.079,0.74625,0.74645,4.20,22.00
2008.01.17 13:04:00.328,0.74625,0.74645,4.20,14.00
2008.01.17 13:04:00.582,0.7463,0.7465,0.20,13.50
2008.01.17 13:04:01.035,0.7463,0.74645,0.20,1.30
2008.01.17 13:04:01.304,0.7463,0.74645,0.20,0.80
2008.01.17 13:04:01.571,0.7463,0.7465,0.20,12.30
2008.01.17 13:04:02.048,0.7463,0.74645,0.20,0.70
2008.01.17 13:04:02.062,0.7463,0.74645,0.20,0.60
2008.01.17 13:04:02.265,0.7463,0.7465,0.20,12.30
2008.01.17 13:04:02.504,0.7463,0.7465,0.20,12.30
2008.01.17 13:04:02.706,0.7463,0.74645,0.20,1.10
2008.01.17 13:04:03.078,0.7463,0.74645,0.20,2.30
2008.01.17 13:04:03.282,0.7463,0.74645,0.20,1.30
2008.01.17 13:04:03.502,0.7463,0.74645,0.20,1.30
2008.01.17 13:04:03.705,0.7463,0.74645,0.20,1.20
2008.01.17 13:04:04.036,0.7463,0.74645,1.00,0.80
2008.01.17 13:04:04.238,0.7463,0.74645,1.80,0.80
2008.01.17 13:04:04.497,0.7463,0.74645,1.80,1.30
2008.01.17 13:04:04.755,0.7463,0.74645,1.80,1.50
2008.01.17 13:04:05.114,0.74635,0.7465,0.20,12.30
2008.01.17 13:04:05.376,0.74635,0.7465,1.00,10.70
2008.01.17 13:04:05.613,0.74635,0.7465,0.80,10.70
2008.01.17 13:04:05.836,0.7463,0.74645,1.00,1.70
2008.01.17 13:04:06.061,0.7463,0.74645,1.00,1.00
2008.01.17 13:04:06.284,0.7463,0.7465,0.20,12.30
2008.01.17 13:04:06.518,0.7463,0.7465,0.20,12.30
2008.01.17 13:04:06.950,0.7463,0.7465,0.20,12.30
2008.01.17 13:04:07.163,0.7463,0.74645,1.00,1.70
2008.01.17 13:04:07.402,0.7463,0.74645,1.80,1.70
2008.01.17 13:04:07.663,0.7463,0.74645,1.80,1.30
2008.01.17 13:04:07.927,0.7463,0.74645,1.80,0.80
2008.01.17 13:04:08.380,0.7463,0.7465,1.00,12.30
2008.01.17 13:04:08.849,0.7463,0.7465,2.60,12.30
2008.01.17 13:04:09.086,0.7463,0.7465,0.20,12.30
2008.01.17 13:04:09.384,0.74625,0.74645,5.00,16.40
2008.01.17 13:04:09.622,0.74625,0.74645,5.00,24.40
2008.01.17 13:04:09.907,0.74625,0.7464,5.00,0.40
2008.01.17 13:04:10.104,0.7463,0.74645,1.80,4.40
2008.01.17 13:04:10.379,0.7463,0.74645,1.60,22.80
2008.01.17 13:04:10.577,0.74625,0.74645,2.60,24.40
2008.01.17 13:04:10.812,0.74625,0.74645,1.80,24.40
2008.01.17 13:04:11.021,0.74625,0.74645,1.80,24.40
2008.01.17 13:04:11.438,0.74625,0.74645,1.80,24.40
2008.01.17 13:04:11.877,0.74625,0.7464,0.20,0.50
2008.01.17 13:04:12.084,0.74625,0.74645,0.20,24.30
2008.01.17 13:04:12.314,0.74625,0.74645,0.20,26.20
2008.01.17 13:04:12.324,0.74625,0.74645,0.20,24.30
2008.01.17 13:04:12.746,0.74625,0.7464,0.80,10.00
2008.01.17 13:04:13.014,0.7463,0.7465,1.80,32.30
2008.01.17 13:04:13.381,0.7462,0.7464,3.00,8.40
2008.01.17 13:04:13.648,0.7462,0.7464,3.00,10.00
2008.01.17 13:04:13.966,0.7462,0.74635,3.00,0.40
2008.01.17 13:04:14.126,0.7462,0.74635,2.60,0.40
2008.01.17 13:04:14.283,0.7462,0.7464,2.60,10.00
2008.01.17 13:04:14.541,0.7462,0.74635,2.60,0.40
2008.01.17 13:04:14.699,0.7462,0.7464,2.60,10.00
2008.01.17 13:04:15.065,0.7462,0.74635,2.60,0.40
2008.01.17 13:04:15.082,0.7463,0.7464,0.20,0.80
2008.01.17 13:04:15.286,0.7463,0.74645,0.20,25.90
2008.01.17 13:04:15.549,0.7462,0.7464,2.60,10.00
2008.01.17 13:04:15.964,0.7462,0.7464,2.60,10.00
2008.01.17 13:04:16.167,0.7462,0.7464,2.60,10.00
2008.01.17 13:04:16.426,0.7462,0.74635,2.60,0.40
2008.01.17 13:04:16.884,0.7462,0.74635,2.60,0.40
2008.01.17 13:04:17.137,0.7462,0.7464,2.60,10.00
2008.01.17 13:04:17.396,0.7462,0.7464,2.60,10.00
2008.01.17 13:04:17.638,0.7462,0.7464,2.60,10.00
2008.01.17 13:04:17.884,0.7462,0.7464,2.60,10.00
2008.01.17 13:04:18.331,0.7462,0.74635,2.60,0.40
2008.01.17 13:04:18.578,0.7462,0.74635,2.60,0.40
2008.01.17 13:04:18.857,0.74625,0.74635,1.80,0.40
2008.01.17 13:04:19.168,0.74625,0.74635,0.20,0.40
2008.01.17 13:04:19.654,0.74625,0.7464,0.20,0.60
2008.01.17 13:04:19.845,0.74625,0.7464,0.20,0.60
2008.01.17 13:04:20.079,0.74625,0.74645,0.20,24.30
2008.01.17 13:04:20.268,0.74625,0.74645,0.20,24.30
2008.01.17 13:04:20.524,0.74625,0.7464,0.20,0.50
2008.01.17 13:04:20.763,0.74625,0.74645,0.20,24.30
2008.01.17 13:04:21.001,0.74625,0.7464,1.00,10.00
2008.01.17 13:04:21.241,0.74625,0.7464,0.20,10.00
2008.01.17 13:04:21.553,0.74625,0.74635,0.20,0.40
2008.01.17 13:04:21.973,0.74625,0.7464,0.20,10.00
2008.01.17 13:04:22.179,0.74625,0.74635,0.20,0.40
2008.01.17 13:04:22.588,0.74625,0.7464,0.20,10.00
2008.01.17 13:04:22.821,0.74625,0.7464,0.20,10.00
2008.01.17 13:04:23.112,0.74625,0.7464,0.20,10.00
2008.01.17 13:04:23.343,0.74625,0.74635,0.20,0.40
2008.01.17 13:04:23.581,0.74625,0.7464,0.20,10.00
2008.01.17 13:04:23.816,0.74625,0.74635,0.20,0.40
2008.01.17 13:04:24.025,0.74625,0.7464,0.20,10.00
2008.01.17 13:04:24.439,0.74625,0.74635,0.20,0.40
2008.01.17 13:04:24.645,0.74625,0.7464,0.20,10.00
2008.01.17 13:04:24.873,0.74625,0.74635,0.20,0.40
2008.01.17 13:04:25.036,0.74625,0.74635,0.20,0.40
2008.01.17 13:04:25.409,0.74625,0.74635,0.20,0.40
2008.01.17 13:04:25.572,0.74625,0.7464,0.20,10.00
2008.01.17 13:04:25.871,0.74625,0.74635,0.20,0.40
2008.01.17 13:04:26.078,0.74625,0.7464,0.20,10.00
2008.01.17 13:04:26.350,0.7463,0.7464,0.20,0.70
2008.01.17 13:04:26.749,0.74625,0.7464,1.80,0.50
2008.01.17 13:04:26.956,0.74625,0.7464,0.20,0.70
2008.01.17 13:04:27.230,0.74625,0.74645,0.20,47.50
2008.01.17 13:04:27.505,0.74625,0.7464,0.20,10.00
2008.01.17 13:04:27.778,0.74625,0.74635,0.20,0.40
2008.01.17 13:04:28.052,0.74625,0.7464,0.20,18.00
2008.01.17 13:04:28.392,0.74625,0.7464,0.20,18.00
2008.01.17 13:04:28.576,0.74625,0.7464,0.20,18.00
2008.01.17 13:04:28.964,0.74625,0.7464,0.20,18.00
2008.01.17 13:04:29.148,0.74615,0.74635,0.20,24.30
2008.01.17 13:04:29.545,0.74615,0.74635,0.20,24.30
2008.01.17 13:04:29.734,0.7462,0.7464,0.80,8.40
2008.01.17 13:04:29.981,0.74625,0.7464,0.20,10.00
2008.01.17 13:04:30.170,0.74625,0.7464,0.20,10.00
2008.01.17 13:04:30.404,0.74625,0.7464,0.20,10.00
2008.01.17 13:04:30.642,0.74625,0.7464,0.20,10.00
2008.01.17 13:04:30.914,0.74625,0.74635,0.20,0.40
2008.01.17 13:04:31.147,0.74625,0.7464,0.20,10.00
2008.01.17 13:04:31.591,0.7462,0.74635,2.60,0.40
2008.01.17 13:04:31.785,0.74615,0.7463,5.00,0.40
2008.01.17 13:04:32.023,0.7461,0.74625,2.60,0.40
2008.01.17 13:04:32.427,0.7461,0.74625,2.60,0.40
2008.01.17 13:04:32.680,0.7461,0.7463,2.60,2.00
2008.01.17 13:04:32.933,0.74615,0.74635,0.20,24.30
2008.01.17 13:04:33.185,0.74615,0.74635,0.20,24.30
2008.01.17 13:04:33.439,0.74615,0.74635,0.20,24.30
2008.01.17 13:04:33.676,0.74615,0.74635,0.20,24.30
2008.01.17 13:04:33.915,0.74615,0.74635,0.20,24.30
2008.01.17 13:04:34.153,0.74615,0.74635,0.20,24.30
2008.01.17 13:04:34.391,0.74615,0.7463,0.20,0.80
2008.01.17 13:04:34.631,0.74615,0.7463,0.20,10.00
2008.01.17 13:04:34.794,0.74615,0.74625,0.20,0.40
2008.01.17 13:04:35.024,0.7461,0.7463,2.60,10.00
2008.01.17 13:04:35.186,0.7461,0.74625,2.60,0.40
2008.01.17 13:04:35.500,0.7461,0.74625,2.60,0.40
2008.01.17 13:04:35.663,0.7461,0.74625,2.60,0.40
2008.01.17 13:04:36.034,0.7461,0.7463,2.60,10.00
2008.01.17 13:04:36.302,0.7461,0.74625,2.60,0.40
2008.01.17 13:04:36.781,0.7461,0.7463,2.60,10.00
2008.01.17 13:04:37.184,0.7461,0.7463,2.60,10.00
2008.01.17 13:04:37.322,0.7461,0.7463,2.60,10.00
2008.01.17 13:04:37.461,0.7461,0.74625,2.60,0.40
2008.01.17 13:04:37.744,0.7461,0.7463,2.60,10.00
2008.01.17 13:04:37.881,0.7461,0.7463,2.60,10.00
2008.01.17 13:04:38.155,0.7461,0.7463,2.60,10.00
2008.01.17 13:04:38.428,0.7461,0.74625,2.60,0.40
2008.01.17 13:04:38.701,0.7461,0.7463,2.60,10.00
2008.01.17 13:04:39.114,0.74615,0.7463,0.20,0.60
2008.01.17 13:04:39.246,0.74615,0.7463,0.20,0.50
2008.01.17 13:04:39.379,0.74615,0.7463,0.20,0.90
2008.01.17 13:04:39.511,0.74615,0.7463,0.20,0.90
2008.01.17 13:04:39.731,0.74615,0.74635,0.20,24.30
2008.01.17 13:04:39.865,0.74615,0.7463,0.20,0.80
2008.01.17 13:04:39.997,0.74615,0.74635,0.20,24.30
2008.01.17 13:04:40.294,0.74615,0.74635,0.20,24.30
2008.01.17 13:04:40.494,0.7461,0.74625,2.60,0.60
2008.01.17 13:04:40.845,0.7462,0.7463,0.20,12.00
2008.01.17 13:04:41.043,0.7462,0.7463,0.20,0.70
2008.01.17 13:04:41.265,0.7462,0.7464,0.20,34.70
2008.01.17 13:04:41.463,0.7462,0.7464,0.20,34.70
2008.01.17 13:04:41.709,0.7462,0.74635,0.20,0.60
2008.01.17 13:04:42.157,0.7462,0.7464,0.20,34.70
2008.01.17 13:04:42.193,0.7462,0.7464,0.20,34.70
2008.01.17 13:04:42.437,0.7462,0.7464,0.20,34.70
2008.01.17 13:04:42.740,0.7462,0.7464,0.20,34.70
2008.01.17 13:04:42.991,0.7462,0.7464,0.20,34.70
2008.01.17 13:04:43.458,0.7462,0.7464,0.20,34.70
2008.01.17 13:04:43.715,0.7462,0.7464,0.20,34.70
2008.01.17 13:04:44.011,0.7462,0.7464,0.20,34.70
2008.01.17 13:04:44.154,0.7462,0.74635,0.20,0.80
2008.01.17 13:04:44.298,0.7462,0.7464,0.20,34.70
2008.01.17 13:04:44.650,0.7462,0.7464,0.20,34.70
2008.01.17 13:04:44.843,0.7462,0.74635,0.20,0.70
2008.01.17 13:04:45.091,0.7462,0.7464,1.80,34.70
2008.01.17 13:04:45.289,0.7462,0.74635,1.80,0.70
2008.01.17 13:04:45.595,0.7462,0.7463,1.60,0.40
2008.01.17 13:04:45.999,0.74615,0.7463,2.60,0.40
2008.01.17 13:04:46.287,0.74615,0.74635,1.80,24.40
2008.01.17 13:04:46.576,0.74615,0.74635,1.80,24.40
2008.01.17 13:04:46.865,0.74615,0.7463,1.80,0.40
2008.01.17 13:04:47.133,0.74615,0.74635,1.80,24.40
2008.01.17 13:04:47.384,0.74615,0.7463,1.80,0.40
2008.01.17 13:04:47.639,0.74615,0.74635,1.80,24.40
2008.01.17 13:04:47.892,0.74615,0.74635,0.20,24.30
2008.01.17 13:04:48.130,0.74615,0.74635,0.20,24.30
2008.01.17 13:04:48.315,0.74615,0.7463,0.20,0.90
2008.01.17 13:04:48.550,0.74615,0.7463,0.20,0.90
2008.01.17 13:04:48.731,0.74615,0.74635,0.20,24.30
2008.01.17 13:04:48.954,0.74615,0.7463,0.20,0.60
2008.01.17 13:04:49.169,0.74615,0.7463,0.20,0.80
2008.01.17 13:04:49.591,0.74615,0.74635,0.20,27.50
2008.01.17 13:04:49.805,0.74615,0.74635,0.20,26.70
2008.01.17 13:04:50.020,0.74615,0.74635,0.20,26.70
2008.01.17 13:04:50.245,0.74615,0.74635,0.20,26.70
2008.01.17 13:04:50.428,0.74615,0.74635,0.20,26.70
2008.01.17 13:04:50.762,0.74615,0.7463,2.60,0.80
2008.01.17 13:04:50.945,0.74615,0.7462,2.60,0.50
2008.01.17 13:04:51.339,0.74615,0.74625,0.20,20.00
2008.01.17 13:04:51.537,0.7461,0.74625,2.40,22.70
2008.01.17 13:04:51.873,0.74605,0.7462,4.20,0.70
2008.01.17 13:04:52.072,0.74605,0.74615,0.20,0.80
2008.01.17 13:04:52.300,0.74605,0.7462,0.20,24.30
2008.01.17 13:04:52.523,0.74605,0.7462,0.20,24.30
2008.01.17 13:04:52.929,0.74605,0.7462,0.20,24.30
2008.01.17 13:04:53.152,0.74605,0.7462,0.20,24.30
2008.01.17 13:04:53.482,0.74605,0.7462,0.20,24.30
2008.01.17 13:04:53.656,0.74605,0.74615,0.20,0.50
2008.01.17 13:04:53.891,0.746,0.74615,4.20,0.90
2008.01.17 13:04:54.058,0.746,0.74615,4.20,0.90
2008.01.17 13:04:54.359,0.746,0.7462,4.20,26.70
2008.01.17 13:04:54.547,0.746,0.7462,4.20,26.70
2008.01.17 13:04:54.850,0.746,0.74615,4.20,0.60
2008.01.17 13:04:55.105,0.746,0.7462,4.20,26.70
2008.01.17 13:04:55.574,0.746,0.7462,4.20,27.50
2008.01.17 13:04:55.701,0.746,0.7462,4.20,26.70
2008.01.17 13:04:55.935,0.746,0.7462,4.20,26.70
2008.01.17 13:04:56.064,0.746,0.7462,4.20,26.70
2008.01.17 13:04:56.362,0.746,0.7462,4.20,26.70
2008.01.17 13:04:56.680,0.746,0.7462,4.20,26.70
2008.01.17 13:04:56.808,0.746,0.7462,4.20,26.70
2008.01.17 13:04:57.199,0.746,0.74615,2.40,24.30
2008.01.17 13:04:57.682,0.746,0.74615,0.80,24.30
2008.01.17 13:04:57.746,0.746,0.74615,0.80,24.30
2008.01.17 13:04:58.174,0.746,0.74615,0.80,24.30
2008.01.17 13:04:58.402,0.746,0.74615,0.80,24.30
2008.01.17 13:04:58.632,0.746,0.74615,0.80,24.30
2008.01.17 13:04:58.860,0.746,0.74615,0.80,24.30
2008.01.17 13:04:59.109,0.74595,0.74615,5.00,24.30
2008.01.17 13:04:59.566,0.74595,0.7461,5.80,0.70
2008.01.17 13:04:59.606,0.746,0.74615,0.80,21.90
2008.01.17 13:05:00.053,0.746,0.74615,1.60,21.90
2008.01.17 13:05:00.267,0.746,0.74615,2.40,20.30
2008.01.17 13:05:00.515,0.746,0.7461,2.40,0.80
2008.01.17 13:05:00.932,0.746,0.74615,2.40,20.30
2008.01.17 13:05:01.145,0.746,0.74615,2.40,20.30
2008.01.17 13:05:01.404,0.74605,0.7461,0.20,0.50
2008.01.17 13:05:01.875,0.74605,0.7462,0.20,25.10
2008.01.17 13:05:02.134,0.746,0.74615,0.80,21.90
2008.01.17 13:05:02.386,0.74595,0.74615,5.00,21.90
2008.01.17 13:05:02.640,0.746,0.7462,1.80,25.50
2008.01.17 13:05:02.894,0.746,0.74615,1.80,0.80
2008.01.17 13:05:03.147,0.746,0.74615,0.20,21.10
2008.01.17 13:05:03.379,0.746,0.74615,0.20,21.10
2008.01.17 13:05:03.595,0.746,0.74615,0.20,21.10
2008.01.17 13:05:03.852,0.746,0.7461,0.20,0.90
2008.01.17 13:05:04.069,0.746,0.74615,0.20,23.50
2008.01.17 13:05:04.288,0.746,0.7462,0.20,27.50
2008.01.17 13:05:04.522,0.746,0.7462,1.80,27.50
2008.01.17 13:05:04.924,0.746,0.7462,1.80,24.30
2008.01.17 13:05:05.127,0.746,0.7462,1.80,26.70
2008.01.17 13:05:05.360,0.746,0.7462,1.80,26.70
2008.01.17 13:05:05.589,0.746,0.7461,4.20,0.80
2008.01.17 13:05:05.817,0.746,0.74615,4.20,23.50
2008.01.17 13:05:06.263,0.746,0.74605,0.20,0.80
2008.01.17 13:05:06.491,0.746,0.74605,0.20,0.60
2008.01.17 13:05:06.735,0.746,0.7461,0.20,22.70
2008.01.17 13:05:07.185,0.746,0.7461,0.20,22.70
2008.01.17 13:05:07.430,0.746,0.7461,0.20,22.70
2008.01.17 13:05:07.674,0.746,0.7461,0.20,22.70
2008.01.17 13:05:07.923,0.746,0.7461,0.20,22.70
2008.01.17 13:05:08.219,0.74595,0.7461,0.20,24.30
2008.01.17 13:05:08.468,0.74595,0.74605,0.20,20.30
2008.01.17 13:05:08.715,0.7459,0.74605,2.60,22.70
2008.01.17 13:05:09.151,0.7459,0.74605,1.80,20.30
2008.01.17 13:05:09.572,0.7459,0.74605,1.80,20.30
2008.01.17 13:05:09.777,0.7459,0.74605,2.60,22.70
2008.01.17 13:05:10.028,0.74595,0.74605,0.20,22.70
2008.01.17 13:05:10.485,0.74595,0.74605,0.20,20.80
2008.01.17 13:05:10.730,0.7459,0.74605,5.00,23.20
2008.01.17 13:05:11.158,0.7459,0.74605,2.60,23.20
2008.01.17 13:05:11.412,0.7459,0.74605,2.60,23.20
2008.01.17 13:05:11.882,0.7459,0.74605,2.60,23.20
2008.01.17 13:05:11.918,0.7459,0.74605,2.60,23.20
2008.01.17 13:05:12.246,0.7459,0.74605,2.60,11.20
2008.01.17 13:05:12.262,0.7459,0.74605,2.60,11.20
2008.01.17 13:05:12.388,0.74595,0.7461,2.60,10.70
2008.01.17 13:05:12.627,0.74595,0.7461,2.60,8.30
2008.01.17 13:05:12.749,0.74595,0.7461,2.60,8.30
2008.01.17 13:05:13.073,0.74595,0.7461,2.60,8.30
2008.01.17 13:05:13.196,0.74595,0.7461,2.60,8.30
2008.01.17 13:05:13.509,0.74595,0.7461,2.60,8.30
2008.01.17 13:05:13.822,0.74595,0.7461,2.60,8.30
2008.01.17 13:05:14.135,0.74595,0.74605,1.60,0.40
2008.01.17 13:05:14.380,0.7459,0.74605,2.60,8.30
2008.01.17 13:05:14.557,0.7459,0.74605,2.60,0.40
2008.01.17 13:05:14.896,0.74605,0.7461,0.20,10.40
2008.01.17 13:05:15.073,0.746,0.7461,0.20,9.10
2008.01.17 13:05:15.464,0.746,0.7461,0.20,8.30
2008.01.17 13:05:15.681,0.74595,0.74605,0.20,8.30
2008.01.17 13:05:16.108,0.74595,0.74605,0.20,8.30
2008.01.17 13:05:16.325,0.74595,0.7461,1.80,8.30
2008.01.17 13:05:16.638,0.74595,0.74605,1.80,0.40
2008.01.17 13:05:16.751,0.74595,0.74605,0.20,8.30
2008.01.17 13:05:17.066,0.74595,0.74605,0.20,8.30
2008.01.17 13:05:17.175,0.746,0.7461,0.20,8.30
2008.01.17 13:05:17.518,0.746,0.7461,0.20,8.30
2008.01.17 13:05:17.814,0.746,0.7461,0.20,8.30
2008.01.17 13:05:18.112,0.746,0.7461,0.20,8.30
2008.01.17 13:05:18.410,0.746,0.7461,0.20,8.30
2008.01.17 13:05:18.689,0.746,0.7461,0.20,8.30
2008.01.17 13:05:18.867,0.746,0.7461,0.20,8.30
2008.01.17 13:05:19.081,0.746,0.7461,0.20,8.30
2008.01.17 13:05:19.275,0.746,0.7461,0.20,8.30
2008.01.17 13:05:19.467,0.74595,0.7461,5.00,8.30
2008.01.17 13:05:19.694,0.74595,0.7461,5.00,8.30
2008.01.17 13:05:19.892,0.74595,0.7461,5.00,8.30
2008.01.17 13:05:20.277,0.74595,0.7461,5.00,8.30
2008.01.17 13:05:20.475,0.74595,0.7461,4.20,8.30
2008.01.17 13:05:20.798,0.74595,0.7461,4.20,8.30
2008.01.17 13:05:20.991,0.74595,0.7461,4.20,8.30
2008.01.17 13:05:21.207,0.74595,0.7461,4.20,8.30
2008.01.17 13:05:21.394,0.74595,0.7461,4.20,8.30
2008.01.17 13:05:21.643,0.74595,0.7461,4.20,8.30
2008.01.17 13:05:22.091,0.74595,0.7461,4.20,8.30
2008.01.17 13:05:22.329,0.74595,0.7461,4.20,8.30
2008.01.17 13:05:22.588,0.74595,0.7461,4.20,8.30
2008.01.17 13:05:22.829,0.74595,0.7461,4.20,8.30
2008.01.17 13:05:23.102,0.74595,0.7461,4.20,8.30
2008.01.17 13:05:23.591,0.74595,0.7461,4.20,8.30
2008.01.17 13:05:23.657,0.74595,0.7461,4.20,8.30
2008.01.17 13:05:24.143,0.74595,0.7461,4.20,8.30
2008.01.17 13:05:24.362,0.7459,0.74605,5.00,20.30
2008.01.17 13:05:24.605,0.746,0.7461,1.60,12.30
2008.01.17 13:05:25.027,0.74595,0.7461,4.20,8.30
2008.01.17 13:05:25.210,0.74595,0.7461,4.20,8.30
2008.01.17 13:05:25.437,0.74595,0.7461,4.20,8.30
2008.01.17 13:05:25.620,0.74595,0.7461,4.20,8.30
2008.01.17 13:05:26.000,0.74595,0.7461,4.20,8.30
2008.01.17 13:05:26.186,0.74595,0.7461,5.00,8.30
2008.01.17 13:05:26.405,0.74595,0.7461,5.00,8.30
2008.01.17 13:05:26.593,0.74595,0.7461,5.00,8.30
2008.01.17 13:05:26.926,0.74595,0.7461,5.00,8.30
2008.01.17 13:05:27.113,0.74595,0.7461,5.00,8.30
2008.01.17 13:05:27.593,0.74595,0.7461,5.00,8.30
2008.01.17 13:05:27.855,0.74595,0.7461,5.00,8.30
2008.01.17 13:05:28.118,0.74595,0.7461,5.00,8.30
2008.01.17 13:05:28.392,0.74595,0.7461,5.00,8.30
2008.01.17 13:05:28.515,0.74595,0.7461,5.00,8.30
2008.01.17 13:05:28.639,0.74595,0.7461,5.00,8.30
2008.01.17 13:05:28.970,0.74595,0.7461,5.00,8.30
2008.01.17 13:05:28.985,0.74605,0.7461,0.20,8.00
2008.01.17 13:05:29.109,0.74605,0.7461,0.20,8.00
2008.01.17 13:05:29.422,0.74605,0.7461,0.20,8.00
2008.01.17 13:05:29.640,0.74605,0.74615,4.00,20.30
2008.01.17 13:05:29.875,0.74605,0.74615,4.00,20.30
2008.01.17 13:05:30.099,0.74605,0.7462,4.20,12.30
2008.01.17 13:05:30.363,0.74605,0.7462,4.20,12.30
2008.01.17 13:05:30.812,0.74605,0.7462,1.80,9.90
2008.01.17 13:05:31.075,0.74605,0.7462,3.40,8.30
2008.01.17 13:05:31.339,0.74605,0.7462,3.40,8.30
2008.01.17 13:05:31.548,0.74605,0.7462,3.40,8.30
2008.01.17 13:05:31.803,0.74605,0.7462,3.40,8.30
2008.01.17 13:05:32.235,0.74605,0.7462,1.80,8.30
2008.01.17 13:05:32.477,0.74605,0.7462,1.80,8.30
2008.01.17 13:05:32.720,0.74605,0.7462,1.80,8.30
2008.01.17 13:05:32.963,0.74605,0.7462,1.80,8.30
2008.01.17 13:05:33.207,0.74605,0.7462,0.20,8.30
2008.01.17 13:05:33.450,0.74605,0.7462,0.20,8.30
2008.01.17 13:05:33.633,0.74605,0.74615,0.20,20.30
2008.01.17 13:05:34.000,0.74605,0.74615,0.20,20.30
2008.01.17 13:05:34.184,0.746,0.74615,4.70,20.30
2008.01.17 13:05:34.367,0.746,0.74615,2.60,20.30
2008.01.17 13:05:34.595,0.746,0.74615,2.60,20.30
2008.01.17 13:05:34.787,0.746,0.74615,2.60,20.30
2008.01.17 13:05:34.979,0.746,0.74615,2.60,20.30
2008.01.17 13:05:35.204,0.746,0.7461,2.60,0.40
2008.01.17 13:05:35.400,0.746,0.7461,0.20,8.30
2008.01.17 13:05:35.735,0.746,0.7461,0.20,8.00
2008.01.17 13:05:35.934,0.746,0.74615,2.60,20.30
2008.01.17 13:05:36.189,0.746,0.74615,2.60,20.30
2008.01.17 13:05:36.387,0.746,0.74615,2.60,20.30
2008.01.17 13:05:36.638,0.746,0.74615,4.70,20.30
2008.01.17 13:05:36.835,0.746,0.74615,4.70,20.30
2008.01.17 13:05:37.129,0.746,0.74615,2.60,20.30
2008.01.17 13:05:37.421,0.746,0.74615,2.60,20.30
2008.01.17 13:05:37.817,0.746,0.74615,2.60,20.30
2008.01.17 13:05:38.111,0.74605,0.7461,0.20,8.00
2008.01.17 13:05:38.341,0.74605,0.7461,0.20,8.00
2008.01.17 13:05:38.520,0.746,0.7461,2.60,8.00
2008.01.17 13:05:38.761,0.746,0.74615,2.60,20.30
2008.01.17 13:05:38.939,0.746,0.74615,2.60,20.30
2008.01.17 13:05:39.248,0.74605,0.7461,0.20,8.00
2008.01.17 13:05:39.482,0.74605,0.7461,0.20,8.00
2008.01.17 13:05:39.728,0.7459,0.74605,2.90,20.00
2008.01.17 13:05:39.961,0.746,0.74605,0.20,20.00
2008.01.17 13:05:40.252,0.746,0.74605,0.20,20.00
2008.01.17 13:05:40.460,0.746,0.74605,0.20,20.00
2008.01.17 13:05:40.715,0.746,0.74605,0.20,20.00
2008.01.17 13:05:40.924,0.746,0.74605,0.20,22.40
2008.01.17 13:05:41.296,0.746,0.74605,0.20,20.00
2008.01.17 13:05:41.545,0.746,0.74605,0.20,20.00
2008.01.17 13:05:41.827,0.746,0.74605,0.20,20.00
2008.01.17 13:05:42.282,0.746,0.74605,0.20,20.00
2008.01.17 13:05:42.483,0.746,0.74605,0.20,20.00
2008.01.17 13:05:42.838,0.746,0.74605,0.20,0.50
2008.01.17 13:05:43.032,0.746,0.74605,0.20,0.90
2008.01.17 13:05:43.341,0.746,0.7461,0.20,22.70
2008.01.17 13:05:43.575,0.746,0.7461,0.20,22.70
2008.01.17 13:05:43.815,0.746,0.7461,0.20,22.70
2008.01.17 13:05:44.053,0.74595,0.7461,1.80,22.70
2008.01.17 13:05:44.292,0.74595,0.74615,1.80,27.50
2008.01.17 13:05:44.497,0.74595,0.7461,4.20,0.90
2008.01.17 13:05:44.729,0.74595,0.74615,1.80,25.50
2008.01.17 13:05:45.139,0.74595,0.7461,0.80,8.40
2008.01.17 13:05:45.343,0.74595,0.7461,0.20,21.90
2008.01.17 13:05:45.612,0.7459,0.7461,1.80,21.90
2008.01.17 13:05:46.055,0.7459,0.7461,1.00,21.90
2008.01.17 13:05:46.322,0.7459,0.7461,1.80,21.90
2008.01.17 13:05:46.592,0.7459,0.74605,1.80,0.50
2008.01.17 13:05:46.972,0.7459,0.7461,1.80,24.30
2008.01.17 13:05:47.151,0.7459,0.74605,1.80,0.90
2008.01.17 13:05:47.330,0.7459,0.74605,1.80,0.70
2008.01.17 13:05:47.560,0.7459,0.7461,1.80,26.70
2008.01.17 13:05:47.741,0.7459,0.74605,1.80,0.70
2008.01.17 13:05:48.015,0.74595,0.7461,0.20,24.30
2008.01.17 13:05:48.503,0.74595,0.74615,3.40,26.70
2008.01.17 13:05:48.776,0.746,0.7462,1.80,27.50
2008.01.17 13:05:48.994,0.746,0.7462,1.80,26.70
2008.01.17 13:05:49.194,0.746,0.7462,1.80,26.70
2008.01.17 13:05:49.416,0.746,0.74615,1.80,0.50
2008.01.17 13:05:49.615,0.746,0.7462,1.80,26.70
2008.01.17 13:05:50.020,0.746,0.7462,1.80,26.70
2008.01.17 13:05:50.230,0.74605,0.74615,0.70,0.40
2008.01.17 13:05:50.456,0.74615,0.7462,0.80,10.40
2008.01.17 13:05:50.882,0.7462,0.74625,0.20,29.80
2008.01.17 13:05:51.100,0.7461,0.74615,0.80,0.50
2008.01.17 13:05:51.320,0.7461,0.74615,0.80,0.50
2008.01.17 13:05:51.758,0.7461,0.74615,0.20,21.80
2008.01.17 13:05:51.976,0.74605,0.74625,2.60,26.80
2008.01.17 13:05:52.196,0.74605,0.74615,2.40,0.40
2008.01.17 13:05:52.475,0.746,0.74615,1.00,0.80
2008.01.17 13:05:52.754,0.746,0.74615,1.00,0.90
2008.01.17 13:05:53.208,0.74595,0.74615,4.80,21.90
2008.01.17 13:05:53.411,0.74595,0.74615,4.20,21.90
2008.01.17 13:05:53.671,0.74595,0.74615,4.20,21.90
2008.01.17 13:05:53.873,0.74595,0.74615,4.20,21.90
2008.01.17 13:05:54.283,0.74595,0.7461,4.20,0.50
2008.01.17 13:05:54.297,0.74595,0.74615,4.20,22.70
2008.01.17 13:05:54.500,0.74595,0.74615,4.20,22.70
2008.01.17 13:05:54.767,0.74595,0.74615,4.20,22.70
2008.01.17 13:05:55.183,0.746,0.74615,0.20,22.70
2008.01.17 13:05:55.376,0.74595,0.74615,4.20,21.90
2008.01.17 13:05:55.614,0.74595,0.74615,4.20,21.90
2008.01.17 13:05:55.809,0.74595,0.7461,4.20,0.70
2008.01.17 13:05:56.101,0.74595,0.74615,4.20,21.90
2008.01.17 13:05:56.294,0.74595,0.74615,4.20,21.90
2008.01.17 13:05:56.536,0.74595,0.74615,4.20,21.90
2008.01.17 13:05:56.987,0.74595,0.7461,4.20,0.60
2008.01.17 13:05:57.229,0.74595,0.7461,4.20,0.90
2008.01.17 13:05:57.474,0.74595,0.74615,4.20,21.90
2008.01.17 13:05:57.702,0.74595,0.7461,4.20,0.90
2008.01.17 13:05:57.935,0.74595,0.74615,4.20,21.90
2008.01.17 13:05:58.162,0.74595,0.7461,4.20,0.70
2008.01.17 13:05:58.539,0.74595,0.7461,4.20,0.80
2008.01.17 13:05:58.737,0.74595,0.7461,4.20,0.80
2008.01.17 13:05:58.980,0.74595,0.74615,4.20,21.90
2008.01.17 13:05:59.179,0.74595,0.74615,4.20,21.90
2008.01.17 13:05:59.421,0.74595,0.74615,5.00,21.90
2008.01.17 13:05:59.837,0.746,0.74615,0.20,0.90
2008.01.17 13:06:00.131,0.746,0.7462,1.80,24.30
2008.01.17 13:06:00.423,0.746,0.74615,1.80,0.80
2008.01.17 13:06:00.876,0.746,0.7462,1.80,25.10
2008.01.17 13:06:01.076,0.746,0.7462,1.80,25.10
2008.01.17 13:06:01.307,0.746,0.7462,1.80,24.30
2008.01.17 13:06:01.717,0.746,0.7462,1.80,25.10
2008.01.17 13:06:01.741,0.746,0.74615,1.80,0.90
2008.01.17 13:06:02.180,0.746,0.74615,1.80,0.90
2008.01.17 13:06:02.419,0.746,0.7462,1.80,25.10
2008.01.17 13:06:02.657,0.746,0.7462,1.80,25.10
2008.01.17 13:06:02.895,0.746,0.74615,1.80,0.90
2008.01.17 13:06:03.155,0.746,0.74615,1.80,0.80
2008.01.17 13:06:03.620,0.746,0.7462,1.80,25.10
2008.01.17 13:06:03.878,0.746,0.7462,1.80,25.10
2008.01.17 13:06:04.184,0.746,0.7461,1.60,0.40
2008.01.17 13:06:04.415,0.74595,0.7461,5.00,0.50
2008.01.17 13:06:04.645,0.74595,0.74615,4.20,25.10
2008.01.17 13:06:04.873,0.74595,0.7461,4.20,0.60
2008.01.17 13:06:05.290,0.74595,0.74615,4.20,25.10
2008.01.17 13:06:05.534,0.74595,0.74615,4.20,25.10
2008.01.17 13:06:05.968,0.74595,0.7461,4.20,0.80
2008.01.17 13:06:06.069,0.74595,0.74615,4.20,25.10
2008.01.17 13:06:06.173,0.74595,0.7461,4.20,0.60
2008.01.17 13:06:06.424,0.74595,0.74615,4.20,24.70
2008.01.17 13:06:06.528,0.74595,0.7461,4.20,0.70
2008.01.17 13:06:06.839,0.74595,0.74615,4.20,24.30
2008.01.17 13:06:06.943,0.74595,0.7461,4.20,0.90
2008.01.17 13:06:07.188,0.74595,0.7461,0.50,21.90
2008.01.17 13:06:07.521,0.74595,0.7461,0.20,2.00
2008.01.17 13:06:07.854,0.74595,0.74605,0.20,0.40
2008.01.17 13:06:08.187,0.74595,0.7461,0.20,2.00
2008.01.17 13:06:08.409,0.74595,0.7461,0.20,2.00
2008.01.17 13:06:08.580,0.74595,0.7461,0.20,2.00
2008.01.17 13:06:08.925,0.74595,0.7461,0.20,2.00
2008.01.17 13:06:09.092,0.74595,0.74605,0.20,0.40
2008.01.17 13:06:09.369,0.7459,0.74605,2.60,0.40
2008.01.17 13:06:09.584,0.7459,0.74605,2.60,0.40
2008.01.17 13:06:09.853,0.7459,0.74605,1.80,0.40
2008.01.17 13:06:10.065,0.7459,0.74605,1.80,0.40
2008.01.17 13:06:10.279,0.7459,0.74605,1.80,0.40
2008.01.17 13:06:10.513,0.7459,0.74605,1.80,0.40
2008.01.17 13:06:10.744,0.7459,0.74605,1.80,0.40
2008.01.17 13:06:11.179,0.7459,0.74605,1.80,0.40
2008.01.17 13:06:11.308,0.7459,0.74605,1.80,0.40
2008.01.17 13:06:11.441,0.7459,0.74605,1.80,0.40
2008.01.17 13:06:11.766,0.7459,0.74605,1.80,0.40
2008.01.17 13:06:11.898,0.7459,0.74605,1.80,0.40
2008.01.17 13:06:12.135,0.7459,0.74605,1.80,0.40
2008.01.17 13:06:12.265,0.7459,0.74605,1.80,0.40
2008.01.17 13:06:12.755,0.7459,0.74605,1.80,0.40
2008.01.17 13:06:13.037,0.7459,0.74605,1.80,0.40
2008.01.17 13:06:13.320,0.7459,0.74605,1.80,0.40
2008.01.17 13:06:13.606,0.7459,0.74605,1.80,0.40
2008.01.17 13:06:13.723,0.7459,0.74605,1.80,2.70
2008.01.17 13:06:13.844,0.7459,0.74605,1.80,2.70
2008.01.17 13:06:14.171,0.7459,0.74605,1.80,2.70
2008.01.17 13:06:14.182,0.7459,0.74605,1.80,2.70
2008.01.17 13:06:14.301,0.7459,0.74605,1.80,0.40
2008.01.17 13:06:14.584,0.7459,0.74605,2.60,0.40
2008.01.17 13:06:14.825,0.7459,0.74605,2.60,0.40
2008.01.17 13:06:15.273,0.7459,0.74605,2.60,0.40
2008.01.17 13:06:15.279,0.7459,0.7461,2.60,12.40
2008.01.17 13:06:15.515,0.7459,0.7461,2.60,12.40
2008.01.17 13:06:15.673,0.7459,0.74605,2.60,0.40
2008.01.17 13:06:16.026,0.7459,0.7461,2.60,12.40
2008.01.17 13:06:16.184,0.7459,0.7461,2.60,12.40
2008.01.17 13:06:16.342,0.7459,0.74605,2.60,0.40
2008.01.17 13:06:16.500,0.7459,0.7461,2.60,12.40
2008.01.17 13:06:16.728,0.7459,0.7461,2.60,12.40
2008.01.17 13:06:16.877,0.7459,0.74605,2.60,0.40
2008.01.17 13:06:17.202,0.7459,0.7461,2.60,12.40
2008.01.17 13:06:17.349,0.7459,0.7461,2.60,12.40
2008.01.17 13:06:17.497,0.7459,0.74605,2.60,0.40
2008.01.17 13:06:17.645,0.7459,0.74605,2.60,0.40
2008.01.17 13:06:17.896,0.7459,0.74605,2.60,0.40
2008.01.17 13:06:18.124,0.7459,0.7461,2.60,12.40
2008.01.17 13:06:18.350,0.7459,0.74605,2.60,0.40
2008.01.17 13:06:18.577,0.7459,0.74605,2.60,0.40
2008.01.17 13:06:18.810,0.7459,0.7461,2.60,12.40
2008.01.17 13:06:18.934,0.7459,0.74605,2.60,0.40
2008.01.17 13:06:19.273,0.7459,0.74605,2.60,0.40
2008.01.17 13:06:19.401,0.7459,0.7461,2.60,12.40
2008.01.17 13:06:19.528,0.7459,0.7461,2.60,12.40
2008.01.17 13:06:19.864,0.7459,0.7461,2.60,12.40
2008.01.17 13:06:19.873,0.7459,0.74605,2.60,0.40
2008.01.17 13:06:20.071,0.7459,0.7461,2.60,12.40
2008.01.17 13:06:20.398,0.7459,0.74605,2.60,0.40
2008.01.17 13:06:20.597,0.7459,0.7461,2.60,12.40
2008.01.17 13:06:20.845,0.7459,0.74605,2.60,0.90
2008.01.17 13:06:21.249,0.7459,0.7461,1.80,14.70
2008.01.17 13:06:21.509,0.7459,0.7461,2.60,14.70
2008.01.17 13:06:21.772,0.74595,0.7461,0.20,17.10
2008.01.17 13:06:22.233,0.74595,0.74605,0.20,0.80
2008.01.17 13:06:22.486,0.7459,0.7461,2.60,17.10
2008.01.17 13:06:22.737,0.7459,0.7461,2.60,17.10
2008.01.17 13:06:22.991,0.7459,0.74605,2.60,0.60
2008.01.17 13:06:23.372,0.7459,0.7461,2.60,17.10
2008.01.17 13:06:23.577,0.7459,0.74605,1.80,0.80
2008.01.17 13:06:23.818,0.74585,0.746,5.00,0.40
2008.01.17 13:06:24.236,0.74585,0.746,4.20,0.40
2008.01.17 13:06:24.257,0.7459,0.7461,1.80,15.60
2008.01.17 13:06:24.452,0.7459,0.7461,1.80,14.80
2008.01.17 13:06:24.692,0.7459,0.7461,1.60,12.40
2008.01.17 13:06:25.081,0.74585,0.74605,7.40,4.40
2008.01.17 13:06:25.097,0.74585,0.746,7.40,0.40
2008.01.17 13:06:25.292,0.74585,0.74605,7.40,4.40
2008.01.17 13:06:25.544,0.74585,0.746,7.40,0.40
2008.01.17 13:06:25.796,0.74585,0.746,7.40,0.40
2008.01.17 13:06:26.106,0.74585,0.74605,7.40,4.40
2008.01.17 13:06:26.563,0.74585,0.746,7.40,0.40
2008.01.17 13:06:26.576,0.74585,0.74605,7.40,4.40
2008.01.17 13:06:26.778,0.74585,0.74605,7.40,4.40
2008.01.17 13:06:27.042,0.74585,0.74605,7.40,4.40
2008.01.17 13:06:27.244,0.74585,0.746,5.00,0.40
2008.01.17 13:06:27.632,0.74585,0.746,5.00,0.40
2008.01.17 13:06:27.892,0.74585,0.746,5.00,0.40
2008.01.17 13:06:28.156,0.74585,0.746,5.00,0.60
2008.01.17 13:06:28.419,0.74585,0.746,5.00,0.90
2008.01.17 13:06:28.803,0.74585,0.746,5.00,0.80
2008.01.17 13:06:28.987,0.74585,0.746,5.00,0.50
2008.01.17 13:06:29.377,0.74585,0.74605,5.00,26.70
2008.01.17 13:06:29.560,0.74585,0.74605,5.00,26.70
2008.01.17 13:06:29.743,0.74585,0.746,5.00,0.60
2008.01.17 13:06:29.975,0.74585,0.74605,5.00,26.70
2008.01.17 13:06:30.168,0.74585,0.74605,5.00,26.70
2008.01.17 13:06:30.363,0.74585,0.74605,5.00,29.10
2008.01.17 13:06:30.765,0.74585,0.746,5.00,0.50
2008.01.17 13:06:30.902,0.74585,0.746,5.00,0.40
2008.01.17 13:06:31.040,0.74585,0.746,5.00,0.40
2008.01.17 13:06:31.266,0.7459,0.7461,0.20,29.90
2008.01.17 13:06:31.409,0.7459,0.746,0.20,0.90
2008.01.17 13:06:31.628,0.7459,0.74605,0.20,29.10
2008.01.17 13:06:31.766,0.74585,0.74605,2.60,29.10
2008.01.17 13:06:32.032,0.74585,0.74605,2.60,29.90
2008.01.17 13:06:32.329,0.74585,0.74605,2.60,29.90
2008.01.17 13:06:32.627,0.74585,0.74605,5.00,29.90
2008.01.17 13:06:32.925,0.74585,0.74605,5.00,29.90
2008.01.17 13:06:33.204,0.74585,0.74605,5.00,29.90
2008.01.17 13:06:33.630,0.74585,0.74605,5.00,29.10
2008.01.17 13:06:33.855,0.74585,0.74605,5.00,29.10
2008.01.17 13:06:34.077,0.74585,0.74605,5.00,29.10
2008.01.17 13:06:34.334,0.74585,0.74605,5.00,29.10
2008.01.17 13:06:34.593,0.74585,0.74605,5.00,29.10
2008.01.17 13:06:34.850,0.74585,0.74605,5.00,29.10
2008.01.17 13:06:35.109,0.74585,0.746,5.00,0.60
2008.01.17 13:06:35.442,0.74585,0.74605,5.00,29.10
2008.01.17 13:06:35.590,0.74585,0.746,5.00,0.90
2008.01.17 13:06:35.737,0.74585,0.74605,5.00,29.10
2008.01.17 13:06:35.963,0.74585,0.74605,5.00,29.10
2008.01.17 13:06:36.110,0.74585,0.74605,5.00,29.10
2008.01.17 13:06:36.564,0.74585,0.74605,5.00,29.10
2008.01.17 13:06:36.812,0.74585,0.74605,5.00,29.10
2008.01.17 13:06:37.077,0.74585,0.746,5.00,0.90
2008.01.17 13:06:37.323,0.74585,0.74605,5.00,29.10
2008.01.17 13:06:37.561,0.74585,0.746,5.00,0.60
2008.01.17 13:06:37.799,0.74585,0.746,5.00,0.50
2008.01.17 13:06:38.037,0.74585,0.746,5.00,0.60
2008.01.17 13:06:38.476,0.74585,0.746,5.00,0.70
2008.01.17 13:06:38.627,0.74585,0.746,5.00,0.90
2008.01.17 13:06:38.922,0.74585,0.74605,5.00,26.70
2008.01.17 13:06:39.068,0.74585,0.74605,5.00,26.70
2008.01.17 13:06:39.307,0.74585,0.746,5.00,0.50
2008.01.17 13:06:39.540,0.74585,0.74605,5.00,26.70
2008.01.17 13:06:39.773,0.74585,0.74605,5.00,26.70
2008.01.17 13:06:40.008,0.74585,0.74605,5.00,26.70
2008.01.17 13:06:40.254,0.74585,0.746,5.00,0.70
2008.01.17 13:06:40.485,0.74585,0.74605,5.00,26.70
2008.01.17 13:06:40.759,0.74585,0.74605,2.60,29.10
2008.01.17 13:06:41.033,0.74585,0.746,2.60,0.60
2008.01.17 13:06:41.307,0.74585,0.74605,2.60,29.10
2008.01.17 13:06:41.578,0.74585,0.74605,2.60,29.10
2008.01.17 13:06:41.791,0.74585,0.746,2.60,0.80
2008.01.17 13:06:42.007,0.74585,0.74605,2.60,29.10
2008.01.17 13:06:42.219,0.74585,0.746,1.80,0.60
2008.01.17 13:06:42.465,0.74585,0.746,1.80,0.50
2008.01.17 13:06:42.666,0.74585,0.74605,1.80,29.90
2008.01.17 13:06:42.903,0.74585,0.74605,0.20,30.70
2008.01.17 13:06:43.307,0.74585,0.74595,0.20,0.40
2008.01.17 13:06:43.331,0.74585,0.746,0.20,13.20
2008.01.17 13:06:43.743,0.74585,0.74595,0.20,0.40
2008.01.17 13:06:44.046,0.7458,0.7459,2.40,0.40
2008.01.17 13:06:44.356,0.7458,0.74595,2.40,22.00
2008.01.17 13:06:44.665,0.74575,0.7459,2.60,0.40
2008.01.17 13:06:44.960,0.74575,0.7459,2.60,0.40
2008.01.17 13:06:45.129,0.74575,0.7459,2.60,0.40
2008.01.17 13:06:45.512,0.74575,0.7459,5.00,0.40
2008.01.17 13:06:45.680,0.74575,0.7459,5.00,0.40
2008.01.17 13:06:45.879,0.74575,0.7459,5.00,0.40
2008.01.17 13:06:46.284,0.74575,0.7459,5.00,0.40
2008.01.17 13:06:46.482,0.74575,0.7459,5.00,0.40
2008.01.17 13:06:46.680,0.74575,0.7459,5.00,0.40
2008.01.17 13:06:46.940,0.74575,0.7459,5.00,0.40
2008.01.17 13:06:47.020,0.74575,0.7459,5.00,0.40
2008.01.17 13:06:47.081,0.74575,0.74595,5.00,24.40
2008.01.17 13:06:47.315,0.74575,0.74595,5.00,24.40
2008.01.17 13:06:47.461,0.74575,0.7459,5.00,0.40
2008.01.17 13:06:47.729,0.74575,0.74595,5.00,24.40
2008.01.17 13:06:47.871,0.74575,0.74595,5.00,24.40
2008.01.17 13:06:48.255,0.74575,0.7459,5.00,0.40
2008.01.17 13:06:48.549,0.74575,0.74595,5.00,24.40
2008.01.17 13:06:48.857,0.74575,0.74595,5.00,24.40
2008.01.17 13:06:49.252,0.74585,0.746,0.20,17.90
2008.01.17 13:06:49.456,0.74585,0.746,0.20,17.90
2008.01.17 13:06:49.690,0.7458,0.7459,0.80,0.40
2008.01.17 13:06:49.892,0.74575,0.74595,5.00,24.40
2008.01.17 13:06:50.146,0.74585,0.746,0.20,17.10
2008.01.17 13:06:50.611,0.74585,0.746,0.20,17.10
2008.01.17 13:06:50.862,0.74585,0.74605,1.80,53.90
2008.01.17 13:06:51.139,0.74585,0.74605,1.80,37.90
2008.01.17 13:06:51.404,0.74585,0.746,4.20,0.80
2008.01.17 13:06:51.667,0.74585,0.74605,4.20,29.90
2008.01.17 13:06:52.147,0.74585,0.746,4.20,0.60
2008.01.17 13:06:52.361,0.74585,0.746,0.20,5.20
2008.01.17 13:06:52.581,0.74585,0.74595,0.20,0.40
2008.01.17 13:06:52.799,0.74585,0.74605,1.80,29.90
2008.01.17 13:06:53.039,0.74585,0.74605,4.20,30.70
2008.01.17 13:06:53.257,0.74585,0.74605,4.20,31.50
2008.01.17 13:06:53.477,0.74585,0.746,4.20,0.50
2008.01.17 13:06:53.694,0.74585,0.74605,4.20,31.50
2008.01.17 13:06:53.937,0.74585,0.74605,4.20,29.90
2008.01.17 13:06:54.367,0.74585,0.74605,4.20,29.90
2008.01.17 13:06:54.846,0.74585,0.74605,4.20,29.90
2008.01.17 13:06:55.119,0.74585,0.74605,4.20,29.90
2008.01.17 13:06:55.392,0.74585,0.74605,4.20,29.90
2008.01.17 13:06:55.616,0.74585,0.74605,4.20,29.90
2008.01.17 13:06:55.843,0.74585,0.74605,4.20,29.90
2008.01.17 13:06:56.285,0.74585,0.74605,4.20,29.10
2008.01.17 13:06:56.683,0.74585,0.746,5.00,0.40
2008.01.17 13:06:56.701,0.74585,0.74605,5.40,4.40
2008.01.17 13:06:57.098,0.74585,0.74605,5.40,4.40
2008.01.17 13:06:57.285,0.74585,0.746,5.40,0.40
2008.01.17 13:06:57.563,0.74585,0.74605,5.40,4.40
2008.01.17 13:06:57.841,0.74585,0.74605,5.40,4.40
2008.01.17 13:06:58.120,0.74585,0.746,5.40,0.40
2008.01.17 13:06:58.399,0.74585,0.74605,3.00,26.80
2008.01.17 13:06:58.765,0.74585,0.74605,3.00,26.80
2008.01.17 13:06:58.951,0.74585,0.74605,3.00,26.80
2008.01.17 13:06:59.138,0.74585,0.746,3.00,0.40
2008.01.17 13:06:59.374,0.74585,0.746,3.00,0.40
2008.01.17 13:06:59.548,0.74585,0.746,3.00,0.40
2008.01.17 13:06:59.926,0.74585,0.74605,2.60,26.80
2008.01.17 13:07:00.099,0.74585,0.746,2.60,0.40
2008.01.17 13:07:00.340,0.74585,0.74605,2.60,26.80
2008.01.17 13:07:00.514,0.74585,0.746,2.60,0.40
2008.01.17 13:07:00.780,0.74585,0.746,2.60,0.40
2008.01.17 13:07:01.049,0.7459,0.746,0.20,0.40
2008.01.17 13:07:01.319,0.74595,0.7461,0.20,29.90
2008.01.17 13:07:01.806,0.74595,0.746,0.20,0.70
2008.01.17 13:07:02.009,0.7459,0.746,0.20,0.70
2008.01.17 13:07:02.245,0.7459,0.74605,0.20,6.80
2008.01.17 13:07:02.653,0.7459,0.746,0.20,0.40
2008.01.17 13:07:02.676,0.7459,0.74605,0.20,6.80
2008.01.17 13:07:02.923,0.7459,0.746,0.20,0.40
2008.01.17 13:07:03.172,0.7459,0.74605,0.20,6.80
2008.01.17 13:07:03.420,0.7459,0.74605,0.20,6.80
2008.01.17 13:07:03.684,0.7459,0.74605,0.20,6.80
2008.01.17 13:07:03.893,0.7459,0.746,0.20,0.40
2008.01.17 13:07:04.247,0.74585,0.74605,2.60,6.80
2008.01.17 13:07:04.455,0.74585,0.74605,2.60,26.80
2008.01.17 13:07:04.687,0.7459,0.746,0.20,0.40
2008.01.17 13:07:05.136,0.7459,0.7461,1.80,13.20
2008.01.17 13:07:05.163,0.7459,0.74605,0.20,2.00
2008.01.17 13:07:05.622,0.74585,0.74605,4.20,26.00
2008.01.17 13:07:05.856,0.74585,0.746,4.20,0.40
2008.01.17 13:07:06.119,0.7459,0.7461,0.20,28.30
2008.01.17 13:07:06.592,0.7459,0.74605,1.80,26.70
2008.01.17 13:07:06.854,0.7459,0.74605,1.80,26.70
2008.01.17 13:07:07.093,0.7459,0.74605,1.80,26.70
2008.01.17 13:07:07.260,0.7459,0.74605,1.80,26.70
2008.01.17 13:07:07.501,0.7459,0.74605,1.80,26.70
2008.01.17 13:07:07.677,0.7459,0.746,1.60,1.20
2008.01.17 13:07:07.977,0.7458,0.746,2.60,2.00
2008.01.17 13:07:08.234,0.7458,0.746,2.60,10.00
2008.01.17 13:07:08.492,0.7458,0.746,1.80,10.00
2008.01.17 13:07:08.749,0.7458,0.74595,1.80,0.40
2008.01.17 13:07:09.007,0.7458,0.746,1.80,10.00
2008.01.17 13:07:09.220,0.74585,0.74605,0.20,29.10
2008.01.17 13:07:09.436,0.74585,0.74605,0.20,29.10
2008.01.17 13:07:09.650,0.74585,0.74605,1.80,29.20
2008.01.17 13:07:09.893,0.74585,0.74605,1.80,29.20
2008.01.17 13:07:10.106,0.74585,0.746,1.80,0.40
2008.01.17 13:07:10.349,0.74585,0.74605,1.80,29.20
2008.01.17 13:07:10.592,0.74585,0.746,1.80,0.40
2008.01.17 13:07:10.836,0.7458,0.746,2.60,10.00
2008.01.17 13:07:11.080,0.7458,0.746,2.60,10.00
2008.01.17 13:07:11.543,0.7458,0.74595,1.80,0.40
2008.01.17 13:07:11.981,0.7458,0.746,1.80,13.10
2008.01.17 13:07:12.199,0.7458,0.74595,0.20,0.90
2008.01.17 13:07:12.424,0.7458,0.746,0.20,13.10
2008.01.17 13:07:12.666,0.7458,0.74595,0.20,0.90
2008.01.17 13:07:12.967,0.7458,0.746,0.20,13.10
2008.01.17 13:07:13.414,0.7458,0.74595,0.20,4.40
2008.01.17 13:07:13.456,0.7458,0.7459,0.20,0.40
2008.01.17 13:07:13.673,0.7458,0.74595,0.20,4.40
2008.01.17 13:07:14.059,0.74585,0.746,0.20,18.70
2008.01.17 13:07:14.478,0.74585,0.746,1.80,6.70
2008.01.17 13:07:14.490,0.74585,0.74595,1.80,0.80
2008.01.17 13:07:14.693,0.7458,0.7459,0.80,0.40
2008.01.17 13:07:14.927,0.7458,0.74595,1.80,13.90
2008.01.17 13:07:15.130,0.7458,0.74595,2.60,4.30
2008.01.17 13:07:15.357,0.7458,0.74595,2.60,2.70
2008.01.17 13:07:15.562,0.7458,0.74595,4.20,2.70
2008.01.17 13:07:15.821,0.7458,0.74595,4.20,2.70
2008.01.17 13:07:16.078,0.7458,0.74595,4.20,2.70
2008.01.17 13:07:16.336,0.7458,0.74595,4.20,2.70
2008.01.17 13:07:16.799,0.7458,0.74595,4.20,2.70
2008.01.17 13:07:17.006,0.7458,0.74595,4.20,2.70
2008.01.17 13:07:17.273,0.7458,0.74595,4.20,2.70
2008.01.17 13:07:17.481,0.7458,0.74595,4.20,2.70
2008.01.17 13:07:17.689,0.7458,0.74595,4.20,2.70
2008.01.17 13:07:17.912,0.7458,0.74595,4.20,2.70
2008.01.17 13:07:18.140,0.7458,0.74595,4.20,2.70
2008.01.17 13:07:18.368,0.7458,0.74595,4.20,2.70
2008.01.17 13:07:18.599,0.7458,0.74595,4.20,2.70
2008.01.17 13:07:18.995,0.7459,0.746,0.20,3.20
2008.01.17 13:07:19.192,0.7459,0.746,0.20,3.20
2008.01.17 13:07:19.434,0.7459,0.746,0.20,3.20
2008.01.17 13:07:19.631,0.74585,0.746,1.80,3.50
2008.01.17 13:07:19.926,0.74585,0.746,1.80,3.50
2008.01.17 13:07:20.117,0.74585,0.746,1.80,3.50
2008.01.17 13:07:20.345,0.74585,0.746,1.80,3.50
2008.01.17 13:07:20.535,0.74585,0.746,1.80,3.50
2008.01.17 13:07:20.815,0.74585,0.746,1.80,3.50
2008.01.17 13:07:21.001,0.74585,0.746,1.80,3.50
2008.01.17 13:07:21.383,0.74585,0.746,1.80,3.50
2008.01.17 13:07:21.641,0.74585,0.746,1.80,3.50
2008.01.17 13:07:22.014,0.74585,0.746,1.80,3.50
2008.01.17 13:07:22.172,0.74585,0.746,1.80,3.50
2008.01.17 13:07:22.410,0.74585,0.746,1.80,3.50
2008.01.17 13:07:22.568,0.74585,0.746,1.80,3.50
2008.01.17 13:07:22.800,0.74585,0.746,1.80,3.50
2008.01.17 13:07:23.829,0.74585,0.746,1.80,3.50
2008.01.17 13:07:24.240,0.7458,0.74595,4.20,2.70
2008.01.17 13:07:24.447,0.7458,0.74595,4.20,2.70
2008.01.17 13:07:24.704,0.7458,0.74595,4.20,2.70
2008.01.17 13:07:25.096,0.7458,0.74595,4.20,2.70
2008.01.17 13:07:25.346,0.7458,0.74595,4.20,2.70
2008.01.17 13:07:25.595,0.7458,0.74595,4.20,2.70
2008.01.17 13:07:25.844,0.7458,0.74595,4.20,2.70
2008.01.17 13:07:26.147,0.7458,0.74595,4.20,2.70
2008.01.17 13:07:26.330,0.7458,0.74595,4.20,2.70
2008.01.17 13:07:26.559,0.7458,0.74595,4.20,2.70
2008.01.17 13:07:26.742,0.7458,0.74595,4.20,2.70
2008.01.17 13:07:27.124,0.7458,0.74595,4.20,2.70
2008.01.17 13:07:27.308,0.7458,0.74595,4.20,2.70
2008.01.17 13:07:27.587,0.7458,0.74595,4.20,2.70
2008.01.17 13:07:28.063,0.7458,0.74595,4.20,2.70
2008.01.17 13:07:28.330,0.7458,0.74595,4.20,2.70
2008.01.17 13:07:28.602,0.7458,0.74595,4.20,2.70
2008.01.17 13:07:28.806,0.7458,0.74595,4.20,2.70
2008.01.17 13:07:29.007,0.7458,0.74595,4.20,2.70
2008.01.17 13:07:29.227,0.7458,0.74595,4.20,2.70
2008.01.17 13:07:29.429,0.7458,0.74595,4.20,2.70
2008.01.17 13:07:29.632,0.7458,0.74595,4.20,2.70
2008.01.17 13:07:29.881,0.7458,0.74595,4.20,2.70
2008.01.17 13:07:30.065,0.7458,0.74595,4.20,2.70
2008.01.17 13:07:30.463,0.7458,0.74595,4.20,2.70
2008.01.17 13:07:30.651,0.7458,0.74595,4.20,2.70
2008.01.17 13:07:30.840,0.7458,0.74595,4.20,2.70
2008.01.17 13:07:31.066,0.7458,0.74595,4.20,2.70
2008.01.17 13:07:31.256,0.7458,0.74595,4.20,2.70
2008.01.17 13:07:31.605,0.7458,0.74595,4.20,2.70
2008.01.17 13:07:31.800,0.7458,0.74595,4.20,2.70
2008.01.17 13:07:32.083,0.7458,0.74595,4.20,2.70
2008.01.17 13:07:32.276,0.7458,0.74595,4.20,2.70
2008.01.17 13:07:32.514,0.7458,0.74595,4.20,2.70
2008.01.17 13:07:32.706,0.7458,0.74595,4.20,2.70
2008.01.17 13:07:33.188,0.7458,0.74595,4.20,2.70
2008.01.17 13:07:33.254,0.7458,0.74595,4.20,2.70
2008.01.17 13:07:33.740,0.7458,0.74595,2.60,4.30
2008.01.17 13:07:34.179,0.74575,0.7459,6.60,0.40
2008.01.17 13:07:34.191,0.74575,0.74595,6.60,4.40
2008.01.17 13:07:34.352,0.74575,0.74595,1.80,4.40
2008.01.17 13:07:34.591,0.74575,0.7459,1.80,0.40
2008.01.17 13:07:34.763,0.74575,0.74595,1.80,4.40
2008.01.17 13:07:35.042,0.74575,0.74595,1.80,4.40
2008.01.17 13:07:35.321,0.7458,0.74595,1.80,0.40
2008.01.17 13:07:35.598,0.7458,0.746,1.80,14.80
2008.01.17 13:07:35.875,0.7458,0.746,1.80,14.80
2008.01.17 13:07:36.221,0.7458,0.74595,1.80,0.40
2008.01.17 13:07:36.425,0.7458,0.746,1.80,14.80
2008.01.17 13:07:36.629,0.7458,0.746,1.80,14.80
2008.01.17 13:07:36.937,0.7458,0.746,1.80,14.80
2008.01.17 13:07:37.287,0.7458,0.746,1.80,14.80
2008.01.17 13:07:37.314,0.74575,0.7459,1.80,0.40
2008.01.17 13:07:37.662,0.74575,0.74595,1.80,2.00
2008.01.17 13:07:37.807,0.74575,0.74595,1.80,2.00
2008.01.17 13:07:38.039,0.74575,0.74595,1.80,2.00
2008.01.17 13:07:38.580,0.74575,0.74595,1.80,2.00
2008.01.17 13:07:38.913,0.7458,0.74595,0.20,0.70
2008.01.17 13:07:39.246,0.7458,0.74595,0.20,0.70
2008.01.17 13:07:39.544,0.7458,0.746,0.20,14.70
2008.01.17 13:07:39.737,0.7458,0.74595,0.20,0.50
2008.01.17 13:07:39.973,0.7458,0.746,1.80,6.80
2008.01.17 13:07:40.165,0.7458,0.746,1.80,6.80
2008.01.17 13:07:40.453,0.7458,0.746,4.20,6.80
2008.01.17 13:07:40.726,0.7458,0.74595,4.20,0.40
2008.01.17 13:07:41.100,0.7458,0.746,4.20,6.80
2008.01.17 13:07:41.588,0.7458,0.74595,4.20,0.40
2008.01.17 13:07:41.780,0.7458,0.746,4.20,6.80
2008.01.17 13:07:42.156,0.7458,0.746,4.20,6.80
2008.01.17 13:07:42.348,0.7458,0.74595,4.20,0.40
2008.01.17 13:07:42.749,0.7458,0.746,4.20,6.80
2008.01.17 13:07:42.814,0.7458,0.746,4.20,6.80
2008.01.17 13:07:43.088,0.7458,0.746,4.20,6.80
2008.01.17 13:07:43.362,0.7458,0.74595,4.20,0.40
2008.01.17 13:07:43.677,0.7458,0.746,4.20,6.80
2008.01.17 13:07:43.775,0.7458,0.74595,4.20,0.40
2008.01.17 13:07:44.078,0.7458,0.74595,4.20,0.40
2008.01.17 13:07:44.176,0.7458,0.74595,4.20,0.40
2008.01.17 13:07:44.488,0.7458,0.74595,4.20,0.40
2008.01.17 13:07:44.716,0.7458,0.746,4.20,6.80
2008.01.17 13:07:45.031,0.7458,0.74595,4.20,0.40
2008.01.17 13:07:45.258,0.7458,0.746,4.20,4.40
2008.01.17 13:07:45.695,0.7458,0.74595,4.20,0.40
2008.01.17 13:07:45.713,0.7458,0.746,4.20,4.40
2008.01.17 13:07:46.137,0.74585,0.74605,4.20,31.30
2008.01.17 13:07:46.342,0.74585,0.746,4.20,0.50
2008.01.17 13:07:46.582,0.74585,0.746,1.60,2.80
2008.01.17 13:07:47.014,0.7458,0.746,4.20,4.40
2008.01.17 13:07:47.451,0.7458,0.74585,4.00,0.40
2008.01.17 13:07:47.663,0.7458,0.7459,2.40,2.00
2008.01.17 13:07:47.957,0.74575,0.74595,2.60,24.30
2008.01.17 13:07:48.407,0.74575,0.74595,4.20,2.00
2008.01.17 13:07:48.908,0.74575,0.7459,4.20,0.40
2008.01.17 13:07:49.100,0.74575,0.7459,4.20,0.40
2008.01.17 13:07:49.331,0.74575,0.74585,4.00,0.40
2008.01.17 13:07:49.524,0.74575,0.74585,1.60,0.40
2008.01.17 13:07:49.764,0.74575,0.7459,0.20,0.50
2008.01.17 13:07:49.975,0.74575,0.7459,1.80,0.70
2008.01.17 13:07:50.285,0.7458,0.7459,0.20,0.60
2008.01.17 13:07:50.501,0.7458,0.746,0.20,17.90
2008.01.17 13:07:50.924,0.7458,0.74595,0.20,0.50
2008.01.17 13:07:51.107,0.7458,0.74595,0.20,0.90
2008.01.17 13:07:51.290,0.7458,0.746,0.20,17.90
2008.01.17 13:07:51.521,0.7458,0.746,0.20,17.90
2008.01.17 13:07:51.704,0.7458,0.74595,0.20,0.80
2008.01.17 13:07:52.099,0.7458,0.746,0.20,17.90
2008.01.17 13:07:52.285,0.7458,0.746,0.20,17.90
2008.01.17 13:07:52.514,0.7458,0.746,0.20,17.90
2008.01.17 13:07:52.691,0.7458,0.746,0.20,17.90
2008.01.17 13:07:52.976,0.7458,0.74595,0.20,0.60
2008.01.17 13:07:53.153,0.74575,0.7459,1.80,0.40
2008.01.17 13:07:53.463,0.74575,0.74595,1.80,6.80
2008.01.17 13:07:53.949,0.74575,0.7459,1.80,0.40
2008.01.17 13:07:54.462,0.74575,0.74595,1.80,6.80
2008.01.17 13:07:54.898,0.74575,0.7459,1.80,0.40
2008.01.17 13:07:54.928,0.74575,0.74595,1.80,6.80
2008.01.17 13:07:55.366,0.74575,0.7459,1.80,0.40
2008.01.17 13:07:55.538,0.74575,0.74595,1.80,6.80
2008.01.17 13:07:55.771,0.7458,0.74595,0.20,6.80
2008.01.17 13:07:55.940,0.7458,0.7459,0.20,0.40
2008.01.17 13:07:56.184,0.7458,0.74595,0.20,6.80
2008.01.17 13:07:56.639,0.74575,0.7459,1.80,0.40
2008.01.17 13:07:56.917,0.74575,0.7459,1.80,0.40
2008.01.17 13:07:57.194,0.74575,0.7459,1.80,0.40
2008.01.17 13:07:57.422,0.74575,0.74595,1.80,6.80
2008.01.17 13:07:57.651,0.74575,0.7459,1.80,0.40
2008.01.17 13:07:58.093,0.7458,0.74595,0.20,0.80
2008.01.17 13:07:58.111,0.7458,0.746,0.20,17.90
2008.01.17 13:07:58.553,0.7458,0.7459,0.20,0.40
2008.01.17 13:07:58.806,0.7458,0.7459,0.20,0.40
2008.01.17 13:07:59.058,0.7458,0.7459,0.20,0.40
2008.01.17 13:07:59.509,0.7458,0.74595,1.80,0.50
2008.01.17 13:07:59.945,0.7458,0.7459,1.80,0.40
2008.01.17 13:08:00.168,0.7458,0.74595,0.20,6.80
2008.01.17 13:08:00.394,0.7458,0.74595,0.20,0.50
2008.01.17 13:08:00.607,0.7458,0.746,1.80,17.90
2008.01.17 13:08:00.841,0.7458,0.746,1.80,17.90
2008.01.17 13:08:01.058,0.7458,0.746,1.80,17.90
2008.01.17 13:08:01.284,0.7458,0.746,1.80,17.90
2008.01.17 13:08:01.496,0.7458,0.746,1.80,17.90
2008.01.17 13:08:01.767,0.7458,0.746,1.80,17.90
2008.01.17 13:08:02.249,0.7458,0.746,1.80,15.60
2008.01.17 13:08:02.519,0.7458,0.7459,0.20,0.40
2008.01.17 13:08:02.755,0.7458,0.7459,0.20,0.40
2008.01.17 13:08:02.978,0.7458,0.7459,0.20,0.40
2008.01.17 13:08:03.219,0.7458,0.7459,0.20,0.40
2008.01.17 13:08:03.450,0.7458,0.7459,0.20,0.40
2008.01.17 13:08:03.892,0.7458,0.7459,0.20,0.40
2008.01.17 13:08:04.135,0.7458,0.7459,0.20,0.40
2008.01.17 13:08:04.378,0.7458,0.74595,1.80,0.40
2008.01.17 13:08:04.622,0.7458,0.74595,1.80,0.40
2008.01.17 13:08:04.854,0.7458,0.74595,1.80,0.40
2008.01.17 13:08:05.047,0.7458,0.74595,1.80,0.40
2008.01.17 13:08:05.444,0.7458,0.74595,1.80,0.40
2008.01.17 13:08:05.639,0.7458,0.74595,4.20,2.70
2008.01.17 13:08:06.053,0.7458,0.74595,4.20,2.70
2008.01.17 13:08:06.263,0.7458,0.74595,4.20,2.70
2008.01.17 13:08:06.503,0.7458,0.74595,4.20,2.70
2008.01.17 13:08:06.712,0.7458,0.74595,4.20,2.70
2008.01.17 13:08:06.999,0.7458,0.74595,4.20,2.70
2008.01.17 13:08:07.431,0.7458,0.74595,4.20,2.70
2008.01.17 13:08:07.643,0.7458,0.74595,4.20,2.70
2008.01.17 13:08:07.886,0.7458,0.7459,4.20,0.40
2008.01.17 13:08:08.150,0.7458,0.7459,4.20,0.40
2008.01.17 13:08:08.415,0.7458,0.7459,2.60,0.40
2008.01.17 13:08:08.891,0.7458,0.7459,0.20,0.40
2008.01.17 13:08:08.940,0.7458,0.7459,0.20,0.40
2008.01.17 13:08:09.162,0.7458,0.7459,0.20,0.40
2008.01.17 13:08:09.386,0.7458,0.7459,0.20,0.40
2008.01.17 13:08:09.609,0.7458,0.7459,0.20,0.40
2008.01.17 13:08:10.043,0.7458,0.7459,0.20,0.40
2008.01.17 13:08:10.232,0.7458,0.7459,0.20,0.40
2008.01.17 13:08:10.520,0.7458,0.74595,1.80,2.70
2008.01.17 13:08:10.706,0.7458,0.74595,1.80,2.70
2008.01.17 13:08:11.107,0.7458,0.74595,1.80,2.70
2008.01.17 13:08:11.124,0.7458,0.7459,0.20,0.40
2008.01.17 13:08:11.335,0.74575,0.7459,2.40,0.40
2008.01.17 13:08:11.565,0.74575,0.7459,4.20,0.40
2008.01.17 13:08:11.778,0.74585,0.74595,0.20,24.00
2008.01.17 13:08:12.036,0.74585,0.74595,0.20,2.40
2008.01.17 13:08:12.248,0.74585,0.74595,0.20,2.40
2008.01.17 13:08:12.552,0.74585,0.74595,0.20,2.40
2008.01.17 13:08:13.064,0.74585,0.74595,0.20,2.40
2008.01.17 13:08:13.367,0.74585,0.74595,0.20,2.40
2008.01.17 13:08:13.601,0.74585,0.74595,0.20,2.40
2008.01.17 13:08:14.005,0.74585,0.74595,0.20,2.40
2008.01.17 13:08:14.183,0.74575,0.7459,4.20,0.40
2008.01.17 13:08:14.436,0.7458,0.74595,0.20,14.70
2008.01.17 13:08:14.904,0.7458,0.74595,1.80,2.70
2008.01.17 13:08:15.156,0.7458,0.74595,4.20,2.70
2008.01.17 13:08:15.409,0.7458,0.74595,4.20,2.70
2008.01.17 13:08:15.616,0.7458,0.74595,4.20,2.70
2008.01.17 13:08:15.853,0.7458,0.74595,4.20,2.70
2008.01.17 13:08:16.063,0.7458,0.74595,4.20,2.70
2008.01.17 13:08:16.373,0.7458,0.74595,4.20,2.70
2008.01.17 13:08:16.580,0.7458,0.74595,4.20,2.70
2008.01.17 13:08:16.864,0.7458,0.74595,4.20,2.70
2008.01.17 13:08:17.345,0.7458,0.74595,4.20,2.70
2008.01.17 13:08:17.629,0.7458,0.74595,4.20,2.70
2008.01.17 13:08:17.882,0.7458,0.74595,4.20,2.70
2008.01.17 13:08:18.293,0.7458,0.74595,4.20,2.70
2008.01.17 13:08:18.316,0.7458,0.74595,4.20,2.70
2008.01.17 13:08:18.723,0.7458,0.74595,4.20,2.70
2008.01.17 13:08:19.104,0.7458,0.74595,4.20,2.70
2008.01.17 13:08:19.351,0.7458,0.74595,4.20,2.70
2008.01.17 13:08:19.600,0.7458,0.74595,4.20,0.40
2008.01.17 13:08:19.848,0.7458,0.74595,4.20,0.40
2008.01.17 13:08:20.076,0.7458,0.74595,4.20,0.40
2008.01.17 13:08:20.511,0.7458,0.746,4.20,6.80
2008.01.17 13:08:20.739,0.7458,0.746,4.20,6.80
2008.01.17 13:08:20.983,0.7458,0.746,4.20,6.80
2008.01.17 13:08:21.431,0.7458,0.746,4.20,6.80
2008.01.17 13:08:21.452,0.7458,0.74595,4.20,0.40
2008.01.17 13:08:21.895,0.7458,0.74595,4.20,0.40
2008.01.17 13:08:22.339,0.7458,0.746,4.20,6.80
2008.01.17 13:08:22.408,0.74585,0.74605,4.20,29.10
2008.01.17 13:08:22.854,0.7459,0.74605,0.20,18.70
2008.01.17 13:08:23.345,0.7459,0.74605,0.20,4.30
2008.01.17 13:08:23.543,0.74595,0.74605,0.20,0.40
2008.01.17 13:08:23.805,0.74595,0.7461,0.20,4.40
2008.01.17 13:08:24.002,0.74595,0.7461,1.80,0.60
2008.01.17 13:08:24.249,0.74595,0.7461,1.80,0.60
2008.01.17 13:08:24.692,0.7459,0.746,0.20,0.90
2008.01.17 13:08:24.730,0.7459,0.74605,1.80,2.80
2008.01.17 13:08:25.147,0.7459,0.7461,1.80,12.40
2008.01.17 13:08:25.377,0.7459,0.7461,0.20,12.30
2008.01.17 13:08:25.615,0.7459,0.7461,0.20,12.30
2008.01.17 13:08:25.853,0.7459,0.7461,0.20,14.70
2008.01.17 13:08:26.296,0.7459,0.74605,0.20,0.40
2008.01.17 13:08:26.641,0.74605,0.7461,0.20,0.50
2008.01.17 13:08:26.657,0.74605,0.74615,0.20,4.80
2008.01.17 13:08:26.812,0.74605,0.74615,0.20,4.80
2008.01.17 13:08:27.052,0.74605,0.74615,0.20,0.70
2008.01.17 13:08:27.207,0.74605,0.7462,0.20,17.10
2008.01.17 13:08:27.428,0.74605,0.74615,0.20,0.70
2008.01.17 13:08:27.730,0.74605,0.7462,0.20,17.10
2008.01.17 13:08:28.034,0.74605,0.7462,0.20,17.10
2008.01.17 13:08:28.338,0.74605,0.7462,0.20,17.10
2008.01.17 13:08:28.642,0.74605,0.7462,0.20,37.10
2008.01.17 13:08:28.821,0.74605,0.7462,0.20,37.10
2008.01.17 13:08:29.207,0.74595,0.74615,0.20,29.10
2008.01.17 13:08:29.386,0.74595,0.7461,0.20,0.90
2008.01.17 13:08:29.564,0.74595,0.74615,0.20,26.70
2008.01.17 13:08:29.791,0.7459,0.7461,1.80,2.00
2008.01.17 13:08:30.193,0.7459,0.7461,1.80,2.00
2008.01.17 13:08:30.384,0.7459,0.74595,1.80,0.80
2008.01.17 13:08:30.625,0.7458,0.7459,2.60,0.40
2008.01.17 13:08:30.817,0.7458,0.7459,2.60,0.40
2008.01.17 13:08:31.085,0.7458,0.74595,0.20,14.00
2008.01.17 13:08:31.354,0.7458,0.7459,0.20,0.40
2008.01.17 13:08:31.622,0.7458,0.74595,0.20,14.00
2008.01.17 13:08:31.891,0.74585,0.74605,1.80,46.70
2008.01.17 13:08:32.139,0.74585,0.74605,1.80,38.70
2008.01.17 13:08:32.536,0.7459,0.746,0.20,0.60
2008.01.17 13:08:32.729,0.7459,0.74605,0.20,4.30
2008.01.17 13:08:32.967,0.7459,0.7461,0.20,12.30
2008.01.17 13:08:33.225,0.74585,0.74605,1.80,2.00
2008.01.17 13:08:33.483,0.7459,0.74605,0.20,2.00
2008.01.17 13:08:33.742,0.7459,0.746,0.20,0.40
2008.01.17 13:08:34.000,0.7459,0.746,0.20,0.40
2008.01.17 13:08:34.425,0.7459,0.74605,0.20,2.00
2008.01.17 13:08:34.642,0.7459,0.7461,0.20,12.30
2008.01.17 13:08:34.885,0.7459,0.7461,0.20,12.30
2008.01.17 13:08:35.102,0.7459,0.7461,0.20,12.30
2008.01.17 13:08:35.334,0.7459,0.74605,0.20,12.30
2008.01.17 13:08:35.569,0.7459,0.74605,0.20,36.30
2008.01.17 13:08:35.970,0.74595,0.746,0.20,0.60
2008.01.17 13:08:36.205,0.7459,0.74605,1.80,2.80
2008.01.17 13:08:36.468,0.7459,0.7461,1.80,12.40
2008.01.17 13:08:36.656,0.7459,0.7461,1.80,12.40
2008.01.17 13:08:37.055,0.74595,0.7461,0.20,12.40
2008.01.17 13:08:37.241,0.74595,0.7461,0.20,4.40
2008.01.17 13:08:37.475,0.74595,0.74615,1.80,35.40
2008.01.17 13:08:37.731,0.74595,0.74615,4.20,27.40
2008.01.17 13:08:38.178,0.7459,0.7461,4.20,2.00
2008.01.17 13:08:38.437,0.7459,0.74605,1.80,0.40
2008.01.17 13:08:38.598,0.7459,0.74605,1.80,0.90
2008.01.17 13:08:38.817,0.7459,0.7461,1.80,14.70
2008.01.17 13:08:38.976,0.7459,0.74605,1.80,0.70
2008.01.17 13:08:39.349,0.7459,0.74605,1.80,0.70
2008.01.17 13:08:39.507,0.7459,0.7461,1.80,17.10
2008.01.17 13:08:39.711,0.7459,0.7461,1.80,17.10
2008.01.17 13:08:39.953,0.7459,0.74605,1.80,0.70
2008.01.17 13:08:40.157,0.7459,0.74605,1.80,0.60
2008.01.17 13:08:40.360,0.7459,0.7461,1.80,17.10
2008.01.17 13:08:40.662,0.7459,0.74605,1.80,0.60
2008.01.17 13:08:40.820,0.7459,0.7461,1.80,17.10
2008.01.17 13:08:41.090,0.7459,0.74605,1.80,0.80
2008.01.17 13:08:41.461,0.7459,0.7461,1.80,17.10
2008.01.17 13:08:41.490,0.7459,0.7461,1.80,17.10
2008.01.17 13:08:41.871,0.7459,0.74605,1.80,0.70
2008.01.17 13:08:42.142,0.7459,0.7461,1.80,17.10
2008.01.17 13:08:42.416,0.74595,0.74605,0.20,0.40
2008.01.17 13:08:42.859,0.74595,0.7461,0.20,6.80
2008.01.17 13:08:43.132,0.7459,0.7461,1.80,14.70
2008.01.17 13:08:43.396,0.7459,0.7461,1.80,17.10
2008.01.17 13:08:43.658,0.7459,0.7461,1.80,17.10
2008.01.17 13:08:43.939,0.7459,0.7461,1.80,17.10
2008.01.17 13:08:44.113,0.7459,0.7461,1.80,17.10
2008.01.17 13:08:44.410,0.7459,0.7461,1.80,17.10
2008.01.17 13:08:44.585,0.7459,0.74605,1.80,0.90
2008.01.17 13:08:44.942,0.7459,0.74605,1.80,0.60
2008.01.17 13:08:45.169,0.7459,0.7461,1.80,17.10
2008.01.17 13:08:45.400,0.7459,0.7461,1.80,17.10
2008.01.17 13:08:45.628,0.7459,0.7461,1.80,17.10
2008.01.17 13:08:45.875,0.7459,0.7461,1.80,17.10
2008.01.17 13:08:46.311,0.7459,0.7461,1.80,17.10
2008.01.17 13:08:46.579,0.7459,0.7461,1.80,17.10
2008.01.17 13:08:46.846,0.7459,0.74605,1.80,0.50
2008.01.17 13:08:47.295,0.7459,0.7461,1.80,17.10
2008.01.17 13:08:47.562,0.7459,0.74605,1.80,2.70
2008.01.17 13:08:47.792,0.7459,0.74605,1.80,2.70
2008.01.17 13:08:48.018,0.7459,0.74605,1.80,2.70
2008.01.17 13:08:48.250,0.7459,0.74605,1.80,2.70
2008.01.17 13:08:48.476,0.7459,0.74605,1.80,2.70
2008.01.17 13:08:48.737,0.7459,0.74605,1.80,2.70
2008.01.17 13:08:49.106,0.7459,0.74605,1.80,2.70
2008.01.17 13:08:49.573,0.7459,0.74605,1.80,2.70
2008.01.17 13:08:49.613,0.7459,0.74605,1.80,2.70
2008.01.17 13:08:50.045,0.7459,0.74605,1.80,2.70
2008.01.17 13:08:50.457,0.7459,0.74605,1.80,2.70
2008.01.17 13:08:50.470,0.7459,0.74605,1.80,2.70
2008.01.17 13:08:50.668,0.7459,0.74605,1.80,2.70
2008.01.17 13:08:50.967,0.7459,0.74605,1.80,2.70
2008.01.17 13:08:51.477,0.7459,0.74605,1.80,2.70
2008.01.17 13:08:51.775,0.7459,0.74605,1.80,2.70
2008.01.17 13:08:52.045,0.7459,0.74605,1.80,2.70
2008.01.17 13:08:52.459,0.7459,0.74605,1.80,2.70
2008.01.17 13:08:52.668,0.7459,0.74605,1.80,2.70
2008.01.17 13:08:52.901,0.7459,0.74605,1.80,2.70
2008.01.17 13:08:53.136,0.7459,0.74605,1.80,2.70
2008.01.17 13:08:53.445,0.7459,0.74605,1.80,2.70
2008.01.17 13:08:53.677,0.7459,0.74605,1.80,2.70
2008.01.17 13:08:53.951,0.7459,0.74605,1.80,2.70
2008.01.17 13:08:54.394,0.7459,0.74605,1.80,2.70
2008.01.17 13:08:54.815,0.7459,0.74605,1.80,2.70
2008.01.17 13:08:55.038,0.7459,0.74605,1.80,2.70
2008.01.17 13:08:55.352,0.7459,0.74605,1.80,2.70
2008.01.17 13:08:55.574,0.7459,0.74605,1.80,2.70
2008.01.17 13:08:55.797,0.7459,0.74605,1.80,2.70
2008.01.17 13:08:56.021,0.7459,0.74605,1.80,2.70
2008.01.17 13:08:56.289,0.7459,0.74605,1.80,2.70
2008.01.17 13:08:56.732,0.7459,0.74605,1.80,2.70
2008.01.17 13:08:56.998,0.7459,0.74605,1.80,2.70
