2016.03.17 20:00:00.033,0.78105,0.78117,2.62,2.62
2016.03.17 20:00:00.136,0.78105,0.78115,2.25,2.74
2016.03.17 20:00:00.332,0.78103,0.78113,1.31,1.00
2016.03.17 20:00:00.383,0.78107,0.78114,1.00,1.00
2016.03.17 20:00:00.435,0.78107,0.78116,1.00,2.25
2016.03.17 20:00:00.487,0.7811,0.78117,1.00,1.00
2016.03.17 20:00:00.793,0.78122,0.78128,1.07,3.00
2016.03.17 20:00:00.897,0.78125,0.78129,1.25,1.00
2016.03.17 20:00:00.948,0.78125,0.78132,2.06,1.50
2016.03.17 20:00:00.999,0.78125,0.78135,1.87,4.50
2016.03.17 20:00:01.051,0.78125,0.78129,1.00,1.00
2016.03.17 20:00:01.179,0.78123,0.78131,1.10,1.00
2016.03.17 20:00:01.332,0.78122,0.78133,1.12,1.12
2016.03.17 20:00:01.738,0.78122,0.78131,1.00,1.00
2016.03.17 20:00:02.269,0.78123,0.78131,1.00,1.00
2016.03.17 20:00:02.776,0.78123,0.78132,1.12,1.00
2016.03.17 20:00:03.282,0.78122,0.78133,4.12,1.50
2016.03.17 20:00:03.643,0.78123,0.78129,1.00,1.00
2016.03.17 20:00:04.050,0.78122,0.78133,1.50,1.50
2016.03.17 20:00:04.152,0.78122,0.78133,2.62,1.00
2016.03.17 20:00:04.710,0.78124,0.78134,1.12,1.10
2016.03.17 20:00:05.042,0.78123,0.7813,1.10,1.00
2016.03.17 20:00:05.093,0.78123,0.78133,1.10,1.00
2016.03.17 20:00:05.449,0.78123,0.78131,1.00,1.00
2016.03.17 20:00:05.705,0.78119,0.78129,1.00,2.25
2016.03.17 20:00:06.062,0.78118,0.78128,1.00,1.37
2016.03.17 20:00:06.592,0.78117,0.78126,1.00,1.00
2016.03.17 20:00:07.099,0.78117,0.78125,1.00,1.00
2016.03.17 20:00:07.531,0.78115,0.78125,1.87,1.00
2016.03.17 20:00:08.091,0.78115,0.78128,1.50,8.70
2016.03.17 20:00:08.622,0.78115,0.78125,1.95,1.00
2016.03.17 20:00:09.653,0.78115,0.78125,1.95,1.00
2016.03.17 20:00:09.755,0.78116,0.78127,1.12,1.00
2016.03.17 20:00:10.515,0.78116,0.78128,3.37,1.00
2016.03.17 20:00:10.669,0.78118,0.78129,1.00,1.12
2016.03.17 20:00:10.976,0.7812,0.7813,1.00,1.00
2016.03.17 20:00:12.010,0.7812,0.78128,1.00,1.00
2016.03.17 20:00:12.315,0.7812,0.7813,1.00,1.12
2016.03.17 20:00:12.842,0.78118,0.78128,1.57,1.00
2016.03.17 20:00:15.444,0.78118,0.78129,1.50,1.87
2016.03.17 20:00:16.422,0.78118,0.78128,1.87,1.00
2016.03.17 20:00:19.003,0.78118,0.78127,1.50,1.00
2016.03.17 20:00:19.510,0.78118,0.78128,1.50,1.12
2016.03.17 20:00:20.685,0.78118,0.78129,1.50,1.50
2016.03.17 20:00:21.192,0.78117,0.78129,2.25,1.50
2016.03.17 20:00:21.719,0.78117,0.78128,1.50,1.00
2016.03.17 20:00:22.227,0.78117,0.78129,1.87,1.87
2016.03.17 20:00:22.733,0.78118,0.78128,1.00,1.37
2016.03.17 20:00:23.249,0.78117,0.78128,1.00,1.87
2016.03.17 20:00:26.586,0.78117,0.78128,1.00,1.87
2016.03.17 20:00:26.688,0.78115,0.78127,1.50,1.37
2016.03.17 20:00:27.920,0.78115,0.78127,1.50,1.12
2016.03.17 20:00:28.741,0.78115,0.78127,1.50,1.37
2016.03.17 20:00:30.446,0.78115,0.78126,1.00,1.50
2016.03.17 20:00:30.775,0.78118,0.78128,1.00,1.50
2016.03.17 20:00:30.877,0.78116,0.78128,1.00,1.50
2016.03.17 20:00:31.080,0.78115,0.78126,1.95,1.00
2016.03.17 20:00:31.385,0.78115,0.78128,2.70,3.00
2016.03.17 20:00:31.925,0.78115,0.78127,2.70,1.00
2016.03.17 20:00:32.450,0.78115,0.78126,2.70,1.00
2016.03.17 20:00:32.653,0.78115,0.78128,2.70,3.00
2016.03.17 20:00:33.162,0.78115,0.78126,2.70,1.00
2016.03.17 20:00:33.239,0.78115,0.78128,2.70,3.00
2016.03.17 20:00:33.756,0.78115,0.78127,2.70,1.00
2016.03.17 20:00:34.263,0.78115,0.78128,2.70,3.00
2016.03.17 20:00:34.516,0.78115,0.78126,2.70,1.00
2016.03.17 20:00:35.159,0.78115,0.78127,2.70,1.00
2016.03.17 20:00:35.615,0.78114,0.78127,1.87,2.25
2016.03.17 20:00:36.123,0.78114,0.78127,1.00,3.07
2016.03.17 20:00:37.240,0.78113,0.78126,6.64,3.45
2016.03.17 20:00:37.763,0.78114,0.78125,1.87,1.00
2016.03.17 20:00:38.290,0.78113,0.78125,5.89,1.00
2016.03.17 20:00:38.796,0.78114,0.78125,1.50,1.50
2016.03.17 20:00:40.007,0.78114,0.78124,1.00,1.00
2016.03.17 20:00:40.362,0.78114,0.78126,1.50,1.00
2016.03.17 20:00:40.899,0.78114,0.78125,1.12,1.12
2016.03.17 20:00:41.407,0.78114,0.78125,5.89,1.12
2016.03.17 20:00:41.936,0.78114,0.78126,4.77,1.00
2016.03.17 20:00:42.469,0.78115,0.78127,1.12,6.37
2016.03.17 20:00:43.536,0.78115,0.78125,1.12,1.00
2016.03.17 20:00:44.043,0.78114,0.78125,1.00,1.00
2016.03.17 20:00:46.229,0.78114,0.78124,1.00,1.00
2016.03.17 20:00:46.737,0.78114,0.78123,1.00,1.00
2016.03.17 20:00:47.041,0.78114,0.78125,1.37,1.12
2016.03.17 20:00:47.861,0.78114,0.78125,1.00,1.00
2016.03.17 20:00:48.269,0.78114,0.78126,1.37,2.62
2016.03.17 20:00:48.799,0.78114,0.78125,1.37,1.00
2016.03.17 20:00:49.104,0.78114,0.78124,1.00,1.50
2016.03.17 20:00:49.561,0.78113,0.78122,4.02,1.00
2016.03.17 20:00:49.973,0.78114,0.78124,1.00,1.50
2016.03.17 20:00:51.590,0.78114,0.78124,1.87,1.50
2016.03.17 20:00:52.197,0.78114,0.78124,1.50,1.50
2016.03.17 20:00:54.809,0.78114,0.78123,1.12,1.00
2016.03.17 20:00:55.315,0.78113,0.78123,1.12,1.00
2016.03.17 20:00:56.095,0.78113,0.78123,1.50,1.00
2016.03.17 20:00:57.295,0.78113,0.78123,1.12,1.00
2016.03.17 20:00:59.993,0.78113,0.78122,1.37,1.00
2016.03.17 20:01:01.912,0.78113,0.78122,4.57,1.00
2016.03.17 20:01:02.423,0.78113,0.78123,1.10,1.00
2016.03.17 20:01:03.751,0.78113,0.78124,1.10,1.00
2016.03.17 20:01:04.207,0.78113,0.78125,1.95,1.10
2016.03.17 20:01:04.714,0.78113,0.78125,6.45,1.10
2016.03.17 20:01:08.866,0.78119,0.78125,1.00,1.10
2016.03.17 20:01:09.173,0.78126,0.78134,1.00,1.00
2016.03.17 20:01:09.275,0.78126,0.78136,1.00,1.00
2016.03.17 20:01:09.782,0.78127,0.78138,1.00,1.87
2016.03.17 20:01:11.801,0.78129,0.78138,1.00,2.25
2016.03.17 20:01:12.105,0.78131,0.7814,1.00,1.00
2016.03.17 20:01:12.918,0.7813,0.7814,1.00,1.00
2016.03.17 20:01:13.249,0.78128,0.7814,2.32,1.00
2016.03.17 20:01:13.504,0.7813,0.7814,1.00,1.12
2016.03.17 20:01:13.860,0.7813,0.78142,1.00,1.00
2016.03.17 20:01:15.560,0.78129,0.7814,2.25,1.00
2016.03.17 20:01:16.084,0.78129,0.78139,1.00,1.00
2016.03.17 20:01:17.053,0.78133,0.78139,1.00,1.00
2016.03.17 20:01:17.256,0.78133,0.78145,1.50,1.87
2016.03.17 20:01:17.840,0.78133,0.78144,2.25,1.00
2016.03.17 20:01:18.347,0.78132,0.78144,1.50,6.00
2016.03.17 20:01:18.866,0.78132,0.78143,1.00,1.00
2016.03.17 20:01:20.134,0.78134,0.78143,1.00,1.00
2016.03.17 20:01:20.257,0.78134,0.78145,1.00,1.12
2016.03.17 20:01:20.410,0.78132,0.78145,2.62,1.87
2016.03.17 20:01:20.563,0.78132,0.78143,1.12,1.00
2016.03.17 20:01:21.070,0.78132,0.78143,1.12,1.37
2016.03.17 20:01:21.578,0.78131,0.78142,1.87,1.00
2016.03.17 20:01:22.090,0.78131,0.78143,3.37,1.00
2016.03.17 20:01:22.648,0.78131,0.78143,3.75,1.00
2016.03.17 20:01:23.155,0.78132,0.78143,1.12,1.00
2016.03.17 20:01:25.138,0.78131,0.78142,2.25,1.00
2016.03.17 20:01:25.443,0.78131,0.7814,1.00,1.00
2016.03.17 20:01:25.494,0.78129,0.7814,1.10,1.00
2016.03.17 20:01:30.215,0.78129,0.78141,1.20,2.25
2016.03.17 20:01:30.724,0.7813,0.78141,1.12,1.50
2016.03.17 20:01:31.233,0.7813,0.78142,1.50,1.00
2016.03.17 20:01:31.754,0.7813,0.78143,1.87,2.25
2016.03.17 20:01:32.160,0.7813,0.78141,1.87,1.00
2016.03.17 20:01:32.667,0.7813,0.78142,1.87,1.12
2016.03.17 20:01:33.715,0.7813,0.78142,1.87,1.00
2016.03.17 20:01:34.222,0.7813,0.78143,1.50,2.25
2016.03.17 20:01:34.554,0.78132,0.78143,1.00,1.00
2016.03.17 20:01:35.062,0.78132,0.78143,1.37,1.50
2016.03.17 20:01:37.419,0.78133,0.78143,4.87,1.00
2016.03.17 20:01:37.521,0.78133,0.78146,5.70,1.12
2016.03.17 20:01:38.056,0.78135,0.78147,1.00,2.25
2016.03.17 20:01:38.878,0.78135,0.78146,1.00,1.00
2016.03.17 20:01:39.807,0.78135,0.78147,1.00,2.25
2016.03.17 20:01:40.366,0.78135,0.78146,1.00,1.00
2016.03.17 20:01:41.043,0.78135,0.78147,1.00,2.25
2016.03.17 20:01:41.347,0.78135,0.78145,1.00,1.00
2016.03.17 20:01:42.453,0.78135,0.78146,3.00,1.00
2016.03.17 20:01:42.707,0.78135,0.78148,3.00,2.25
2016.03.17 20:01:45.010,0.78135,0.78147,8.06,1.00
2016.03.17 20:01:45.550,0.78135,0.78148,8.06,2.25
2016.03.17 20:01:49.697,0.78135,0.78148,6.19,1.87
2016.03.17 20:01:50.408,0.78135,0.78148,5.81,1.50
2016.03.17 20:01:51.854,0.78135,0.78147,2.81,1.00
2016.03.17 20:01:52.381,0.78135,0.78146,1.12,1.00
2016.03.17 20:01:52.635,0.78135,0.78144,1.00,1.00
2016.03.17 20:01:53.149,0.78134,0.78144,1.25,1.50
2016.03.17 20:01:53.690,0.78134,0.78145,1.25,1.50
2016.03.17 20:01:56.700,0.78133,0.78144,2.06,1.00
2016.03.17 20:01:59.277,0.78133,0.78144,1.87,1.00
2016.03.17 20:02:00.952,0.78133,0.78143,1.50,1.00
2016.03.17 20:02:01.258,0.78133,0.78141,1.50,1.00
2016.03.17 20:02:01.461,0.78133,0.78143,1.50,1.50
2016.03.17 20:02:05.323,0.78133,0.78142,1.00,1.00
2016.03.17 20:02:05.854,0.78133,0.78143,1.00,1.87
2016.03.17 20:02:06.159,0.78133,0.78141,1.00,1.00
2016.03.17 20:02:06.691,0.78133,0.7814,1.00,1.00
2016.03.17 20:02:08.262,0.78133,0.78142,1.00,1.00
2016.03.17 20:02:08.820,0.78133,0.78141,1.00,1.00
2016.03.17 20:02:09.474,0.78133,0.78143,1.00,1.00
2016.03.17 20:02:10.049,0.78133,0.78144,1.50,1.87
2016.03.17 20:02:10.202,0.78135,0.78144,1.00,1.87
2016.03.17 20:02:10.708,0.78135,0.78143,1.00,1.00
2016.03.17 20:02:11.116,0.78135,0.78145,1.00,4.87
2016.03.17 20:02:18.851,0.78135,0.78143,1.00,1.00
2016.03.17 20:02:20.030,0.78135,0.78144,1.12,2.62
2016.03.17 20:02:20.256,0.78136,0.78146,1.00,1.87
2016.03.17 20:02:20.967,0.78136,0.78145,1.00,1.00
2016.03.17 20:02:21.474,0.78135,0.78146,1.50,1.50
2016.03.17 20:02:22.471,0.78135,0.78145,1.00,1.00
2016.03.17 20:02:23.218,0.78135,0.78141,1.00,1.00
2016.03.17 20:02:24.639,0.78133,0.78141,4.87,1.00
2016.03.17 20:02:25.551,0.78133,0.78144,3.75,1.87
2016.03.17 20:02:26.754,0.78132,0.78144,1.50,2.04
2016.03.17 20:02:27.636,0.78132,0.78145,3.45,1.67
2016.03.17 20:02:28.955,0.78132,0.78145,4.20,1.17
2016.03.17 20:02:29.468,0.78132,0.78143,2.70,1.00
2016.03.17 20:02:29.976,0.78132,0.78144,2.32,2.04
2016.03.17 20:02:30.482,0.78132,0.78144,2.32,1.22
2016.03.17 20:02:31.018,0.78132,0.78145,2.32,2.79
2016.03.17 20:02:34.945,0.78132,0.78145,2.32,2.79
2016.03.17 20:02:36.547,0.78132,0.78145,1.95,2.79
2016.03.17 20:02:39.705,0.78132,0.78143,1.95,1.00
2016.03.17 20:02:40.802,0.78133,0.78143,1.00,1.00
2016.03.17 20:02:42.412,0.78133,0.78144,1.00,2.04
2016.03.17 20:02:46.205,0.78133,0.78143,1.00,1.00
2016.03.17 20:02:46.713,0.78133,0.78142,1.00,1.00
2016.03.17 20:02:47.595,0.78134,0.78142,1.00,1.22
2016.03.17 20:02:51.386,0.78134,0.78143,1.00,1.87
2016.03.17 20:02:54.998,0.78134,0.78144,1.00,1.87
2016.03.17 20:02:55.505,0.78134,0.78143,1.00,1.00
2016.03.17 20:02:59.069,0.78134,0.78142,1.00,1.00
2016.03.17 20:02:59.222,0.78132,0.78142,3.07,1.00
2016.03.17 20:02:59.729,0.78132,0.78143,3.07,1.12
2016.03.17 20:03:00.293,0.78132,0.78144,3.07,1.87
2016.03.17 20:03:00.820,0.78133,0.78143,1.00,1.00
2016.03.17 20:03:01.327,0.78133,0.78144,1.00,3.00
2016.03.17 20:03:02.173,0.78133,0.78142,1.00,1.00
2016.03.17 20:03:02.676,0.78133,0.78143,1.00,1.87
2016.03.17 20:03:28.237,0.78133,0.78142,1.00,1.00
2016.03.17 20:03:28.922,0.78133,0.78143,1.00,1.87
2016.03.17 20:03:41.972,0.78133,0.78142,1.50,1.00
2016.03.17 20:03:42.511,0.78133,0.78143,1.50,1.12
2016.03.17 20:03:43.173,0.78133,0.78143,1.87,1.12
2016.03.17 20:03:43.679,0.78133,0.78144,1.87,3.37
2016.03.17 20:03:44.778,0.78133,0.78144,1.50,2.62
2016.03.17 20:03:45.285,0.78133,0.78142,1.50,1.00
2016.03.17 20:03:54.620,0.78133,0.7814,1.00,1.00
2016.03.17 20:03:54.671,0.78131,0.7814,1.87,1.00
2016.03.17 20:03:54.954,0.78131,0.78142,1.50,2.62
2016.03.17 20:03:55.968,0.78131,0.78141,1.50,1.00
2016.03.17 20:04:00.119,0.78131,0.78142,1.50,1.87
2016.03.17 20:04:01.371,0.78131,0.78141,1.87,1.00
2016.03.17 20:04:01.879,0.78131,0.7814,1.87,1.00
2016.03.17 20:04:03.345,0.78131,0.78141,1.87,1.00
2016.03.17 20:04:03.853,0.78131,0.78142,1.50,1.87
2016.03.17 20:04:04.456,0.78131,0.7814,1.50,1.00
2016.03.17 20:04:04.761,0.78133,0.78139,1.00,1.00
2016.03.17 20:04:05.271,0.78133,0.7814,1.00,1.00
2016.03.17 20:04:07.521,0.78133,0.78141,1.00,1.00
2016.03.17 20:04:08.069,0.78132,0.78141,1.00,1.00
2016.03.17 20:04:08.578,0.78133,0.78142,1.00,1.12
2016.03.17 20:04:09.080,0.78132,0.78141,2.25,1.00
2016.03.17 20:04:12.153,0.78132,0.78142,1.50,1.87
2016.03.17 20:04:19.476,0.78132,0.78141,1.50,1.00
2016.03.17 20:04:19.977,0.78132,0.78142,1.50,1.87
2016.03.17 20:04:25.770,0.78132,0.78141,2.06,1.00
2016.03.17 20:04:30.173,0.78132,0.78142,1.69,1.87
2016.03.17 20:04:40.058,0.78132,0.78141,1.69,1.00
2016.03.17 20:04:40.385,0.78132,0.78138,1.00,1.00
2016.03.17 20:04:40.759,0.78129,0.78138,1.69,1.00
2016.03.17 20:04:48.122,0.78128,0.78139,1.76,1.50
2016.03.17 20:04:48.629,0.78128,0.78138,1.76,1.00
2016.03.17 20:04:49.352,0.78128,0.78139,1.76,1.50
2016.03.17 20:04:55.986,0.78128,0.78138,1.47,1.00
2016.03.17 20:04:56.685,0.78128,0.78139,1.47,1.50
2016.03.17 20:04:57.972,0.78128,0.78138,1.47,1.00
2016.03.17 20:04:58.482,0.78128,0.78139,1.47,1.50
2016.03.17 20:04:59.039,0.78128,0.78139,1.01,1.50
2016.03.17 20:04:59.748,0.78128,0.78138,1.01,1.00
2016.03.17 20:05:00.252,0.78128,0.78139,1.25,1.00
2016.03.17 20:05:00.758,0.78129,0.78139,1.00,1.00
2016.03.17 20:05:02.295,0.78129,0.78138,1.00,1.00
2016.03.17 20:05:20.787,0.78128,0.78138,1.50,1.00
2016.03.17 20:05:22.366,0.78129,0.78138,1.00,1.00
2016.03.17 20:05:22.418,0.78129,0.7814,1.50,2.17
2016.03.17 20:05:22.938,0.78129,0.7814,3.56,1.00
2016.03.17 20:05:22.989,0.78132,0.78141,1.00,1.00
2016.03.17 20:05:23.496,0.78132,0.78142,1.00,2.25
2016.03.17 20:05:23.902,0.78134,0.78142,1.00,1.00
2016.03.17 20:05:24.056,0.78134,0.78145,1.50,3.75
2016.03.17 20:05:24.559,0.78134,0.78146,2.62,1.87
2016.03.17 20:05:25.066,0.78134,0.78145,2.62,1.00
2016.03.17 20:05:28.051,0.78135,0.78147,1.00,4.57
2016.03.17 20:05:28.559,0.78136,0.78147,1.50,3.75
2016.03.17 20:05:30.116,0.78136,0.78148,1.50,1.50
2016.03.17 20:05:37.230,0.78136,0.78147,1.50,1.00
2016.03.17 20:05:39.541,0.78136,0.78148,1.00,1.00
2016.03.17 20:05:39.746,0.78136,0.78145,1.00,1.00
2016.03.17 20:05:40.257,0.78136,0.78146,1.00,1.50
2016.03.17 20:05:40.598,0.78134,0.78146,3.37,1.00
2016.03.17 20:05:41.136,0.78134,0.78145,2.62,1.00
2016.03.17 20:05:42.055,0.78134,0.78144,1.50,1.00
2016.03.17 20:05:42.753,0.78134,0.78145,1.50,1.00
2016.03.17 20:05:43.469,0.78134,0.78144,1.00,1.00
2016.03.17 20:05:44.081,0.78134,0.78145,1.00,1.50
2016.03.17 20:05:44.963,0.78134,0.78146,1.87,2.25
2016.03.17 20:05:45.014,0.78136,0.78146,1.00,2.25
2016.03.17 20:05:45.319,0.78134,0.78145,1.57,1.00
2016.03.17 20:05:45.863,0.78134,0.78144,1.12,1.00
2016.03.17 20:05:46.117,0.78133,0.78142,1.50,1.00
2016.03.17 20:05:46.371,0.7813,0.7814,1.50,1.10
2016.03.17 20:05:46.900,0.78131,0.78141,5.06,1.57
2016.03.17 20:05:46.951,0.78132,0.78143,2.06,1.07
2016.03.17 20:05:47.003,0.78132,0.78145,3.56,3.82
2016.03.17 20:05:47.054,0.78134,0.78145,1.12,1.07
2016.03.17 20:05:47.511,0.78134,0.78146,5.25,3.00
2016.03.17 20:05:48.171,0.78135,0.78145,1.00,1.00
2016.03.17 20:05:48.709,0.78135,0.78146,1.00,1.00
2016.03.17 20:05:48.963,0.78134,0.78143,1.50,1.00
2016.03.17 20:05:49.305,0.78132,0.78141,1.00,1.50
2016.03.17 20:05:49.357,0.78129,0.7814,5.70,1.00
2016.03.17 20:05:49.864,0.78129,0.78139,1.50,3.00
2016.03.17 20:05:50.886,0.78129,0.7814,1.12,2.25
2016.03.17 20:05:51.089,0.7813,0.7814,1.31,1.00
2016.03.17 20:05:51.242,0.7813,0.78142,4.76,2.25
2016.03.17 20:05:51.753,0.78131,0.78143,2.06,1.50
2016.03.17 20:05:53.274,0.78132,0.78143,1.00,1.00
2016.03.17 20:05:53.794,0.78131,0.78137,1.69,1.00
2016.03.17 20:05:54.100,0.7813,0.78134,1.00,1.50
2016.03.17 20:05:54.784,0.78124,0.78135,1.69,4.87
2016.03.17 20:05:55.292,0.78125,0.78134,1.00,1.12
2016.03.17 20:05:55.573,0.78125,0.78136,1.00,1.87
2016.03.17 20:05:55.726,0.78126,0.78138,1.00,1.95
2016.03.17 20:05:55.981,0.78128,0.78138,1.00,1.87
2016.03.17 20:05:58.038,0.78128,0.78139,1.12,1.12
2016.03.17 20:05:58.362,0.78128,0.78137,1.00,1.12
2016.03.17 20:05:58.668,0.78128,0.78135,1.00,1.00
2016.03.17 20:05:59.075,0.78128,0.78137,1.50,1.12
2016.03.17 20:05:59.880,0.78129,0.78137,1.00,1.00
2016.03.17 20:06:00.388,0.78127,0.78138,7.69,1.00
2016.03.17 20:06:00.934,0.78128,0.78138,1.00,2.25
2016.03.17 20:06:01.543,0.78128,0.78138,1.50,2.62
2016.03.17 20:06:01.971,0.78128,0.78136,1.50,1.00
2016.03.17 20:06:02.124,0.78127,0.78138,1.00,3.75
2016.03.17 20:06:02.886,0.78127,0.78137,1.50,1.00
2016.03.17 20:06:03.665,0.78127,0.78135,1.50,1.00
2016.03.17 20:06:03.971,0.78125,0.78135,6.75,1.50
2016.03.17 20:06:04.529,0.78125,0.78136,2.25,1.00
2016.03.17 20:06:04.691,0.78127,0.78136,1.00,1.00
2016.03.17 20:06:05.202,0.78126,0.78136,1.00,1.87
2016.03.17 20:06:06.238,0.78125,0.78136,2.62,1.87
2016.03.17 20:06:06.543,0.78126,0.78134,1.00,1.00
2016.03.17 20:06:07.065,0.78125,0.78134,1.87,1.00
2016.03.17 20:06:07.691,0.78126,0.78134,1.00,1.00
2016.03.17 20:06:08.198,0.78125,0.78134,1.50,1.00
2016.03.17 20:06:09.075,0.78125,0.78135,1.50,1.00
2016.03.17 20:06:10.246,0.78127,0.78136,1.00,1.00
2016.03.17 20:06:10.769,0.78128,0.78138,1.00,1.00
2016.03.17 20:06:11.284,0.78128,0.78139,1.00,1.50
2016.03.17 20:06:11.436,0.7813,0.78139,1.00,1.50
2016.03.17 20:06:11.984,0.78129,0.7814,1.00,1.00
2016.03.17 20:06:12.514,0.78129,0.78141,1.00,4.27
2016.03.17 20:06:12.819,0.78128,0.78138,1.69,1.00
2016.03.17 20:06:13.373,0.78128,0.78139,1.50,2.25
2016.03.17 20:06:15.088,0.78129,0.78139,1.00,1.87
2016.03.17 20:06:15.241,0.78127,0.78139,1.69,2.62
2016.03.17 20:06:15.546,0.78127,0.78136,1.25,1.00
2016.03.17 20:06:16.070,0.78126,0.78136,1.00,1.00
2016.03.17 20:06:16.382,0.78128,0.78136,1.50,1.00
2016.03.17 20:06:16.434,0.78128,0.78139,1.50,2.25
2016.03.17 20:06:16.942,0.78129,0.78139,1.00,1.50
2016.03.17 20:06:18.728,0.78128,0.78139,1.50,2.62
2016.03.17 20:06:18.881,0.78127,0.78137,1.50,1.00
2016.03.17 20:06:19.237,0.78129,0.78137,1.00,1.00
2016.03.17 20:06:19.782,0.78128,0.78138,1.00,1.50
2016.03.17 20:06:20.289,0.78129,0.78138,1.00,1.50
2016.03.17 20:06:20.643,0.78127,0.78138,1.50,2.25
2016.03.17 20:06:20.846,0.78129,0.78138,1.00,1.50
2016.03.17 20:06:21.354,0.78128,0.78139,1.50,7.12
2016.03.17 20:06:25.103,0.78128,0.78136,1.00,1.00
2016.03.17 20:06:25.713,0.78128,0.78139,1.50,1.12
2016.03.17 20:06:26.229,0.78129,0.78139,1.00,1.12
2016.03.17 20:06:26.736,0.78128,0.78139,2.25,1.00
2016.03.17 20:06:27.107,0.7813,0.78139,1.00,1.00
2016.03.17 20:06:27.655,0.7813,0.7814,1.00,1.00
2016.03.17 20:06:27.962,0.78128,0.78139,1.00,1.50
2016.03.17 20:06:28.471,0.78129,0.78139,1.00,1.50
2016.03.17 20:06:29.431,0.78128,0.78138,1.00,1.12
2016.03.17 20:06:29.584,0.78126,0.78137,1.00,1.00
2016.03.17 20:06:29.839,0.78128,0.78136,1.00,1.00
2016.03.17 20:06:30.117,0.78128,0.7814,1.50,3.07
2016.03.17 20:06:30.624,0.78128,0.7814,1.50,1.57
2016.03.17 20:06:31.442,0.78128,0.78139,1.50,1.00
2016.03.17 20:06:31.620,0.78127,0.78137,1.50,1.12
2016.03.17 20:06:31.927,0.78125,0.78135,1.00,1.00
2016.03.17 20:06:33.060,0.78126,0.78136,1.00,1.00
2016.03.17 20:06:35.164,0.78127,0.78136,1.00,1.00
2016.03.17 20:06:35.869,0.78126,0.78136,1.00,1.50
2016.03.17 20:06:36.436,0.78126,0.78135,1.00,1.00
2016.03.17 20:06:36.967,0.78127,0.78135,1.00,1.00
2016.03.17 20:06:38.265,0.78125,0.78135,1.00,1.00
2016.03.17 20:06:38.800,0.78125,0.78134,1.00,1.00
2016.03.17 20:06:39.633,0.78126,0.78134,1.00,1.00
2016.03.17 20:06:40.012,0.78126,0.78136,1.00,1.50
2016.03.17 20:06:42.088,0.78126,0.78135,1.00,1.00
2016.03.17 20:06:42.291,0.78126,0.78132,1.00,1.00
2016.03.17 20:06:42.647,0.78126,0.78135,1.50,1.00
2016.03.17 20:06:43.154,0.78127,0.78136,1.00,1.00
2016.03.17 20:06:44.083,0.78128,0.78136,1.00,1.00
2016.03.17 20:06:44.185,0.78128,0.78138,1.00,2.25
2016.03.17 20:06:44.697,0.78128,0.78138,1.00,3.75
2016.03.17 20:06:44.951,0.78127,0.78134,1.00,1.00
2016.03.17 20:06:45.003,0.78125,0.78134,5.25,1.00
2016.03.17 20:06:45.511,0.78126,0.78134,1.00,1.00
2016.03.17 20:06:47.469,0.78126,0.78136,1.00,1.00
2016.03.17 20:06:48.508,0.78127,0.78136,1.00,1.00
2016.03.17 20:06:49.017,0.78126,0.78136,1.12,1.00
2016.03.17 20:06:49.368,0.78127,0.78138,5.25,1.57
2016.03.17 20:06:49.900,0.78128,0.78139,1.00,3.07
2016.03.17 20:06:51.756,0.78128,0.78137,1.00,1.00
2016.03.17 20:06:52.060,0.78126,0.78135,1.50,1.00
2016.03.17 20:06:52.585,0.78126,0.78134,1.00,1.00
2016.03.17 20:06:53.193,0.78126,0.78136,1.12,3.37
2016.03.17 20:06:55.064,0.78126,0.78136,1.00,3.75
2016.03.17 20:06:55.166,0.78123,0.78134,3.94,1.00
2016.03.17 20:06:55.420,0.78123,0.78133,1.00,1.57
2016.03.17 20:06:55.931,0.78122,0.78132,1.00,1.10
2016.03.17 20:06:56.439,0.78121,0.78133,1.00,2.70
2016.03.17 20:06:57.742,0.78122,0.78133,1.00,4.57
2016.03.17 20:06:58.606,0.78122,0.78133,1.37,3.82
2016.03.17 20:06:59.133,0.78122,0.78133,1.37,3.75
2016.03.17 20:06:59.639,0.78122,0.78133,1.00,1.50
2016.03.17 20:07:00.146,0.78121,0.78132,1.00,1.00
2016.03.17 20:07:07.177,0.78122,0.78132,1.00,1.50
2016.03.17 20:07:08.282,0.78121,0.78132,1.00,1.00
2016.03.17 20:07:10.100,0.78121,0.78132,1.37,1.72
2016.03.17 20:07:15.742,0.78121,0.78132,1.00,1.35
2016.03.17 20:07:18.671,0.78122,0.78132,1.00,2.10
2016.03.17 20:07:19.281,0.78121,0.78132,1.50,1.35
2016.03.17 20:07:24.581,0.78122,0.78133,1.00,1.12
2016.03.17 20:07:25.115,0.78123,0.78134,1.00,2.25
2016.03.17 20:07:25.986,0.78124,0.78134,1.00,1.50
2016.03.17 20:07:26.292,0.78127,0.78138,1.50,3.00
2016.03.17 20:07:29.019,0.78127,0.78138,1.50,2.62
2016.03.17 20:07:35.497,0.78127,0.78137,2.25,1.50
2016.03.17 20:07:39.609,0.78127,0.78138,1.00,3.75
2016.03.17 20:07:41.548,0.78128,0.78138,1.00,2.25
2016.03.17 20:07:42.055,0.78128,0.78139,1.00,6.37
2016.03.17 20:07:42.562,0.78127,0.78138,1.00,1.50
2016.03.17 20:07:43.089,0.78126,0.78138,5.25,2.25
2016.03.17 20:07:44.878,0.78126,0.78137,5.25,1.00
2016.03.17 20:07:52.852,0.78127,0.78137,1.00,1.50
2016.03.17 20:07:53.446,0.78126,0.78137,1.50,1.00
2016.03.17 20:07:58.164,0.78126,0.78136,1.50,1.00
2016.03.17 20:08:01.855,0.78125,0.78137,6.37,1.57
2016.03.17 20:08:02.361,0.78126,0.78136,1.00,1.00
2016.03.17 20:08:03.261,0.78125,0.78137,6.00,1.57
2016.03.17 20:08:03.565,0.78125,0.78135,6.00,1.00
2016.03.17 20:08:04.072,0.78126,0.78135,1.00,1.00
2016.03.17 20:08:04.578,0.78126,0.78136,1.00,1.00
2016.03.17 20:08:05.084,0.78125,0.78136,1.00,1.50
2016.03.17 20:08:09.356,0.78126,0.78136,1.00,2.25
2016.03.17 20:08:09.864,0.78125,0.78136,1.50,1.00
2016.03.17 20:08:12.892,0.78126,0.78136,1.00,1.00
2016.03.17 20:08:13.399,0.78126,0.78137,1.12,1.57
2016.03.17 20:08:13.908,0.78127,0.78137,1.00,2.32
2016.03.17 20:08:18.009,0.78126,0.78137,1.12,1.10
2016.03.17 20:08:18.515,0.78127,0.78137,1.00,1.50
2016.03.17 20:08:21.522,0.78127,0.78138,1.50,1.50
2016.03.17 20:08:22.554,0.78127,0.78139,2.25,3.75
2016.03.17 20:08:23.164,0.78128,0.78138,1.12,1.00
2016.03.17 20:08:23.875,0.78127,0.78139,2.25,3.00
2016.03.17 20:08:24.383,0.78127,0.78137,2.25,1.00
2016.03.17 20:08:25.596,0.78128,0.78137,1.00,1.00
2016.03.17 20:08:26.381,0.78127,0.78137,2.25,1.00
2016.03.17 20:08:27.199,0.78129,0.78137,1.00,1.00
2016.03.17 20:08:27.681,0.78129,0.7814,1.00,1.00
2016.03.17 20:08:28.191,0.7813,0.78141,1.00,1.00
2016.03.17 20:08:28.698,0.78129,0.78141,2.62,1.50
2016.03.17 20:08:29.314,0.7813,0.7814,1.00,1.00
2016.03.17 20:08:31.608,0.78131,0.78141,1.00,1.00
2016.03.17 20:08:34.721,0.78132,0.78141,1.00,1.00
2016.03.17 20:08:37.097,0.78131,0.78141,1.00,1.00
2016.03.17 20:08:39.798,0.78131,0.7814,1.00,1.00
2016.03.17 20:08:41.730,0.7813,0.7814,1.50,1.00
2016.03.17 20:08:42.268,0.78129,0.7814,6.45,1.00
2016.03.17 20:08:43.921,0.7813,0.7814,1.00,1.50
2016.03.17 20:08:44.443,0.78129,0.7814,2.32,1.00
2016.03.17 20:08:48.491,0.78129,0.78139,1.50,1.00
2016.03.17 20:08:53.870,0.78128,0.78139,5.44,3.60
2016.03.17 20:08:54.640,0.78129,0.78138,1.12,1.00
2016.03.17 20:08:54.691,0.78129,0.7814,1.87,2.32
2016.03.17 20:08:55.197,0.7813,0.78139,1.00,1.00
2016.03.17 20:08:59.356,0.78129,0.78139,1.50,1.00
2016.03.17 20:09:18.519,0.78129,0.78139,6.19,1.00
2016.03.17 20:09:18.570,0.78131,0.78141,1.50,1.57
2016.03.17 20:09:18.672,0.78133,0.78141,1.50,1.00
2016.03.17 20:09:18.723,0.78133,0.78144,1.50,2.32
2016.03.17 20:09:19.028,0.78131,0.7814,3.56,1.00
2016.03.17 20:09:19.561,0.78131,0.7814,1.25,1.00
2016.03.17 20:09:21.550,0.78131,0.78141,1.25,1.00
2016.03.17 20:09:22.108,0.7813,0.78142,4.31,1.12
2016.03.17 20:09:22.625,0.78132,0.78143,1.12,1.50
2016.03.17 20:09:24.087,0.78133,0.78142,1.00,1.00
2016.03.17 20:09:24.190,0.78131,0.78142,5.81,1.00
2016.03.17 20:09:24.647,0.7813,0.78139,5.44,1.00
2016.03.17 20:09:25.267,0.78129,0.78139,6.00,1.00
2016.03.17 20:09:25.981,0.78129,0.7814,5.25,1.00
2016.03.17 20:09:28.414,0.78129,0.78141,5.25,1.50
2016.03.17 20:09:28.951,0.7813,0.7814,1.00,1.50
2016.03.17 20:09:33.106,0.78129,0.7814,4.50,1.00
2016.03.17 20:09:33.620,0.7813,0.7814,1.00,1.00
2016.03.17 20:09:34.129,0.7813,0.78141,1.12,1.50
2016.03.17 20:09:34.662,0.78129,0.7814,5.32,1.00
2016.03.17 20:09:35.680,0.78129,0.78139,3.75,1.00
2016.03.17 20:09:36.229,0.78127,0.78139,6.37,1.00
2016.03.17 20:09:37.103,0.78128,0.7814,1.12,3.00
2016.03.17 20:09:37.632,0.78128,0.7814,1.87,3.00
2016.03.17 20:09:42.117,0.78129,0.78139,1.12,1.00
2016.03.17 20:09:47.036,0.78128,0.7814,1.87,3.00
2016.03.17 20:09:47.622,0.78128,0.7814,1.87,3.37
2016.03.17 20:09:48.643,0.78128,0.78138,1.87,1.00
2016.03.17 20:09:49.301,0.78128,0.78139,1.00,1.00
2016.03.17 20:09:49.830,0.78129,0.78139,1.00,1.00
2016.03.17 20:09:50.336,0.7813,0.78139,1.00,1.00
2016.03.17 20:09:53.056,0.78129,0.78139,1.00,1.00
2016.03.17 20:09:54.436,0.78129,0.7814,1.12,1.00
2016.03.17 20:09:57.773,0.78128,0.78139,4.01,1.50
2016.03.17 20:09:58.317,0.78128,0.78138,3.00,1.00
2016.03.17 20:09:59.538,0.78128,0.78139,3.00,3.37
2016.03.17 20:10:00.198,0.78129,0.78139,3.00,1.50
2016.03.17 20:10:00.503,0.78132,0.7814,1.00,1.00
2016.03.17 20:10:00.656,0.78131,0.78142,1.50,1.00
2016.03.17 20:10:02.277,0.78132,0.78142,1.00,1.00
2016.03.17 20:10:02.784,0.78131,0.78142,1.00,1.00
2016.03.17 20:10:03.291,0.78132,0.78142,1.50,1.12
2016.03.17 20:10:03.662,0.78134,0.78144,1.00,1.37
2016.03.17 20:10:04.476,0.78133,0.78144,1.12,1.37
2016.03.17 20:10:05.024,0.78133,0.78144,1.87,1.00
2016.03.17 20:10:06.483,0.78133,0.78144,1.37,1.00
2016.03.17 20:10:07.033,0.78135,0.78145,1.00,1.50
2016.03.17 20:10:08.086,0.78134,0.78145,1.12,1.50
2016.03.17 20:10:08.611,0.78133,0.78145,1.31,2.85
2016.03.17 20:10:09.119,0.78132,0.78144,3.56,1.50
2016.03.17 20:10:12.676,0.78132,0.78143,2.81,1.00
2016.03.17 20:10:13.432,0.78132,0.78143,1.12,1.00
2016.03.17 20:10:13.763,0.78134,0.78144,1.00,1.00
2016.03.17 20:10:17.111,0.78135,0.78144,1.00,1.00
2016.03.17 20:10:18.004,0.78134,0.78144,1.00,1.00
2016.03.17 20:10:18.511,0.78135,0.78144,1.00,1.00
2016.03.17 20:10:19.018,0.78134,0.78144,1.00,1.00
2016.03.17 20:10:23.620,0.78135,0.78144,1.00,1.00
2016.03.17 20:10:24.127,0.78134,0.78145,1.12,1.50
2016.03.17 20:10:24.533,0.78136,0.78146,1.00,2.25
2016.03.17 20:10:25.140,0.78135,0.78146,1.00,1.87
2016.03.17 20:10:25.912,0.78136,0.78146,1.00,1.50
2016.03.17 20:10:26.430,0.78137,0.78146,1.00,1.00
2016.03.17 20:10:26.937,0.78136,0.78146,1.00,1.00
2016.03.17 20:10:28.536,0.78135,0.78146,1.87,1.00
2016.03.17 20:10:28.740,0.78133,0.78145,7.01,1.00
2016.03.17 20:10:28.994,0.78133,0.78143,1.00,1.00
2016.03.17 20:10:29.551,0.78132,0.78143,2.62,1.00
2016.03.17 20:10:29.857,0.78133,0.78143,2.06,1.00
2016.03.17 20:10:30.364,0.78135,0.78144,1.87,1.00
2016.03.17 20:10:30.953,0.78136,0.78144,1.00,1.00
2016.03.17 20:10:31.106,0.78134,0.78144,3.19,1.00
2016.03.17 20:10:31.157,0.78134,0.78146,1.69,1.00
2016.03.17 20:10:31.664,0.78135,0.78145,1.00,1.50
2016.03.17 20:10:32.175,0.78134,0.78145,1.25,1.50
2016.03.17 20:10:32.683,0.78132,0.78144,2.25,1.87
2016.03.17 20:10:32.937,0.7813,0.78142,6.00,1.00
2016.03.17 20:10:33.444,0.7813,0.78141,4.50,1.00
2016.03.17 20:10:34.240,0.78131,0.78141,1.00,1.00
2016.03.17 20:10:34.746,0.7813,0.78141,1.00,1.00
2016.03.17 20:10:35.253,0.78131,0.78141,1.00,1.00
2016.03.17 20:10:35.914,0.7813,0.78141,1.12,1.00
2016.03.17 20:10:36.752,0.78131,0.78141,1.00,1.00
2016.03.17 20:10:37.258,0.7813,0.78141,5.62,1.00
2016.03.17 20:10:50.456,0.78131,0.78141,1.00,1.00
2016.03.17 20:10:50.710,0.78132,0.78143,1.00,1.00
2016.03.17 20:10:51.065,0.7813,0.78143,3.75,1.00
2016.03.17 20:10:52.257,0.78132,0.78143,1.00,1.00
2016.03.17 20:10:52.764,0.78131,0.78143,1.12,1.00
2016.03.17 20:10:55.785,0.78132,0.78143,1.00,1.50
2016.03.17 20:10:56.869,0.78131,0.78143,1.87,1.50
2016.03.17 20:10:57.705,0.78132,0.78143,1.00,1.00
2016.03.17 20:10:58.256,0.78131,0.78143,1.00,1.00
2016.03.17 20:11:00.191,0.78132,0.78143,1.00,1.00
2016.03.17 20:11:00.709,0.78133,0.78143,1.00,1.00
2016.03.17 20:11:01.242,0.78134,0.78143,1.00,1.50
2016.03.17 20:11:02.295,0.78133,0.78143,1.00,1.50
2016.03.17 20:11:07.408,0.78134,0.78143,1.00,1.00
2016.03.17 20:11:07.915,0.78134,0.78144,1.00,1.50
2016.03.17 20:11:08.416,0.78133,0.78144,1.25,1.50
2016.03.17 20:11:08.997,0.78134,0.78144,1.00,1.50
2016.03.17 20:11:10.210,0.78135,0.78144,1.00,1.00
2016.03.17 20:11:10.982,0.78133,0.78144,1.39,1.00
2016.03.17 20:11:13.202,0.78135,0.78144,1.00,1.00
2016.03.17 20:11:13.784,0.78136,0.78144,1.00,1.00
2016.03.17 20:11:14.633,0.78135,0.78144,1.00,1.00
2016.03.17 20:11:15.141,0.78136,0.78144,1.00,1.00
2016.03.17 20:11:15.460,0.78135,0.78146,1.00,1.50
2016.03.17 20:11:16.191,0.78136,0.78146,1.00,1.50
2016.03.17 20:11:16.697,0.78134,0.78146,1.00,1.50
2016.03.17 20:11:17.206,0.78133,0.78146,3.64,1.50
2016.03.17 20:11:18.072,0.78133,0.78146,7.39,1.50
2016.03.17 20:11:19.100,0.78136,0.78146,1.00,1.50
2016.03.17 20:11:19.614,0.78136,0.78147,1.00,1.87
2016.03.17 20:11:20.121,0.78135,0.78147,5.62,1.12
2016.03.17 20:11:22.729,0.78136,0.78147,1.00,1.12
2016.03.17 20:11:25.428,0.78137,0.78148,1.00,7.87
2016.03.17 20:11:26.953,0.78135,0.78147,5.25,1.12
2016.03.17 20:11:27.105,0.78135,0.78147,5.62,1.12
2016.03.17 20:11:27.652,0.78136,0.78147,1.50,1.12
2016.03.17 20:11:28.262,0.78137,0.78147,1.00,1.12
2016.03.17 20:11:28.364,0.78135,0.78147,4.50,2.62
2016.03.17 20:11:28.517,0.78137,0.78148,1.00,6.00
2016.03.17 20:11:29.028,0.78137,0.78148,1.00,3.75
2016.03.17 20:11:29.535,0.78136,0.78148,1.00,5.62
2016.03.17 20:11:30.042,0.78137,0.78148,1.12,5.62
2016.03.17 20:11:30.544,0.78136,0.78148,1.31,5.62
2016.03.17 20:11:32.270,0.78137,0.78148,1.00,5.62
2016.03.17 20:11:33.770,0.78138,0.78148,1.00,1.37
2016.03.17 20:11:34.532,0.78137,0.78148,1.00,1.37
2016.03.17 20:11:35.350,0.78137,0.78148,1.00,1.00
2016.03.17 20:11:35.857,0.78138,0.78149,1.00,1.12
2016.03.17 20:11:36.841,0.78137,0.78149,1.00,1.00
2016.03.17 20:11:37.368,0.78138,0.78148,1.00,1.00
2016.03.17 20:11:38.550,0.78139,0.78148,1.00,1.12
2016.03.17 20:11:39.098,0.78138,0.78148,1.00,1.12
2016.03.17 20:11:42.056,0.78137,0.78148,1.00,1.12
2016.03.17 20:11:42.558,0.78136,0.78148,1.25,2.70
2016.03.17 20:11:44.353,0.78136,0.78147,1.00,1.00
2016.03.17 20:11:44.855,0.78136,0.78148,1.00,2.70
2016.03.17 20:11:45.894,0.78137,0.78148,1.00,2.32
2016.03.17 20:11:46.755,0.78136,0.78148,1.00,2.32
2016.03.17 20:11:48.867,0.78137,0.78148,1.00,2.70
2016.03.17 20:11:49.382,0.78136,0.78148,1.00,2.70
2016.03.17 20:11:52.471,0.78137,0.78148,1.00,2.32
2016.03.17 20:11:56.513,0.78136,0.78148,1.00,2.32
2016.03.17 20:11:57.015,0.78137,0.78147,1.00,1.50
2016.03.17 20:11:57.595,0.78136,0.78147,1.00,1.00
2016.03.17 20:11:58.118,0.78137,0.78148,1.00,2.32
2016.03.17 20:12:00.692,0.78136,0.78148,1.00,3.07
2016.03.17 20:12:01.035,0.78137,0.78146,1.00,1.00
2016.03.17 20:12:02.802,0.78135,0.78146,2.62,1.50
2016.03.17 20:12:09.833,0.78137,0.78146,1.00,1.87
2016.03.17 20:12:12.616,0.78138,0.78146,1.00,1.00
2016.03.17 20:12:13.123,0.78137,0.78147,1.00,1.12
2016.03.17 20:12:13.743,0.78136,0.78147,1.00,1.87
2016.03.17 20:12:14.352,0.78137,0.78147,1.00,1.12
2016.03.17 20:12:16.537,0.78136,0.78147,1.00,1.12
2016.03.17 20:12:18.126,0.78135,0.78147,3.00,1.87
2016.03.17 20:12:18.637,0.78136,0.78147,1.00,1.87
2016.03.17 20:12:19.162,0.78136,0.78146,1.00,1.12
2016.03.17 20:12:23.265,0.78137,0.78146,1.00,1.12
2016.03.17 20:12:23.772,0.78136,0.78146,1.00,1.12
2016.03.17 20:12:24.128,0.78138,0.78146,1.00,1.12
2016.03.17 20:12:28.620,0.78137,0.78146,1.00,1.12
2016.03.17 20:12:29.840,0.78136,0.78146,1.50,1.12
2016.03.17 20:12:30.144,0.78137,0.78148,1.00,1.57
2016.03.17 20:12:30.651,0.78138,0.78147,1.00,1.00
2016.03.17 20:12:31.199,0.78137,0.78147,1.00,1.00
2016.03.17 20:12:31.706,0.78137,0.78148,1.00,1.10
2016.03.17 20:12:32.215,0.78138,0.78148,1.00,1.10
2016.03.17 20:12:32.725,0.78137,0.78148,1.00,1.10
2016.03.17 20:12:33.282,0.78139,0.78148,1.00,1.10
2016.03.17 20:12:33.789,0.78138,0.78148,1.00,1.10
2016.03.17 20:12:34.549,0.78137,0.78148,1.00,1.10
2016.03.17 20:12:37.076,0.78138,0.78148,1.00,1.95
2016.03.17 20:12:38.480,0.78137,0.78148,1.00,1.87
2016.03.17 20:12:38.785,0.78135,0.78147,3.00,1.37
2016.03.17 20:12:39.847,0.78136,0.78147,1.00,1.87
2016.03.17 20:12:40.365,0.78135,0.78147,2.62,2.62
2016.03.17 20:12:45.860,0.78136,0.78147,1.00,2.62
2016.03.17 20:12:46.760,0.78137,0.78147,1.00,2.62
2016.03.17 20:12:47.267,0.78136,0.78147,1.00,1.87
2016.03.17 20:12:47.775,0.78135,0.78147,2.25,1.87
2016.03.17 20:12:49.261,0.78136,0.78147,1.00,4.50
2016.03.17 20:12:50.057,0.78136,0.78146,1.00,2.32
2016.03.17 20:12:50.109,0.78134,0.78145,1.25,2.62
2016.03.17 20:12:50.363,0.78133,0.78144,1.00,6.00
2016.03.17 20:12:50.466,0.78133,0.78143,1.00,1.12
2016.03.17 20:12:52.680,0.78134,0.78144,1.00,1.87
2016.03.17 20:12:54.662,0.78134,0.78144,1.00,1.37
2016.03.17 20:12:56.978,0.78133,0.78144,1.00,1.37
2016.03.17 20:12:58.484,0.78134,0.78144,1.00,1.12
2016.03.17 20:12:58.789,0.78132,0.78144,1.69,1.37
2016.03.17 20:12:59.498,0.78133,0.78144,1.00,1.37
2016.03.17 20:13:00.173,0.78133,0.78144,1.00,1.37
2016.03.17 20:13:00.680,0.78133,0.78142,1.00,1.12
2016.03.17 20:13:02.095,0.78132,0.78142,2.44,1.87
2016.03.17 20:13:02.602,0.78133,0.78142,1.00,1.87
2016.03.17 20:13:03.824,0.78134,0.78142,1.00,1.87
2016.03.17 20:13:04.362,0.78133,0.78142,1.00,1.87
2016.03.17 20:13:06.699,0.78132,0.78142,2.62,1.87
2016.03.17 20:13:08.795,0.78133,0.78142,1.00,1.00
2016.03.17 20:13:09.321,0.78131,0.78141,2.62,1.12
2016.03.17 20:13:09.828,0.78132,0.78141,1.00,1.12
2016.03.17 20:13:10.487,0.78133,0.78142,1.00,1.87
2016.03.17 20:13:10.995,0.78134,0.78142,1.50,1.87
2016.03.17 20:13:11.248,0.78134,0.78144,1.50,1.12
2016.03.17 20:13:19.017,0.78134,0.78142,1.50,1.12
2016.03.17 20:13:19.524,0.78133,0.78142,1.69,1.12
2016.03.17 20:13:20.030,0.78134,0.78142,1.00,1.12
2016.03.17 20:13:20.081,0.78134,0.78145,1.00,2.62
2016.03.17 20:13:20.588,0.78133,0.78145,1.25,2.62
2016.03.17 20:13:20.953,0.78135,0.78145,1.50,2.62
2016.03.17 20:13:23.359,0.78133,0.78145,2.25,2.62
2016.03.17 20:13:25.767,0.78133,0.78144,1.00,1.00
2016.03.17 20:13:26.273,0.78132,0.78144,2.25,1.50
2016.03.17 20:13:26.792,0.78133,0.78144,1.00,1.50
2016.03.17 20:13:27.302,0.78132,0.78144,2.25,1.50
2016.03.17 20:13:27.832,0.78133,0.78144,1.12,1.50
2016.03.17 20:13:29.752,0.78134,0.78144,1.00,1.50
2016.03.17 20:13:30.793,0.78134,0.78143,1.00,1.12
2016.03.17 20:13:31.300,0.78133,0.78143,1.12,1.12
2016.03.17 20:13:34.520,0.78133,0.78145,1.12,3.37
2016.03.17 20:13:34.622,0.78135,0.78145,1.00,2.62
2016.03.17 20:13:34.927,0.78137,0.78146,1.00,1.12
2016.03.17 20:13:36.580,0.78138,0.78146,1.00,1.12
2016.03.17 20:13:37.087,0.78139,0.78146,1.00,1.12
2016.03.17 20:13:37.568,0.78137,0.78146,1.00,1.12
2016.03.17 20:13:38.746,0.78138,0.78146,1.00,1.12
2016.03.17 20:13:38.798,0.78138,0.78148,1.00,1.87
2016.03.17 20:13:39.103,0.7814,0.78148,1.12,1.00
2016.03.17 20:13:39.641,0.78141,0.78148,1.00,1.00
2016.03.17 20:13:40.881,0.78141,0.78151,1.00,1.20
2016.03.17 20:13:44.220,0.78141,0.78151,1.37,1.10
2016.03.17 20:13:45.822,0.7814,0.78151,1.00,1.10
2016.03.17 20:13:46.329,0.78141,0.78151,1.00,1.10
2016.03.17 20:13:46.841,0.78139,0.7815,1.50,1.00
2016.03.17 20:13:47.378,0.7814,0.7815,1.00,1.00
2016.03.17 20:13:47.908,0.78141,0.7815,1.00,1.00
2016.03.17 20:13:48.432,0.7814,0.7815,1.00,1.00
2016.03.17 20:13:50.189,0.7814,0.78151,1.00,2.32
2016.03.17 20:13:50.690,0.7814,0.7815,1.00,1.50
2016.03.17 20:13:51.240,0.78139,0.7815,1.00,1.50
2016.03.17 20:13:53.402,0.7814,0.7815,1.00,1.50
2016.03.17 20:13:53.952,0.78139,0.7815,1.00,1.50
2016.03.17 20:13:54.903,0.78138,0.7815,1.87,1.50
2016.03.17 20:13:57.319,0.78139,0.7815,1.00,4.12
2016.03.17 20:13:58.006,0.78138,0.7815,1.00,4.12
2016.03.17 20:14:00.078,0.78138,0.78149,1.00,1.00
2016.03.17 20:14:00.591,0.78138,0.7815,1.12,4.12
2016.03.17 20:14:03.192,0.78139,0.7815,1.00,3.37
2016.03.17 20:14:03.847,0.78138,0.78149,1.37,1.00
2016.03.17 20:14:04.397,0.78138,0.78149,1.12,1.00
2016.03.17 20:14:06.719,0.78138,0.78149,1.12,1.87
2016.03.17 20:14:07.258,0.78136,0.78147,1.87,1.00
2016.03.17 20:14:08.412,0.78136,0.78147,1.12,1.00
2016.03.17 20:14:09.123,0.78136,0.78146,1.12,1.00
2016.03.17 20:14:10.329,0.78136,0.78146,1.37,1.00
2016.03.17 20:14:14.811,0.78136,0.78146,1.50,1.00
2016.03.17 20:14:14.913,0.78138,0.78146,1.00,1.00
2016.03.17 20:14:15.066,0.78139,0.78149,1.12,1.00
2016.03.17 20:14:15.578,0.7814,0.78149,1.00,1.00
2016.03.17 20:14:16.084,0.78139,0.78149,1.50,1.00
2016.03.17 20:14:16.850,0.7814,0.78149,1.00,1.00
2016.03.17 20:14:17.955,0.7814,0.7815,1.00,1.57
2016.03.17 20:14:18.850,0.78139,0.7815,1.50,1.50
2016.03.17 20:14:19.368,0.78139,0.78149,1.50,1.12
2016.03.17 20:14:20.142,0.7814,0.78149,1.00,1.12
2016.03.17 20:14:21.231,0.78141,0.78149,1.00,1.12
2016.03.17 20:14:21.737,0.78141,0.7815,1.00,2.62
2016.03.17 20:14:24.663,0.78138,0.78149,3.37,1.12
2016.03.17 20:14:24.866,0.78137,0.78148,1.31,1.50
2016.03.17 20:14:25.371,0.78136,0.78148,3.37,1.00
2016.03.17 20:14:25.574,0.78138,0.78149,1.00,1.20
2016.03.17 20:14:25.979,0.78142,0.7815,1.00,1.87
2016.03.17 20:14:26.486,0.78141,0.7815,1.00,1.87
2016.03.17 20:14:27.033,0.7814,0.7815,1.00,1.00
2016.03.17 20:14:27.542,0.78139,0.7815,3.37,1.00
2016.03.17 20:14:29.277,0.7814,0.7815,1.00,1.87
2016.03.17 20:14:32.324,0.7814,0.78151,1.12,1.95
2016.03.17 20:14:32.832,0.78141,0.78151,1.00,2.70
2016.03.17 20:14:33.355,0.78142,0.78151,1.12,1.95
2016.03.17 20:14:35.074,0.78143,0.78151,1.00,1.12
2016.03.17 20:14:35.618,0.78144,0.78152,1.00,1.12
2016.03.17 20:14:36.582,0.78143,0.78154,1.50,1.87
2016.03.17 20:14:36.857,0.78145,0.78154,1.00,1.87
2016.03.17 20:14:36.959,0.78143,0.78154,1.12,1.87
2016.03.17 20:14:37.485,0.78144,0.78154,1.00,1.87
2016.03.17 20:14:37.991,0.78143,0.78153,1.00,1.12
2016.03.17 20:14:38.538,0.78144,0.78153,1.00,1.12
2016.03.17 20:14:39.045,0.78143,0.78153,1.00,1.12
2016.03.17 20:14:41.001,0.78144,0.78153,1.00,1.12
2016.03.17 20:14:41.671,0.78143,0.78153,1.00,1.12
2016.03.17 20:14:41.774,0.78145,0.78153,1.00,1.12
2016.03.17 20:14:42.295,0.78144,0.78153,1.00,1.12
2016.03.17 20:14:43.166,0.78143,0.78153,1.00,1.50
2016.03.17 20:14:45.000,0.78144,0.78153,1.00,1.12
2016.03.17 20:14:45.863,0.78144,0.78154,1.00,1.87
2016.03.17 20:14:46.643,0.78144,0.78152,1.12,1.00
2016.03.17 20:14:48.617,0.78143,0.78152,1.12,1.00
2016.03.17 20:14:48.921,0.78147,0.78157,1.37,1.12
2016.03.17 20:14:49.396,0.78146,0.78155,4.57,1.00
2016.03.17 20:14:49.751,0.78146,0.78155,3.37,1.00
2016.03.17 20:14:49.802,0.78148,0.78155,1.00,1.00
2016.03.17 20:14:50.687,0.78148,0.78157,1.00,1.87
2016.03.17 20:14:52.005,0.78148,0.78156,1.00,1.00
2016.03.17 20:14:52.431,0.78146,0.78154,3.37,1.00
2016.03.17 20:14:54.104,0.78146,0.78155,3.37,1.00
2016.03.17 20:14:54.716,0.78148,0.78155,1.00,1.87
2016.03.17 20:14:55.265,0.78147,0.78155,1.12,1.87
2016.03.17 20:14:55.783,0.78147,0.78156,1.50,1.00
2016.03.17 20:14:56.291,0.78148,0.78157,1.12,1.87
2016.03.17 20:14:56.826,0.78148,0.78156,1.12,1.00
2016.03.17 20:14:58.220,0.78147,0.78156,1.00,1.00
2016.03.17 20:14:58.727,0.78148,0.78156,1.00,1.50
2016.03.17 20:14:58.913,0.78145,0.78156,2.62,1.50
2016.03.17 20:14:59.269,0.78146,0.78158,1.00,3.45
2016.03.17 20:14:59.626,0.78148,0.78158,1.00,1.50
2016.03.17 20:15:00.137,0.78146,0.78158,6.75,2.25
2016.03.17 20:15:00.738,0.78147,0.78157,1.12,1.00
2016.03.17 20:15:00.841,0.78144,0.78156,1.87,2.25
2016.03.17 20:15:01.046,0.78144,0.78154,1.12,1.00
2016.03.17 20:15:08.627,0.78145,0.78154,1.50,1.00
2016.03.17 20:15:08.830,0.78145,0.78157,1.87,3.90
2016.03.17 20:15:14.146,0.78144,0.78156,1.87,1.00
2016.03.17 20:15:14.248,0.78143,0.78154,7.12,1.00
2016.03.17 20:15:14.755,0.78143,0.78153,1.87,1.00
2016.03.17 20:15:15.304,0.78143,0.78153,1.00,1.00
2016.03.17 20:15:15.810,0.78142,0.78153,1.12,1.00
2016.03.17 20:15:16.351,0.78143,0.78153,1.00,1.00
2016.03.17 20:15:16.900,0.78144,0.78153,1.00,1.00
2016.03.17 20:15:19.262,0.78143,0.78154,1.00,1.20
2016.03.17 20:15:19.769,0.78142,0.78154,1.50,2.32
2016.03.17 20:15:20.275,0.78143,0.78154,1.00,2.32
2016.03.17 20:15:20.837,0.78143,0.78153,1.00,1.00
2016.03.17 20:15:26.453,0.78143,0.78151,1.00,1.00
2016.03.17 20:15:26.555,0.78141,0.78151,3.00,1.00
2016.03.17 20:15:26.860,0.7814,0.78148,2.62,1.00
2016.03.17 20:15:27.745,0.78139,0.78146,1.00,1.00
2016.03.17 20:15:28.049,0.78139,0.78144,1.00,1.00
2016.03.17 20:15:28.606,0.78138,0.78144,1.50,1.00
2016.03.17 20:15:30.295,0.78138,0.78146,1.00,1.00
2016.03.17 20:15:30.840,0.78138,0.78145,1.00,1.00
2016.03.17 20:15:38.398,0.78134,0.78145,3.64,1.00
2016.03.17 20:15:38.975,0.78135,0.78145,1.87,1.00
2016.03.17 20:15:39.330,0.78139,0.78148,1.00,1.00
2016.03.17 20:15:40.791,0.7814,0.78148,1.00,1.00
2016.03.17 20:15:44.384,0.78139,0.78149,3.37,1.00
2016.03.17 20:15:47.771,0.78139,0.78148,1.87,1.00
2016.03.17 20:15:50.773,0.78139,0.78148,1.87,1.00
2016.03.17 20:15:51.279,0.78139,0.78145,1.87,1.00
2016.03.17 20:15:51.634,0.78139,0.78148,1.37,1.00
2016.03.17 20:15:53.776,0.78139,0.78148,2.25,1.00
2016.03.17 20:16:00.749,0.7814,0.78148,1.00,1.00
2016.03.17 20:16:05.479,0.7814,0.78149,1.00,1.00
2016.03.17 20:16:20.799,0.78139,0.7815,2.62,1.37
2016.03.17 20:16:22.099,0.78139,0.7815,2.62,1.00
2016.03.17 20:16:22.608,0.78139,0.78149,2.62,1.00
2016.03.17 20:16:25.719,0.78139,0.7815,2.25,1.12
2016.03.17 20:16:25.973,0.78139,0.78148,1.50,1.00
2016.03.17 20:16:27.922,0.78139,0.78147,1.50,1.00
2016.03.17 20:16:36.612,0.7814,0.78147,1.00,1.00
2016.03.17 20:16:37.596,0.7814,0.78148,1.00,1.00
2016.03.17 20:16:39.719,0.78139,0.78148,1.50,1.00
2016.03.17 20:16:40.259,0.78139,0.78149,1.50,1.87
2016.03.17 20:16:40.767,0.7814,0.78149,1.00,1.87
2016.03.17 20:16:41.121,0.7814,0.78147,1.00,1.00
2016.03.17 20:16:41.671,0.7814,0.78148,1.00,1.00
2016.03.17 20:16:46.694,0.7814,0.7815,1.50,1.00
2016.03.17 20:16:46.949,0.78141,0.7815,1.87,1.00
2016.03.17 20:16:47.051,0.78142,0.78154,1.87,5.25
2016.03.17 20:16:48.925,0.78142,0.78154,1.87,1.50
2016.03.17 20:16:49.331,0.78145,0.78155,1.00,1.50
2016.03.17 20:16:49.636,0.78148,0.78157,1.00,1.00
2016.03.17 20:16:49.738,0.78149,0.78159,1.00,1.87
2016.03.17 20:16:50.093,0.78147,0.78159,5.42,1.87
2016.03.17 20:16:50.371,0.78148,0.7816,1.87,1.87
2016.03.17 20:16:50.777,0.78152,0.78162,1.37,1.00
2016.03.17 20:16:50.930,0.78155,0.78166,1.00,2.62
2016.03.17 20:16:51.134,0.78155,0.78167,2.62,1.00
2016.03.17 20:16:51.683,0.78156,0.78167,1.95,1.00
2016.03.17 20:16:52.211,0.78157,0.78167,1.00,1.00
2016.03.17 20:16:52.718,0.78156,0.78167,1.57,1.00
2016.03.17 20:16:53.325,0.78156,0.78168,1.57,1.00
2016.03.17 20:16:54.425,0.78157,0.78168,1.00,1.00
2016.03.17 20:16:55.774,0.78157,0.78169,1.00,2.62
2016.03.17 20:16:58.084,0.78157,0.78167,1.00,1.00
2016.03.17 20:16:58.591,0.78158,0.78167,1.00,1.00
2016.03.17 20:16:59.200,0.78158,0.78169,1.00,2.62
2016.03.17 20:17:00.059,0.78158,0.78169,1.00,2.62
2016.03.17 20:17:01.148,0.78158,0.78169,1.00,3.37
2016.03.17 20:17:01.814,0.78157,0.78169,1.00,4.12
2016.03.17 20:17:05.741,0.78158,0.78169,1.00,4.87
2016.03.17 20:17:06.433,0.78157,0.78169,1.00,4.87
2016.03.17 20:17:08.731,0.78157,0.78167,1.00,1.00
2016.03.17 20:17:10.972,0.78157,0.78167,1.00,4.69
2016.03.17 20:17:11.076,0.78153,0.78166,4.46,1.87
2016.03.17 20:17:11.584,0.78153,0.78165,1.12,2.44
2016.03.17 20:17:11.875,0.78152,0.78163,3.45,1.00
2016.03.17 20:17:19.611,0.78152,0.78164,2.62,1.00
2016.03.17 20:17:20.118,0.78152,0.78164,1.12,1.50
2016.03.17 20:17:20.626,0.78151,0.78164,3.00,1.87
2016.03.17 20:17:23.919,0.78151,0.78158,2.62,2.10
2016.03.17 20:17:24.123,0.78149,0.78156,1.50,2.25
2016.03.17 20:17:24.174,0.78152,0.78157,1.00,3.75
2016.03.17 20:17:24.225,0.7815,0.78158,1.00,1.00
2016.03.17 20:17:24.276,0.78148,0.78158,3.00,1.00
2016.03.17 20:17:24.378,0.78149,0.78161,1.50,1.87
2016.03.17 20:17:24.885,0.7815,0.78161,1.00,1.12
2016.03.17 20:17:26.448,0.78151,0.78161,1.00,1.12
2016.03.17 20:17:29.324,0.78151,0.78161,1.00,3.22
2016.03.17 20:17:29.629,0.78149,0.78159,1.00,1.50
2016.03.17 20:17:29.731,0.78151,0.78159,1.00,1.00
2016.03.17 20:17:30.237,0.78151,0.78161,1.50,3.75
2016.03.17 20:17:33.661,0.78151,0.78159,1.00,1.12
2016.03.17 20:17:33.966,0.7815,0.78157,1.00,3.75
2016.03.17 20:17:51.176,0.78149,0.78157,1.00,3.75
2016.03.17 20:17:53.248,0.78147,0.78156,1.10,1.12
2016.03.17 20:17:54.697,0.78148,0.78157,1.00,5.25
2016.03.17 20:17:55.204,0.78149,0.78157,1.00,5.25
2016.03.17 20:17:55.710,0.78149,0.78157,1.00,1.87
2016.03.17 20:17:55.812,0.78147,0.78157,1.00,1.87
2016.03.17 20:17:56.919,0.78147,0.78157,1.00,5.25
2016.03.17 20:18:01.670,0.78147,0.78157,1.00,1.87
2016.03.17 20:18:05.807,0.78146,0.78157,1.57,1.87
2016.03.17 20:18:11.320,0.78147,0.78157,1.00,1.87
2016.03.17 20:18:11.849,0.78148,0.78157,1.00,1.87
2016.03.17 20:18:17.571,0.78149,0.78158,1.00,1.60
2016.03.17 20:18:25.771,0.7815,0.78159,1.00,3.60
2016.03.17 20:18:29.500,0.7815,0.78159,1.00,1.60
2016.03.17 20:18:30.049,0.78148,0.78159,1.17,1.60
2016.03.17 20:18:30.609,0.78148,0.78159,1.10,2.10
2016.03.17 20:18:35.116,0.78148,0.78158,1.10,2.10
2016.03.17 20:18:37.374,0.78149,0.78158,1.00,2.10
2016.03.17 20:18:37.901,0.78147,0.78158,1.17,2.10
2016.03.17 20:18:47.057,0.78146,0.78159,3.71,2.25
2016.03.17 20:18:47.563,0.78149,0.7816,1.00,1.50
2016.03.17 20:18:48.788,0.7815,0.7816,1.00,1.50
2016.03.17 20:18:49.296,0.78149,0.7816,1.00,1.50
2016.03.17 20:18:56.441,0.78149,0.7816,1.10,3.00
2016.03.17 20:18:56.645,0.78151,0.7816,1.00,1.50
2016.03.17 20:18:56.950,0.78151,0.78162,1.50,1.00
2016.03.17 20:18:57.550,0.78151,0.78163,1.50,2.25
2016.03.17 20:18:57.703,0.78153,0.78163,1.00,2.25
2016.03.17 20:18:58.210,0.78152,0.78163,1.00,1.50
2016.03.17 20:19:01.950,0.78151,0.78163,1.57,2.62
2016.03.17 20:19:02.480,0.78152,0.78163,1.00,1.50
2016.03.17 20:19:06.331,0.78151,0.78163,1.50,2.62
2016.03.17 20:19:08.045,0.78154,0.78163,1.87,1.50
2016.03.17 20:19:08.148,0.78158,0.78166,1.12,1.00
2016.03.17 20:19:08.301,0.78159,0.78167,3.82,1.00
2016.03.17 20:19:08.831,0.7816,0.78167,1.07,1.00
2016.03.17 20:19:08.884,0.78159,0.78167,1.50,1.00
2016.03.17 20:19:09.140,0.78157,0.78167,6.07,1.00
2016.03.17 20:19:09.242,0.78159,0.78167,1.00,1.00
2016.03.17 20:19:09.293,0.78159,0.78169,1.00,1.00
2016.03.17 20:19:09.763,0.78158,0.78166,1.00,1.80
2016.03.17 20:19:09.967,0.78157,0.78167,1.00,4.50
2016.03.17 20:19:10.271,0.78157,0.78169,3.00,1.00
2016.03.17 20:19:10.785,0.78157,0.7817,3.00,3.07
2016.03.17 20:19:12.651,0.78158,0.7817,1.00,3.07
2016.03.17 20:19:13.263,0.78157,0.7817,3.00,3.07
2016.03.17 20:19:14.563,0.78158,0.7817,1.00,3.07
2016.03.17 20:19:15.083,0.78157,0.7817,3.00,3.07
2016.03.17 20:19:15.979,0.78158,0.7817,1.00,3.07
2016.03.17 20:19:16.526,0.78157,0.7817,3.00,3.07
2016.03.17 20:19:22.861,0.78157,0.78169,2.25,1.00
2016.03.17 20:19:24.665,0.78158,0.78169,1.00,1.00
2016.03.17 20:19:25.009,0.78159,0.78171,1.57,5.25
2016.03.17 20:19:30.669,0.78159,0.7817,1.10,1.00
2016.03.17 20:19:31.565,0.7816,0.7817,1.00,1.50
2016.03.17 20:19:32.691,0.78159,0.7817,1.10,1.50
2016.03.17 20:19:35.904,0.7816,0.7817,1.00,2.25
2016.03.17 20:19:37.902,0.78158,0.78168,4.57,1.00
2016.03.17 20:19:38.281,0.78157,0.78168,1.10,1.50
2016.03.17 20:19:43.107,0.78156,0.78167,1.57,1.00
2016.03.17 20:19:43.310,0.78157,0.7817,2.62,6.00
2016.03.17 20:19:48.775,0.78158,0.7817,1.00,1.50
2016.03.17 20:19:51.414,0.78159,0.7817,1.00,1.50
2016.03.17 20:19:51.921,0.78158,0.7817,1.50,1.50
2016.03.17 20:19:54.564,0.78159,0.7817,1.00,1.50
2016.03.17 20:19:57.794,0.78158,0.7817,1.50,1.50
2016.03.17 20:20:00.926,0.78157,0.7817,2.70,1.50
2016.03.17 20:20:01.027,0.78159,0.7817,1.00,1.50
2016.03.17 20:20:01.535,0.7816,0.7817,1.00,1.00
2016.03.17 20:20:02.354,0.7816,0.78171,1.50,1.50
2016.03.17 20:20:02.862,0.7816,0.78172,1.50,1.50
2016.03.17 20:20:03.369,0.7816,0.78169,1.00,1.00
2016.03.17 20:20:12.470,0.78161,0.78171,1.00,2.25
2016.03.17 20:20:12.977,0.7816,0.78171,2.25,1.00
2016.03.17 20:20:20.785,0.7816,0.78172,2.25,2.25
2016.03.17 20:20:21.710,0.78161,0.78172,1.00,2.25
2016.03.17 20:20:22.218,0.7816,0.78172,2.25,2.25
2016.03.17 20:20:22.724,0.78161,0.78172,1.00,2.25
2016.03.17 20:20:24.270,0.7816,0.78172,2.25,2.25
2016.03.17 20:20:26.593,0.78161,0.78172,1.00,2.25
2016.03.17 20:20:27.104,0.7816,0.78172,1.50,2.25
2016.03.17 20:20:30.694,0.78161,0.78172,1.00,2.25
2016.03.17 20:20:31.222,0.7816,0.78172,2.25,2.25
2016.03.17 20:20:34.807,0.78161,0.78172,1.00,2.25
2016.03.17 20:20:35.925,0.78162,0.78172,1.00,2.25
2016.03.17 20:20:36.518,0.78161,0.78172,1.00,2.25
2016.03.17 20:20:39.821,0.7816,0.78172,2.25,2.25
2016.03.17 20:20:40.327,0.78161,0.78172,1.00,2.25
2016.03.17 20:20:40.850,0.78162,0.78171,1.00,1.00
2016.03.17 20:20:41.383,0.78161,0.78171,1.00,1.00
2016.03.17 20:20:42.430,0.78162,0.78171,1.00,1.00
2016.03.17 20:20:44.549,0.78161,0.78171,1.00,1.00
2016.03.17 20:20:47.141,0.78162,0.78171,1.00,1.00
2016.03.17 20:20:48.245,0.78161,0.78171,1.00,1.00
2016.03.17 20:20:49.336,0.7816,0.78171,3.00,1.00
2016.03.17 20:20:49.842,0.78161,0.78172,1.00,1.50
2016.03.17 20:20:50.755,0.78162,0.78172,1.00,1.00
2016.03.17 20:20:51.258,0.78161,0.78173,1.00,2.25
2016.03.17 20:20:51.764,0.78162,0.78173,1.00,1.50
2016.03.17 20:20:52.018,0.7816,0.78173,1.50,1.57
2016.03.17 20:20:52.524,0.7816,0.78172,1.50,1.00
2016.03.17 20:20:56.427,0.78159,0.78172,6.82,1.00
2016.03.17 20:20:57.149,0.7816,0.78172,1.00,1.00
2016.03.17 20:21:03.443,0.78161,0.78172,1.00,1.50
2016.03.17 20:21:03.976,0.78162,0.78172,1.00,1.50
2016.03.17 20:21:04.649,0.78161,0.78172,1.50,1.50
2016.03.17 20:21:05.983,0.78162,0.78172,1.00,1.50
2016.03.17 20:21:06.540,0.78161,0.78172,1.50,1.50
2016.03.17 20:21:07.639,0.78162,0.78172,1.50,1.50
2016.03.17 20:21:08.145,0.78161,0.78172,1.50,1.50
2016.03.17 20:21:08.652,0.78162,0.78172,1.00,1.50
2016.03.17 20:21:09.175,0.78161,0.78172,1.50,1.50
2016.03.17 20:21:10.959,0.78162,0.78172,1.00,1.50
2016.03.17 20:21:11.473,0.78161,0.78172,1.50,1.50
2016.03.17 20:21:11.984,0.78162,0.78172,1.00,1.50
2016.03.17 20:21:12.529,0.78161,0.78172,1.50,1.50
2016.03.17 20:21:13.091,0.78162,0.78172,1.00,1.50
2016.03.17 20:21:13.598,0.78161,0.78172,1.87,1.50
2016.03.17 20:21:15.287,0.78163,0.78172,1.12,1.50
2016.03.17 20:21:15.592,0.78169,0.78173,1.00,1.00
2016.03.17 20:21:16.127,0.7817,0.78174,1.00,1.00
2016.03.17 20:21:16.432,0.7817,0.78181,1.00,1.87
2016.03.17 20:21:18.570,0.78169,0.78181,1.50,1.87
2016.03.17 20:21:19.510,0.7817,0.78181,1.00,1.87
2016.03.17 20:21:20.049,0.78169,0.78181,1.00,1.50
2016.03.17 20:21:27.278,0.7817,0.78181,1.00,1.69
2016.03.17 20:21:27.784,0.78169,0.78181,1.00,1.69
2016.03.17 20:21:28.302,0.7817,0.78181,1.00,1.69
2016.03.17 20:21:36.319,0.78169,0.78181,1.50,1.69
2016.03.17 20:21:53.149,0.7817,0.78181,1.00,1.00
2016.03.17 20:21:53.655,0.78169,0.78181,2.25,2.25
2016.03.17 20:21:54.821,0.78169,0.78181,1.50,1.00
2016.03.17 20:22:00.824,0.78169,0.7818,1.50,1.00
2016.03.17 20:22:03.632,0.78169,0.78179,1.00,1.00
2016.03.17 20:22:04.140,0.78167,0.78178,1.00,1.00
2016.03.17 20:22:06.259,0.78166,0.78178,1.50,1.50
2016.03.17 20:22:07.150,0.78166,0.78176,1.00,1.00
2016.03.17 20:22:07.354,0.78166,0.78178,1.50,1.87
2016.03.17 20:22:07.658,0.78166,0.78176,1.00,1.00
2016.03.17 20:22:08.179,0.78167,0.78177,1.00,1.00
2016.03.17 20:22:08.686,0.78168,0.78177,1.00,1.00
2016.03.17 20:22:08.737,0.78168,0.78179,1.50,1.50
2016.03.17 20:22:12.053,0.78168,0.78178,1.00,1.00
2016.03.17 20:22:12.561,0.78168,0.78179,1.00,2.25
2016.03.17 20:22:13.068,0.78167,0.78179,1.00,3.00
2016.03.17 20:22:17.756,0.78167,0.78173,1.87,1.00
2016.03.17 20:22:18.031,0.78161,0.78171,1.50,1.00
2016.03.17 20:22:18.184,0.78159,0.78168,1.50,1.00
2016.03.17 20:22:18.438,0.78157,0.78168,1.00,1.00
2016.03.17 20:22:18.945,0.78157,0.78167,1.00,1.00
2016.03.17 20:22:20.132,0.78156,0.78167,2.25,1.00
2016.03.17 20:22:23.258,0.78156,0.78168,2.25,1.50
2016.03.17 20:22:24.075,0.78156,0.78166,1.00,1.00
2016.03.17 20:22:24.481,0.78155,0.78168,1.00,2.25
2016.03.17 20:22:24.785,0.78155,0.78166,1.00,1.00
2016.03.17 20:22:26.460,0.78154,0.78166,1.50,1.50
2016.03.17 20:22:27.307,0.78154,0.78165,3.00,1.00
2016.03.17 20:22:27.918,0.78154,0.78166,2.25,1.50
2016.03.17 20:22:34.216,0.78155,0.78166,1.00,1.50
2016.03.17 20:22:38.391,0.78154,0.78166,2.62,1.50
2016.03.17 20:22:40.093,0.78154,0.78166,6.00,1.00
2016.03.17 20:22:48.273,0.78154,0.78165,6.00,1.00
2016.03.17 20:22:51.505,0.78155,0.78166,1.12,1.00
2016.03.17 20:22:52.007,0.78156,0.78166,1.50,1.00
2016.03.17 20:22:52.548,0.78156,0.78167,1.00,2.25
2016.03.17 20:22:53.095,0.78156,0.78166,1.00,1.50
2016.03.17 20:22:53.735,0.78156,0.78167,1.00,2.25
2016.03.17 20:22:54.242,0.78156,0.78166,1.00,1.00
2016.03.17 20:22:57.223,0.78156,0.78167,1.00,1.50
2016.03.17 20:23:01.186,0.78157,0.78167,1.00,1.00
2016.03.17 20:23:04.351,0.78157,0.78168,2.25,1.50
2016.03.17 20:23:12.070,0.78157,0.78167,1.50,1.00
2016.03.17 20:23:12.571,0.78157,0.78168,1.50,1.50
2016.03.17 20:23:14.573,0.78157,0.78167,1.50,1.00
2016.03.17 20:23:15.449,0.78157,0.78168,1.50,1.50
2016.03.17 20:23:17.070,0.78157,0.78167,1.50,1.00
2016.03.17 20:23:17.577,0.78157,0.78168,1.50,1.50
2016.03.17 20:23:19.938,0.78156,0.78168,1.50,1.50
2016.03.17 20:23:25.711,0.78157,0.78168,1.00,1.00
2016.03.17 20:23:27.434,0.78158,0.78168,1.00,1.00
2016.03.17 20:23:27.738,0.78158,0.7817,1.50,2.25
2016.03.17 20:23:28.248,0.78159,0.7817,1.00,1.50
2016.03.17 20:23:29.324,0.78158,0.7817,1.00,2.25
2016.03.17 20:23:29.375,0.78158,0.78168,1.00,1.00
2016.03.17 20:23:29.477,0.78157,0.7817,3.75,2.25
2016.03.17 20:23:29.629,0.78159,0.78169,1.00,1.00
2016.03.17 20:23:32.806,0.78158,0.78169,1.50,1.00
2016.03.17 20:23:49.938,0.78158,0.78168,1.00,1.00
2016.03.17 20:23:50.444,0.78157,0.78169,2.25,1.00
2016.03.17 20:23:51.046,0.78158,0.78169,1.00,1.00
2016.03.17 20:23:54.508,0.78158,0.7817,1.50,1.50
2016.03.17 20:23:58.882,0.78158,0.78168,1.00,1.00
2016.03.17 20:24:00.398,0.78158,0.7817,1.50,1.00
2016.03.17 20:24:00.908,0.78159,0.7817,1.00,1.00
2016.03.17 20:24:04.311,0.78159,0.78171,3.00,1.00
2016.03.17 20:24:04.362,0.78161,0.78172,1.00,3.00
2016.03.17 20:24:09.344,0.78161,0.78171,1.00,1.00
2016.03.17 20:24:11.049,0.78159,0.78168,1.00,1.00
2016.03.17 20:24:11.559,0.78158,0.78168,1.00,1.50
2016.03.17 20:24:13.730,0.78158,0.78169,1.50,1.00
2016.03.17 20:24:14.454,0.78158,0.78168,1.50,1.50
2016.03.17 20:24:14.961,0.78158,0.78167,1.00,1.50
2016.03.17 20:24:19.345,0.78157,0.78167,1.12,1.00
2016.03.17 20:24:19.650,0.78157,0.78165,1.12,1.00
2016.03.17 20:24:20.219,0.78156,0.78166,1.12,3.00
2016.03.17 20:24:21.433,0.78156,0.78165,1.12,1.00
2016.03.17 20:24:21.991,0.78156,0.78167,1.12,3.75
2016.03.17 20:24:24.438,0.78156,0.78168,1.12,3.00
2016.03.17 20:24:24.945,0.78156,0.78167,1.12,1.00
2016.03.17 20:24:25.457,0.78156,0.78168,1.12,3.00
2016.03.17 20:24:26.674,0.78156,0.78167,1.12,1.00
2016.03.17 20:24:27.703,0.78156,0.78168,1.12,3.37
2016.03.17 20:24:29.904,0.78156,0.78167,1.12,1.00
2016.03.17 20:24:30.158,0.78156,0.78167,1.12,1.75
2016.03.17 20:24:33.146,0.78156,0.78167,1.12,2.25
2016.03.17 20:24:34.566,0.78156,0.78167,1.12,1.50
2016.03.17 20:24:43.401,0.78157,0.78167,1.12,1.50
2016.03.17 20:24:47.983,0.78156,0.78167,1.00,1.50
2016.03.17 20:24:48.795,0.78156,0.78166,1.00,1.00
2016.03.17 20:24:50.722,0.78156,0.78167,1.00,2.25
2016.03.17 20:24:59.816,0.78158,0.78167,1.12,1.50
2016.03.17 20:25:06.837,0.78158,0.78166,1.12,1.00
2016.03.17 20:25:07.344,0.78158,0.78167,1.12,3.75
2016.03.17 20:25:08.205,0.78156,0.78167,1.12,3.75
2016.03.17 20:25:12.958,0.78156,0.78166,1.12,1.00
2016.03.17 20:25:18.047,0.78156,0.78167,1.12,3.75
2016.03.17 20:25:24.938,0.78157,0.78167,1.12,3.00
2016.03.17 20:25:30.122,0.78155,0.78167,1.00,2.25
2016.03.17 20:25:31.908,0.78154,0.78164,1.50,1.00
2016.03.17 20:25:32.430,0.78153,0.78163,1.12,1.00
2016.03.17 20:25:32.735,0.78151,0.78162,1.50,1.00
2016.03.17 20:25:33.299,0.7815,0.78162,1.00,3.00
2016.03.17 20:25:33.806,0.78149,0.78161,2.25,1.00
2016.03.17 20:25:37.069,0.78151,0.78161,1.00,1.00
2016.03.17 20:25:37.171,0.78149,0.78161,2.25,1.00
2016.03.17 20:25:37.679,0.7815,0.78162,1.50,6.00
2016.03.17 20:25:38.590,0.78151,0.78162,1.00,1.50
2016.03.17 20:25:39.138,0.7815,0.78162,2.25,1.50
2016.03.17 20:25:40.311,0.78151,0.78162,1.00,1.00
2016.03.17 20:25:44.304,0.78151,0.78163,2.62,1.50
2016.03.17 20:25:44.839,0.78152,0.78163,1.00,1.50
2016.03.17 20:25:45.042,0.78151,0.78161,1.50,1.00
2016.03.17 20:25:54.305,0.78152,0.78161,1.00,1.00
2016.03.17 20:26:00.316,0.78151,0.78161,1.00,1.00
2016.03.17 20:26:00.839,0.7815,0.78162,4.12,1.00
2016.03.17 20:26:01.926,0.78151,0.78162,1.00,1.00
2016.03.17 20:26:02.452,0.78151,0.78163,1.50,2.25
2016.03.17 20:26:04.853,0.78152,0.78163,1.00,2.25
2016.03.17 20:26:05.361,0.78151,0.78163,1.50,1.50
2016.03.17 20:26:08.965,0.78152,0.78163,1.00,2.25
2016.03.17 20:26:09.624,0.78151,0.78163,1.00,1.50
2016.03.17 20:26:10.964,0.78152,0.78163,1.00,2.25
2016.03.17 20:26:11.732,0.78151,0.78163,1.00,5.25
2016.03.17 20:26:22.918,0.7815,0.78162,6.75,1.00
2016.03.17 20:26:23.435,0.7815,0.78161,3.00,1.00
2016.03.17 20:26:27.334,0.7815,0.7816,1.50,1.00
2016.03.17 20:26:27.538,0.78147,0.78159,2.62,1.50
2016.03.17 20:26:28.044,0.78146,0.78158,6.75,1.00
2016.03.17 20:26:32.507,0.78146,0.78157,1.50,1.50
2016.03.17 20:26:35.846,0.78146,0.78156,1.00,1.00
2016.03.17 20:26:36.354,0.78146,0.78155,1.00,1.00
2016.03.17 20:26:36.860,0.78145,0.78155,3.00,1.00
2016.03.17 20:26:41.943,0.78144,0.78154,4.87,1.00
2016.03.17 20:26:42.444,0.78143,0.78154,1.50,2.25
2016.03.17 20:26:53.527,0.78145,0.78155,1.00,2.25
2016.03.17 20:27:23.537,0.78145,0.78154,1.00,1.50
2016.03.17 20:27:23.791,0.78142,0.78152,1.00,1.50
2016.03.17 20:27:24.299,0.7814,0.78152,3.19,2.25
2016.03.17 20:27:24.805,0.7814,0.78152,3.00,2.25
2016.03.17 20:27:38.279,0.78141,0.78152,1.50,1.50
2016.03.17 20:27:56.976,0.78141,0.78153,2.62,3.19
2016.03.17 20:27:57.483,0.78141,0.78152,2.62,1.00
2016.03.17 20:28:00.492,0.78142,0.78152,1.50,1.00
2016.03.17 20:28:00.797,0.78143,0.78154,1.00,4.50
2016.03.17 20:28:01.305,0.78143,0.78153,1.00,2.25
2016.03.17 20:28:01.812,0.78143,0.78152,1.00,1.00
2016.03.17 20:28:02.160,0.78141,0.78152,2.25,1.00
2016.03.17 20:28:03.440,0.78141,0.78153,2.25,1.50
2016.03.17 20:28:04.213,0.78141,0.78153,2.62,1.50
2016.03.17 20:28:06.953,0.78143,0.78153,1.12,1.00
2016.03.17 20:28:07.106,0.78144,0.78155,2.25,1.00
2016.03.17 20:28:07.625,0.78145,0.78156,1.00,2.25
2016.03.17 20:28:09.036,0.78144,0.78156,1.00,2.25
2016.03.17 20:28:09.543,0.78143,0.78155,2.62,2.25
2016.03.17 20:28:27.143,0.78143,0.78154,1.50,1.00
2016.03.17 20:28:40.042,0.78143,0.78155,2.25,1.00
2016.03.17 20:28:40.245,0.78145,0.78155,1.00,1.00
2016.03.17 20:28:44.245,0.78144,0.78154,1.00,1.50
2016.03.17 20:29:25.257,0.78144,0.78153,1.00,3.75
2016.03.17 20:29:25.583,0.78139,0.7815,1.75,1.00
2016.03.17 20:29:26.450,0.78139,0.7815,1.00,1.00
2016.03.17 20:29:27.756,0.7814,0.78151,1.00,1.50
2016.03.17 20:29:30.783,0.7814,0.78152,1.50,3.00
2016.03.17 20:29:35.081,0.7814,0.7815,1.00,1.00
2016.03.17 20:29:35.338,0.78138,0.7815,1.00,2.25
2016.03.17 20:29:35.389,0.78137,0.78148,1.50,1.00
2016.03.17 20:29:35.896,0.78136,0.78148,3.00,1.00
2016.03.17 20:29:36.498,0.78136,0.78149,6.75,2.25
2016.03.17 20:29:37.154,0.78137,0.78149,1.00,2.25
2016.03.17 20:29:38.217,0.78138,0.78149,1.00,1.50
2016.03.17 20:29:38.759,0.78138,0.7815,1.50,1.00
2016.03.17 20:29:39.570,0.78139,0.7815,1.50,1.00
2016.03.17 20:29:41.979,0.78138,0.7815,1.00,1.00
2016.03.17 20:29:42.760,0.78137,0.7815,3.00,1.00
2016.03.17 20:29:43.065,0.78139,0.7815,1.00,1.00
2016.03.17 20:29:44.641,0.78139,0.78151,1.50,5.25
2016.03.17 20:29:46.211,0.7814,0.78151,1.00,1.00
2016.03.17 20:29:46.869,0.78141,0.78151,1.00,1.00
2016.03.17 20:29:47.492,0.7814,0.78151,1.50,1.00
2016.03.17 20:29:51.702,0.7814,0.78152,1.87,1.50
2016.03.17 20:29:52.209,0.78141,0.78152,1.00,1.50
2016.03.17 20:30:00.129,0.78141,0.78153,1.50,1.50
2016.03.17 20:30:01.090,0.78141,0.78154,1.00,5.44
2016.03.17 20:30:06.527,0.78141,0.78153,1.50,1.00
2016.03.17 20:30:10.881,0.78141,0.78154,1.00,1.69
2016.03.17 20:30:13.415,0.78142,0.78154,1.00,2.44
2016.03.17 20:30:14.419,0.78143,0.78154,1.00,1.25
2016.03.17 20:30:14.470,0.78143,0.78156,1.50,1.50
2016.03.17 20:30:14.573,0.78146,0.78156,1.00,1.00
2016.03.17 20:30:14.776,0.78148,0.78159,1.00,1.50
2016.03.17 20:30:14.980,0.78145,0.78158,1.50,1.00
2016.03.17 20:30:15.558,0.78146,0.78158,1.00,1.00
2016.03.17 20:30:16.072,0.78146,0.78158,1.37,1.00
2016.03.17 20:30:16.578,0.78146,0.78159,2.25,1.50
2016.03.17 20:30:17.036,0.78148,0.7816,1.00,1.00
2016.03.17 20:30:17.414,0.78147,0.78158,1.00,1.00
2016.03.17 20:30:21.440,0.78147,0.78159,1.00,1.00
2016.03.17 20:30:22.985,0.78147,0.7816,1.50,1.87
2016.03.17 20:30:23.289,0.7815,0.7816,1.00,1.87
2016.03.17 20:30:24.001,0.7815,0.78161,1.00,1.87
2016.03.17 20:30:24.659,0.7815,0.7816,1.00,1.00
2016.03.17 20:30:24.979,0.78152,0.78161,1.00,1.87
2016.03.17 20:30:25.487,0.78153,0.78162,1.00,2.25
2016.03.17 20:30:26.438,0.78153,0.78162,1.00,1.00
2016.03.17 20:30:26.945,0.78152,0.78163,1.00,1.50
2016.03.17 20:30:27.606,0.78152,0.78162,1.00,1.00
2016.03.17 20:30:28.012,0.78152,0.78164,1.50,1.00
2016.03.17 20:30:28.063,0.78155,0.78164,1.00,1.00
2016.03.17 20:30:30.594,0.78153,0.78164,1.00,1.00
2016.03.17 20:30:33.481,0.78154,0.78164,1.00,1.00
2016.03.17 20:30:35.003,0.78154,0.78165,1.00,1.00
2016.03.17 20:30:36.873,0.78153,0.78165,2.25,1.87
2016.03.17 20:30:37.492,0.78153,0.78163,1.50,1.00
2016.03.17 20:30:38.194,0.78151,0.78163,1.50,1.87
2016.03.17 20:30:40.412,0.78151,0.78162,1.00,1.00
2016.03.17 20:30:46.649,0.78151,0.78161,1.00,1.50
2016.03.17 20:30:46.853,0.78153,0.78161,1.00,1.50
2016.03.17 20:30:47.209,0.78155,0.78162,1.00,1.50
2016.03.17 20:30:47.759,0.78154,0.78162,1.50,1.50
2016.03.17 20:30:48.267,0.78155,0.78162,1.00,1.50
2016.03.17 20:30:48.673,0.78153,0.78161,2.25,1.50
2016.03.17 20:30:50.675,0.78152,0.78161,2.25,1.50
2016.03.17 20:30:51.316,0.78153,0.78161,1.00,1.50
2016.03.17 20:30:51.823,0.78154,0.78161,1.00,1.50
2016.03.17 20:30:52.620,0.78153,0.78161,1.00,1.50
2016.03.17 20:30:52.671,0.78153,0.78163,1.50,1.50
2016.03.17 20:30:53.825,0.78154,0.78163,1.00,1.50
2016.03.17 20:30:54.358,0.78153,0.78163,1.00,1.50
2016.03.17 20:30:54.866,0.78154,0.78163,1.00,1.50
2016.03.17 20:30:55.069,0.78152,0.78162,2.25,1.50
2016.03.17 20:30:57.660,0.78152,0.78161,1.50,1.50
2016.03.17 20:31:00.666,0.78153,0.78161,1.00,1.50
2016.03.17 20:31:01.184,0.78152,0.78161,1.50,1.50
2016.03.17 20:31:03.382,0.78152,0.78162,1.50,2.25
2016.03.17 20:31:04.443,0.78154,0.78162,1.00,2.25
2016.03.17 20:31:04.545,0.78152,0.78162,2.25,1.50
2016.03.17 20:31:05.022,0.7815,0.78162,2.25,2.25
2016.03.17 20:31:06.239,0.78151,0.78162,1.50,1.50
2016.03.17 20:31:06.747,0.78152,0.78162,1.50,1.50
2016.03.17 20:31:07.536,0.78153,0.78162,1.00,1.50
2016.03.17 20:31:08.525,0.78152,0.78162,2.62,1.50
2016.03.17 20:31:08.576,0.78152,0.78164,2.62,1.00
2016.03.17 20:31:08.628,0.78158,0.78164,1.00,1.00
2016.03.17 20:31:08.781,0.78159,0.78167,1.50,1.00
2016.03.17 20:31:09.175,0.78162,0.78167,1.00,1.00
2016.03.17 20:31:09.986,0.78162,0.78173,1.00,1.40
2016.03.17 20:31:10.564,0.78161,0.78172,1.00,1.00
2016.03.17 20:31:11.101,0.78161,0.78173,1.00,1.50
2016.03.17 20:31:12.414,0.78161,0.78171,1.00,1.00
2016.03.17 20:31:13.483,0.78159,0.78171,2.25,1.00
2016.03.17 20:31:13.991,0.7816,0.78171,1.00,1.00
2016.03.17 20:31:14.542,0.7816,0.78172,2.25,1.00
2016.03.17 20:31:16.584,0.7816,0.7817,1.00,1.00
2016.03.17 20:31:17.205,0.7816,0.78172,1.00,1.00
2016.03.17 20:31:23.656,0.78161,0.78172,1.00,1.00
2016.03.17 20:31:24.163,0.7816,0.78172,1.50,1.00
2016.03.17 20:31:25.157,0.78161,0.78172,1.00,1.00
2016.03.17 20:31:25.767,0.7816,0.78172,1.50,1.00
2016.03.17 20:31:26.454,0.78161,0.78172,1.00,1.00
2016.03.17 20:31:26.962,0.7816,0.78172,1.50,1.00
2016.03.17 20:31:27.470,0.78161,0.78172,1.00,1.00
2016.03.17 20:31:27.977,0.7816,0.78172,1.50,1.00
2016.03.17 20:31:28.480,0.78161,0.78172,1.00,1.00
2016.03.17 20:31:29.089,0.7816,0.78172,1.50,1.00
2016.03.17 20:31:29.596,0.78161,0.78173,1.50,1.00
2016.03.17 20:31:30.276,0.78162,0.78173,1.00,1.00
2016.03.17 20:31:30.784,0.78161,0.78173,1.50,1.00
2016.03.17 20:31:31.291,0.78162,0.78174,1.00,1.02
2016.03.17 20:31:32.110,0.78161,0.78173,1.50,1.00
2016.03.17 20:31:32.617,0.78162,0.78173,1.00,1.00
2016.03.17 20:31:33.340,0.78163,0.78173,1.00,1.00
2016.03.17 20:31:33.880,0.78163,0.78175,1.50,4.02
2016.03.17 20:31:36.095,0.78165,0.78175,1.00,1.00
2016.03.17 20:31:37.821,0.78165,0.78177,1.00,1.00
2016.03.17 20:31:39.916,0.78164,0.78176,2.62,1.00
2016.03.17 20:31:40.817,0.78165,0.78176,1.00,1.00
2016.03.17 20:31:43.209,0.78166,0.78176,1.00,1.00
2016.03.17 20:31:43.412,0.78167,0.78178,1.00,2.31
2016.03.17 20:31:46.990,0.78167,0.78179,1.00,3.06
2016.03.17 20:31:48.905,0.78167,0.78178,1.00,1.00
2016.03.17 20:31:52.313,0.78166,0.78178,2.25,1.00
2016.03.17 20:31:52.483,0.78166,0.78178,1.50,1.44
2016.03.17 20:31:53.423,0.78165,0.78177,1.50,1.44
2016.03.17 20:31:53.944,0.78166,0.78178,1.50,1.44
2016.03.17 20:31:59.744,0.78167,0.78178,1.00,1.44
2016.03.17 20:32:00.100,0.78167,0.78178,1.50,1.19
2016.03.17 20:32:00.747,0.78168,0.78179,1.00,1.44
2016.03.17 20:32:02.505,0.78168,0.78179,1.00,1.44
2016.03.17 20:32:02.760,0.78166,0.78178,2.25,1.44
2016.03.17 20:32:03.267,0.78167,0.78178,1.00,1.44
2016.03.17 20:32:03.829,0.78166,0.78177,1.50,1.44
2016.03.17 20:32:04.352,0.78164,0.78176,1.69,1.19
2016.03.17 20:32:04.812,0.78164,0.78176,1.87,1.44
2016.03.17 20:32:05.117,0.78166,0.78176,2.25,1.44
2016.03.17 20:32:05.629,0.78167,0.78176,1.00,1.44
2016.03.17 20:32:06.238,0.78167,0.78176,1.00,2.62
2016.03.17 20:32:06.745,0.78166,0.78176,1.00,2.62
2016.03.17 20:32:13.138,0.78166,0.78177,2.25,1.87
2016.03.17 20:32:13.967,0.78167,0.78177,1.00,1.87
2016.03.17 20:32:14.744,0.78166,0.78175,1.50,1.87
2016.03.17 20:32:15.017,0.78164,0.78175,2.62,1.87
2016.03.17 20:32:15.372,0.78167,0.78175,1.00,1.87
2016.03.17 20:32:15.577,0.78165,0.78175,2.25,1.87
2016.03.17 20:32:16.084,0.78166,0.78176,1.50,1.87
2016.03.17 20:32:19.193,0.78165,0.78176,2.25,1.87
2016.03.17 20:32:19.700,0.78166,0.78176,1.00,1.87
2016.03.17 20:32:20.414,0.78167,0.78177,1.00,1.87
2016.03.17 20:32:26.508,0.78165,0.78177,1.50,2.62
2016.03.17 20:32:27.015,0.78166,0.78177,1.00,1.87
2016.03.17 20:32:28.340,0.78166,0.78175,1.00,1.87
2016.03.17 20:32:31.317,0.78166,0.78174,1.00,1.87
2016.03.17 20:32:31.736,0.78164,0.78174,1.00,1.87
2016.03.17 20:32:32.250,0.78163,0.78173,1.50,1.87
2016.03.17 20:32:39.748,0.78162,0.78173,2.25,1.87
2016.03.17 20:32:40.306,0.78163,0.78173,1.00,1.87
2016.03.17 20:32:40.813,0.78162,0.78173,1.87,1.87
2016.03.17 20:32:42.516,0.78163,0.78173,1.50,1.87
2016.03.17 20:32:43.027,0.78164,0.78173,1.00,1.87
2016.03.17 20:32:44.395,0.78163,0.78173,2.25,1.87
2016.03.17 20:32:45.849,0.78164,0.78174,1.00,1.87
2016.03.17 20:32:46.205,0.78166,0.78174,1.00,1.87
2016.03.17 20:32:47.370,0.78166,0.78175,1.00,1.87
2016.03.17 20:32:47.524,0.78163,0.78173,1.00,1.87
2016.03.17 20:32:47.812,0.78161,0.78173,1.00,2.62
2016.03.17 20:32:47.863,0.78161,0.7817,1.00,1.87
2016.03.17 20:32:49.360,0.7816,0.7817,1.50,1.87
2016.03.17 20:32:49.886,0.78159,0.7817,1.50,1.87
2016.03.17 20:32:54.929,0.78159,0.78169,1.50,1.50
2016.03.17 20:32:56.418,0.7816,0.78169,1.00,1.50
2016.03.17 20:32:56.470,0.7816,0.78171,1.00,2.25
2016.03.17 20:32:57.122,0.78159,0.78171,1.50,2.25
2016.03.17 20:32:59.339,0.78159,0.7817,1.50,1.50
2016.03.17 20:33:05.150,0.78158,0.78169,1.87,1.50
2016.03.17 20:33:11.253,0.78157,0.78169,1.50,1.87
2016.03.17 20:33:11.895,0.78159,0.78169,1.00,1.87
2016.03.17 20:33:12.250,0.78157,0.78169,2.25,2.62
2016.03.17 20:33:14.561,0.78159,0.78169,1.00,1.87
2016.03.17 20:33:20.377,0.78159,0.7817,1.50,1.12
2016.03.17 20:33:23.833,0.78159,0.7817,1.87,1.12
2016.03.17 20:33:27.132,0.78159,0.78166,1.00,1.12
2016.03.17 20:33:27.184,0.78156,0.78166,1.95,1.12
2016.03.17 20:33:27.592,0.78158,0.78166,1.00,1.12
2016.03.17 20:33:27.899,0.78156,0.78166,1.00,1.12
2016.03.17 20:33:32.399,0.78156,0.78167,1.00,1.12
2016.03.17 20:33:33.472,0.78157,0.78165,1.00,1.12
2016.03.17 20:33:33.979,0.78156,0.78165,1.87,1.12
2016.03.17 20:33:39.001,0.78158,0.78165,1.00,1.12
2016.03.17 20:33:39.205,0.78156,0.78165,1.00,1.12
2016.03.17 20:33:43.123,0.78155,0.78165,2.62,1.12
2016.03.17 20:33:58.045,0.78156,0.78165,1.00,1.12
2016.03.17 20:33:58.550,0.78155,0.78165,2.25,1.12
2016.03.17 20:33:59.646,0.78154,0.78165,1.00,1.87
2016.03.17 20:34:00.153,0.78153,0.78165,1.00,2.62
2016.03.17 20:34:03.495,0.78153,0.78164,1.00,1.50
2016.03.17 20:34:06.109,0.78153,0.78163,1.00,1.50
2016.03.17 20:34:06.617,0.78152,0.78163,1.00,1.50
2016.03.17 20:34:07.349,0.78151,0.78163,1.00,2.25
2016.03.17 20:34:07.400,0.78151,0.78161,1.00,1.50
2016.03.17 20:34:09.434,0.7815,0.78161,1.12,1.50
2016.03.17 20:34:09.951,0.78149,0.7816,1.00,1.50
2016.03.17 20:34:10.459,0.7815,0.7816,1.50,1.50
2016.03.17 20:34:12.860,0.78149,0.7816,1.12,1.50
2016.03.17 20:34:13.367,0.78148,0.78159,1.50,1.50
2016.03.17 20:34:14.009,0.78149,0.78159,1.00,1.50
2016.03.17 20:34:14.517,0.78148,0.78159,1.50,1.50
2016.03.17 20:34:16.049,0.78149,0.78159,1.00,1.50
2016.03.17 20:34:16.569,0.7815,0.78159,1.00,1.50
2016.03.17 20:34:17.673,0.78151,0.78159,1.00,1.50
2016.03.17 20:34:17.811,0.78151,0.78162,1.50,1.50
2016.03.17 20:34:17.862,0.78153,0.78162,1.00,1.87
2016.03.17 20:34:19.035,0.78153,0.78163,1.00,2.25
2016.03.17 20:34:21.715,0.78153,0.78162,1.00,1.50
2016.03.17 20:34:25.630,0.78152,0.78162,1.00,1.50
2016.03.17 20:34:26.137,0.78151,0.78162,1.00,1.50
2016.03.17 20:34:26.846,0.78151,0.78161,1.00,1.50
2016.03.17 20:34:28.345,0.78151,0.78162,1.00,1.50
2016.03.17 20:34:32.442,0.78152,0.78162,1.00,1.50
2016.03.17 20:34:33.221,0.78153,0.78162,1.00,1.50
2016.03.17 20:34:33.734,0.78152,0.78162,1.12,1.50
2016.03.17 20:34:34.241,0.78153,0.78162,1.12,1.50
2016.03.17 20:34:34.718,0.78153,0.78164,1.12,1.50
2016.03.17 20:34:35.890,0.78152,0.78164,1.00,2.25
2016.03.17 20:34:36.397,0.78151,0.78163,1.87,1.00
2016.03.17 20:34:36.741,0.78152,0.78161,1.00,1.50
2016.03.17 20:34:38.452,0.78152,0.78162,1.12,1.50
2016.03.17 20:34:42.464,0.78153,0.78162,1.00,1.50
2016.03.17 20:34:46.961,0.78153,0.78164,1.87,1.50
2016.03.17 20:34:49.517,0.78155,0.78164,1.00,1.50
2016.03.17 20:34:50.389,0.78153,0.78164,2.62,1.50
2016.03.17 20:34:53.968,0.78154,0.78164,1.50,1.50
2016.03.17 20:34:54.120,0.78155,0.78164,1.87,1.50
2016.03.17 20:34:54.171,0.78156,0.78166,1.37,1.50
2016.03.17 20:34:55.953,0.78157,0.78169,1.12,1.50
2016.03.17 20:35:00.660,0.78157,0.78167,1.50,1.50
2016.03.17 20:35:01.168,0.78156,0.78168,2.62,1.50
2016.03.17 20:35:01.679,0.78157,0.78168,1.87,1.00
2016.03.17 20:35:02.189,0.78158,0.7817,1.00,1.00
2016.03.17 20:35:04.430,0.78159,0.7817,1.00,1.00
2016.03.17 20:35:04.684,0.7816,0.78172,1.87,1.50
2016.03.17 20:35:14.256,0.7816,0.78172,2.62,1.00
2016.03.17 20:35:17.274,0.7816,0.78172,2.25,1.87
2016.03.17 20:35:21.714,0.78159,0.78171,2.25,1.00
2016.03.17 20:35:22.260,0.7816,0.78171,1.00,1.00
2016.03.17 20:35:28.394,0.78161,0.78171,1.00,1.00
2016.03.17 20:35:29.067,0.7816,0.78171,2.62,1.00
2016.03.17 20:35:32.006,0.7816,0.78172,2.25,4.50
2016.03.17 20:35:33.009,0.78161,0.78172,1.00,3.75
2016.03.17 20:35:34.609,0.78161,0.78173,1.00,1.87
2016.03.17 20:35:41.299,0.78162,0.78173,1.00,1.50
2016.03.17 20:35:42.780,0.78162,0.78172,1.00,1.00
2016.03.17 20:35:43.337,0.78161,0.78172,1.50,1.00
2016.03.17 20:35:45.311,0.78163,0.78172,1.00,1.00
2016.03.17 20:35:45.819,0.78163,0.78173,1.00,1.00
2016.03.17 20:35:46.534,0.78162,0.78173,1.00,1.00
2016.03.17 20:35:47.114,0.78161,0.78173,1.50,1.00
2016.03.17 20:35:49.376,0.78163,0.78173,1.00,1.00
2016.03.17 20:35:49.529,0.78163,0.78175,2.25,1.50
2016.03.17 20:35:50.137,0.78162,0.78174,3.00,1.00
2016.03.17 20:35:54.817,0.78163,0.78174,1.00,1.12
2016.03.17 20:35:55.275,0.78164,0.78176,1.50,1.95
2016.03.17 20:35:55.782,0.78165,0.78176,1.50,1.12
2016.03.17 20:35:56.120,0.78164,0.78174,1.50,1.00
2016.03.17 20:35:56.932,0.78162,0.78174,1.50,4.50
2016.03.17 20:36:00.720,0.78161,0.78173,1.00,1.00
2016.03.17 20:36:01.269,0.7816,0.78172,6.37,1.00
2016.03.17 20:36:03.488,0.7816,0.78171,1.50,1.00
2016.03.17 20:36:03.843,0.78158,0.7817,1.00,1.50
2016.03.17 20:36:04.390,0.78157,0.78169,1.00,1.00
2016.03.17 20:36:04.663,0.78159,0.7817,1.50,1.00
2016.03.17 20:36:05.172,0.78158,0.78169,4.87,1.00
2016.03.17 20:36:06.093,0.78157,0.78169,5.62,1.50
2016.03.17 20:36:07.304,0.78159,0.78169,1.00,1.00
2016.03.17 20:36:07.356,0.78159,0.78171,2.25,1.87
2016.03.17 20:36:07.559,0.78161,0.78172,1.00,4.12
2016.03.17 20:36:08.459,0.78161,0.78173,1.87,6.00
2016.03.17 20:36:24.651,0.78162,0.78173,1.00,1.50
2016.03.17 20:36:25.397,0.78161,0.78173,1.12,1.50
2016.03.17 20:36:25.927,0.7816,0.78172,1.87,1.00
2016.03.17 20:36:30.327,0.7816,0.78172,2.62,1.50
2016.03.17 20:36:33.852,0.7816,0.78172,2.62,1.50
2016.03.17 20:36:34.969,0.78162,0.78172,1.00,1.00
2016.03.17 20:36:35.505,0.78161,0.78172,1.50,1.00
2016.03.17 20:36:36.008,0.78162,0.78172,1.00,1.00
2016.03.17 20:36:38.276,0.78162,0.78171,1.00,1.00
2016.03.17 20:36:41.478,0.78162,0.78173,1.00,1.50
2016.03.17 20:36:42.227,0.78162,0.78172,1.00,1.00
2016.03.17 20:36:44.986,0.78161,0.78172,4.87,1.00
2016.03.17 20:36:45.529,0.78162,0.78172,1.00,1.00
2016.03.17 20:36:47.817,0.78161,0.78172,4.87,1.00
2016.03.17 20:36:49.698,0.78161,0.78173,4.87,1.50
2016.03.17 20:36:50.301,0.78162,0.78173,1.00,1.00
2016.03.17 20:36:54.324,0.78163,0.78173,1.00,1.00
2016.03.17 20:36:54.914,0.78162,0.78173,1.50,1.00
2016.03.17 20:36:56.894,0.78162,0.78173,1.87,1.00
2016.03.17 20:36:57.433,0.78163,0.78174,1.12,1.50
2016.03.17 20:37:01.318,0.78162,0.78174,2.25,1.87
2016.03.17 20:37:01.844,0.78162,0.78174,2.25,1.87
2016.03.17 20:37:04.560,0.78162,0.78174,1.87,1.50
2016.03.17 20:37:05.090,0.78163,0.78174,1.00,1.00
2016.03.17 20:37:05.598,0.78162,0.78174,1.50,1.50
2016.03.17 20:37:05.908,0.78162,0.78171,1.00,1.00
2016.03.17 20:37:06.012,0.78159,0.78171,2.32,1.00
2016.03.17 20:37:06.523,0.78158,0.7817,2.25,1.50
2016.03.17 20:37:07.031,0.78159,0.78171,1.12,1.50
2016.03.17 20:37:09.896,0.7816,0.78172,1.00,1.00
2016.03.17 20:37:13.736,0.78159,0.78171,1.50,1.00
2016.03.17 20:37:14.142,0.78158,0.78169,1.00,1.00
2016.03.17 20:37:14.647,0.78158,0.7817,1.87,1.00
2016.03.17 20:37:17.250,0.78159,0.7817,1.00,1.00
2016.03.17 20:37:21.062,0.78158,0.7817,2.25,1.00
2016.03.17 20:37:22.719,0.78158,0.78169,3.75,1.00
2016.03.17 20:37:24.696,0.78158,0.7817,4.12,1.00
2016.03.17 20:37:25.001,0.78162,0.78172,1.00,1.00
2016.03.17 20:37:25.256,0.78163,0.78174,1.00,4.50
2016.03.17 20:37:25.764,0.78164,0.78175,1.87,1.00
2016.03.17 20:37:26.272,0.78164,0.78176,1.87,5.62
2016.03.17 20:37:26.781,0.78165,0.78175,1.12,3.75
2016.03.17 20:37:26.985,0.78163,0.78174,1.50,1.00
2016.03.17 20:37:29.192,0.78162,0.78174,1.50,1.00
2016.03.17 20:37:30.546,0.78161,0.78171,1.87,1.00
2016.03.17 20:37:30.954,0.78162,0.78174,1.00,1.50
2016.03.17 20:37:31.458,0.78161,0.78173,1.12,1.50
2016.03.17 20:37:33.374,0.78161,0.78171,1.00,1.00
2016.03.17 20:37:33.885,0.7816,0.78171,1.50,1.00
2016.03.17 20:37:35.018,0.7816,0.78172,1.50,1.00
2016.03.17 20:37:35.559,0.78161,0.78172,1.00,1.00
2016.03.17 20:37:37.396,0.7816,0.78172,1.00,1.00
2016.03.17 20:37:40.789,0.78161,0.78172,1.00,1.00
2016.03.17 20:37:44.755,0.78161,0.78173,1.50,1.50
2016.03.17 20:37:45.287,0.78162,0.78173,1.12,1.50
2016.03.17 20:37:46.107,0.78163,0.78173,1.00,1.50
2016.03.17 20:37:46.614,0.78164,0.78174,1.00,1.50
2016.03.17 20:37:46.997,0.78162,0.78174,1.00,1.50
2016.03.17 20:37:47.048,0.78162,0.78172,1.00,1.00
2016.03.17 20:37:52.557,0.78162,0.78174,1.50,5.25
2016.03.17 20:37:53.286,0.78162,0.78172,1.00,1.00
2016.03.17 20:37:55.381,0.78162,0.78173,1.00,1.00
2016.03.17 20:37:56.919,0.78162,0.78172,1.00,1.00
2016.03.17 20:37:57.473,0.78161,0.78173,1.12,1.50
2016.03.17 20:38:02.921,0.78162,0.78173,1.00,1.50
2016.03.17 20:38:03.429,0.78161,0.78173,1.12,1.50
2016.03.17 20:38:09.076,0.78161,0.78171,1.00,1.00
2016.03.17 20:38:09.452,0.78159,0.78171,2.62,1.50
2016.03.17 20:38:09.959,0.7816,0.78171,1.00,1.50
2016.03.17 20:38:10.567,0.78161,0.78171,1.00,1.50
2016.03.17 20:38:11.074,0.7816,0.78171,1.00,1.50
2016.03.17 20:38:11.611,0.78159,0.78171,1.87,1.50
2016.03.17 20:38:12.228,0.7816,0.78171,1.00,1.50
2016.03.17 20:38:16.644,0.78161,0.78171,1.00,1.00
2016.03.17 20:38:17.153,0.7816,0.78171,1.20,1.50
2016.03.17 20:38:17.864,0.78161,0.78171,1.00,1.50
2016.03.17 20:38:18.396,0.78159,0.78171,1.57,1.50
2016.03.17 20:38:24.622,0.78159,0.78169,1.57,1.00
2016.03.17 20:38:25.129,0.78159,0.7817,1.07,1.50
2016.03.17 20:38:27.132,0.78159,0.7817,1.00,1.50
2016.03.17 20:38:31.837,0.78158,0.7817,5.32,1.00
2016.03.17 20:38:32.345,0.78159,0.7817,1.00,1.00
2016.03.17 20:38:34.883,0.78158,0.7817,1.95,1.50
2016.03.17 20:38:35.987,0.78157,0.78169,5.70,1.00
2016.03.17 20:38:38.015,0.78159,0.78169,1.00,1.00
2016.03.17 20:38:38.545,0.78158,0.78169,1.10,1.00
2016.03.17 20:38:39.053,0.78159,0.78169,1.00,1.00
2016.03.17 20:38:39.915,0.78158,0.78169,1.10,1.00
2016.03.17 20:38:41.317,0.78159,0.78169,1.00,1.00
2016.03.17 20:38:41.828,0.78157,0.78169,1.20,1.00
2016.03.17 20:38:45.742,0.78157,0.78169,5.25,1.00
2016.03.17 20:38:46.253,0.78157,0.78168,1.87,1.00
2016.03.17 20:38:46.760,0.78158,0.78168,1.00,1.50
2016.03.17 20:38:47.269,0.78157,0.78168,1.00,1.50
2016.03.17 20:38:50.715,0.78158,0.78168,1.00,1.50
2016.03.17 20:38:51.222,0.78157,0.78167,1.00,1.00
2016.03.17 20:38:52.118,0.78157,0.78169,1.50,2.25
2016.03.17 20:38:52.270,0.78157,0.78167,1.50,1.00
2016.03.17 20:38:52.778,0.78158,0.78167,1.00,1.00
2016.03.17 20:38:54.829,0.78157,0.78167,1.00,1.00
2016.03.17 20:38:55.336,0.78157,0.78168,1.00,1.50
2016.03.17 20:39:00.022,0.78158,0.78168,1.00,1.50
2016.03.17 20:39:00.723,0.78157,0.78168,1.00,1.50
2016.03.17 20:39:04.448,0.78157,0.78169,1.12,1.50
2016.03.17 20:39:04.753,0.78159,0.78169,1.00,1.00
2016.03.17 20:39:04.956,0.78157,0.78169,1.50,1.00
2016.03.17 20:39:06.139,0.78158,0.78169,1.00,1.00
2016.03.17 20:39:06.645,0.78157,0.78169,1.00,1.50
2016.03.17 20:39:07.154,0.78158,0.78169,1.50,1.00
2016.03.17 20:39:10.509,0.78158,0.7817,2.62,1.00
2016.03.17 20:39:10.611,0.7816,0.7817,1.00,1.00
2016.03.17 20:39:10.966,0.7816,0.78172,5.32,2.62
2016.03.17 20:39:11.527,0.7816,0.7817,3.75,1.00
2016.03.17 20:39:12.068,0.78159,0.78169,1.00,1.50
2016.03.17 20:39:14.558,0.78158,0.78167,1.00,1.00
2016.03.17 20:39:15.065,0.78157,0.78166,3.75,1.00
2016.03.17 20:39:15.591,0.78156,0.78166,1.00,1.00
2016.03.17 20:39:18.552,0.78156,0.78165,1.00,1.00
2016.03.17 20:39:19.059,0.78156,0.78164,1.00,1.00
2016.03.17 20:39:19.583,0.78155,0.78164,4.87,1.00
2016.03.17 20:39:22.085,0.78155,0.78165,1.12,1.00
2016.03.17 20:39:22.956,0.78157,0.78165,1.00,1.00
2016.03.17 20:39:25.439,0.78157,0.78167,1.00,1.00
2016.03.17 20:39:30.770,0.78157,0.78168,1.00,1.00
2016.03.17 20:39:36.129,0.78157,0.78166,1.00,1.00
2016.03.17 20:39:40.085,0.78157,0.78167,1.00,1.00
2016.03.17 20:39:40.187,0.78157,0.78169,1.12,1.00
2016.03.17 20:39:40.289,0.78159,0.7817,1.00,1.50
2016.03.17 20:39:41.677,0.7816,0.7817,1.00,1.50
2016.03.17 20:39:42.286,0.78159,0.7817,1.00,1.50
2016.03.17 20:39:43.988,0.7816,0.7817,1.00,1.00
2016.03.17 20:39:45.945,0.78159,0.7817,1.00,1.00
2016.03.17 20:39:46.807,0.78159,0.78169,1.00,1.00
2016.03.17 20:39:48.330,0.78158,0.78169,1.00,1.12
2016.03.17 20:39:48.838,0.78157,0.78168,1.87,1.00
2016.03.17 20:39:59.142,0.78157,0.78167,1.00,1.00
2016.03.17 20:40:11.202,0.78157,0.78168,1.50,1.00
2016.03.17 20:40:11.507,0.78159,0.7817,1.00,2.25
2016.03.17 20:40:12.015,0.78158,0.7817,1.87,1.50
2016.03.17 20:40:12.521,0.78159,0.7817,1.00,2.25
2016.03.17 20:40:14.167,0.78158,0.7817,1.87,1.50
2016.03.17 20:40:20.289,0.78158,0.7817,1.87,1.00
2016.03.17 20:40:20.797,0.7816,0.7817,1.00,1.00
2016.03.17 20:40:23.653,0.78159,0.7817,2.25,1.00
2016.03.17 20:40:26.071,0.78159,0.78169,2.25,1.00
2016.03.17 20:40:34.103,0.78159,0.78171,1.12,2.25
2016.03.17 20:40:34.651,0.7816,0.78171,1.00,1.50
2016.03.17 20:40:35.360,0.78159,0.78171,1.50,1.50
2016.03.17 20:40:35.867,0.7816,0.78171,1.00,2.25
2016.03.17 20:40:37.960,0.78159,0.78171,1.50,1.50
2016.03.17 20:40:42.250,0.78159,0.7817,1.00,1.00
2016.03.17 20:40:42.789,0.78158,0.7817,4.50,1.87
2016.03.17 20:40:43.297,0.78158,0.78169,1.00,1.00
2016.03.17 20:40:43.804,0.78158,0.78168,1.00,1.00
2016.03.17 20:40:45.239,0.78157,0.78169,5.62,1.00
2016.03.17 20:40:49.246,0.78159,0.78169,1.00,1.50
2016.03.17 20:40:50.210,0.7816,0.78169,1.00,1.00
2016.03.17 20:40:50.718,0.7816,0.7817,1.50,1.00
2016.03.17 20:40:55.544,0.78161,0.78171,1.50,1.50
2016.03.17 20:40:56.473,0.78161,0.78173,1.00,2.25
2016.03.17 20:40:56.828,0.78163,0.78174,1.00,1.50
2016.03.17 20:40:57.329,0.78162,0.78174,1.50,1.00
2016.03.17 20:40:57.836,0.78162,0.78173,1.00,1.00
2016.03.17 20:40:59.698,0.78161,0.78173,6.00,1.00
2016.03.17 20:41:00.207,0.78161,0.78172,3.75,1.00
2016.03.17 20:41:01.187,0.7816,0.78172,4.87,1.00
2016.03.17 20:41:01.918,0.7816,0.78171,4.50,1.00
2016.03.17 20:41:02.274,0.78159,0.78169,1.00,1.00
2016.03.17 20:41:02.793,0.78158,0.78169,2.25,1.00
2016.03.17 20:41:03.256,0.78159,0.78171,1.50,1.50
2016.03.17 20:41:03.762,0.7816,0.78172,1.50,1.50
2016.03.17 20:41:07.437,0.78161,0.78172,1.00,1.50
2016.03.17 20:41:07.945,0.78162,0.78172,2.25,1.00
2016.03.17 20:41:08.047,0.78162,0.78174,1.50,4.50
2016.03.17 20:41:16.811,0.78161,0.78173,1.00,6.00
2016.03.17 20:41:16.913,0.7816,0.78171,4.12,1.50
2016.03.17 20:41:24.917,0.78159,0.78171,1.00,1.87
2016.03.17 20:41:26.827,0.7816,0.78171,1.00,1.12
2016.03.17 20:41:28.007,0.7816,0.78172,1.50,1.00
2016.03.17 20:41:30.208,0.7816,0.78172,1.87,1.00
2016.03.17 20:41:36.432,0.7816,0.78172,1.12,1.50
2016.03.17 20:41:43.432,0.78159,0.78171,1.12,1.00
2016.03.17 20:41:45.236,0.78159,0.7817,1.00,1.00
2016.03.17 20:41:45.774,0.78158,0.7817,1.87,1.50
2016.03.17 20:41:48.177,0.78159,0.7817,1.00,2.25
2016.03.17 20:41:48.785,0.78158,0.7817,1.87,1.50
2016.03.17 20:41:51.411,0.78159,0.7817,1.00,2.25
2016.03.17 20:41:52.912,0.78161,0.7817,1.00,1.50
2016.03.17 20:41:53.419,0.78159,0.7817,1.12,1.50
2016.03.17 20:41:54.704,0.78158,0.7817,5.62,1.50
2016.03.17 20:41:54.958,0.78157,0.78167,1.50,1.00
2016.03.17 20:41:55.472,0.78157,0.78168,1.87,1.00
2016.03.17 20:42:00.562,0.78157,0.78168,5.62,1.00
2016.03.17 20:42:01.069,0.78157,0.78168,4.87,1.00
2016.03.17 20:42:01.881,0.78157,0.78166,4.50,1.00
2016.03.17 20:42:02.216,0.78157,0.78163,3.75,1.00
2016.03.17 20:42:02.686,0.78155,0.78162,1.50,1.00
2016.03.17 20:42:02.894,0.78156,0.78166,5.25,1.00
2016.03.17 20:42:03.407,0.78156,0.78163,5.25,1.00
2016.03.17 20:42:05.637,0.78156,0.78165,4.50,1.00
2016.03.17 20:42:09.353,0.78156,0.78166,4.50,1.00
2016.03.17 20:42:17.914,0.78157,0.78166,1.00,1.00
2016.03.17 20:42:18.423,0.78156,0.78166,4.50,1.00
2016.03.17 20:42:25.768,0.78156,0.78167,1.00,1.50
2016.03.17 20:42:30.164,0.78156,0.78166,4.50,1.00
2016.03.17 20:42:35.239,0.78155,0.78165,5.62,1.00
2016.03.17 20:42:35.443,0.78157,0.78165,1.12,1.00
2016.03.17 20:42:35.748,0.78157,0.78168,1.00,1.50
2016.03.17 20:42:38.076,0.78156,0.78167,5.25,1.00
2016.03.17 20:42:38.583,0.78157,0.78167,1.00,1.00
2016.03.17 20:42:40.275,0.78156,0.78167,6.00,1.00
2016.03.17 20:42:40.782,0.78156,0.78166,3.75,1.00
2016.03.17 20:42:40.935,0.78156,0.78162,3.75,1.00
2016.03.17 20:42:41.037,0.78156,0.78165,3.75,1.00
2016.03.17 20:42:43.661,0.78156,0.78166,4.50,1.00
2016.03.17 20:42:43.915,0.78156,0.78168,5.25,1.00
2016.03.17 20:42:44.422,0.78157,0.78169,1.00,6.00
2016.03.17 20:42:45.203,0.78157,0.78168,1.00,1.00
2016.03.17 20:42:47.309,0.78157,0.78167,1.00,1.00
2016.03.17 20:42:50.953,0.78157,0.78166,1.00,1.00
2016.03.17 20:42:51.500,0.78156,0.78165,5.25,1.00
2016.03.17 20:42:53.710,0.78155,0.78165,5.25,1.00
2016.03.17 20:42:53.914,0.78157,0.78166,1.50,1.00
2016.03.17 20:42:54.425,0.78157,0.78165,1.50,1.00
2016.03.17 20:42:54.906,0.78158,0.78167,1.00,1.00
2016.03.17 20:42:55.413,0.78158,0.78168,1.00,1.00
2016.03.17 20:42:55.566,0.78157,0.78166,1.00,1.00
2016.03.17 20:42:56.074,0.78156,0.78167,5.25,1.00
2016.03.17 20:42:56.659,0.78156,0.78166,5.25,1.00
2016.03.17 20:42:58.027,0.78156,0.78167,5.25,1.00
2016.03.17 20:42:58.637,0.78156,0.78168,5.25,2.62
2016.03.17 20:42:59.398,0.78157,0.78168,1.00,2.62
2016.03.17 20:43:04.004,0.78158,0.78168,1.00,1.00
2016.03.17 20:43:04.789,0.78157,0.78167,1.00,1.00
2016.03.17 20:43:05.298,0.78158,0.78168,4.50,1.00
2016.03.17 20:43:11.495,0.78158,0.78169,4.50,1.50
2016.03.17 20:43:22.671,0.78157,0.78169,1.50,1.00
2016.03.17 20:43:23.835,0.78158,0.78169,1.00,1.00
2016.03.17 20:43:24.936,0.78157,0.78169,1.50,1.00
2016.03.17 20:43:29.463,0.78158,0.78169,1.00,1.50
2016.03.17 20:43:29.977,0.78157,0.78169,1.50,1.50
2016.03.17 20:43:31.413,0.78158,0.78169,1.00,1.50
2016.03.17 20:43:31.961,0.78157,0.78169,1.00,1.50
2016.03.17 20:43:34.822,0.78157,0.78168,1.00,1.00
2016.03.17 20:43:35.328,0.78157,0.78169,1.00,1.00
2016.03.17 20:43:40.691,0.78158,0.78169,1.00,1.00
2016.03.17 20:43:42.298,0.78158,0.78168,1.00,1.50
2016.03.17 20:43:51.095,0.78158,0.78167,1.00,1.00
2016.03.17 20:43:54.086,0.78158,0.78168,1.00,1.00
2016.03.17 20:43:55.744,0.78158,0.78167,1.50,1.00
2016.03.17 20:43:56.269,0.78158,0.78168,1.00,1.50
2016.03.17 20:43:56.791,0.78157,0.78168,1.00,1.50
2016.03.17 20:43:59.107,0.78157,0.78167,1.00,1.00
2016.03.17 20:43:59.715,0.78158,0.78167,1.00,1.50
2016.03.17 20:43:59.841,0.78156,0.78167,5.25,1.50
2016.03.17 20:44:01.112,0.78156,0.78168,5.25,2.25
2016.03.17 20:44:01.942,0.78156,0.78167,5.25,1.00
2016.03.17 20:44:09.011,0.78157,0.78167,1.00,1.00
2016.03.17 20:44:09.529,0.78156,0.78167,5.25,1.00
2016.03.17 20:44:15.139,0.78157,0.78167,1.00,1.00
2016.03.17 20:44:16.120,0.78156,0.78167,5.25,1.00
2016.03.17 20:44:18.421,0.78156,0.78165,4.50,1.00
2016.03.17 20:44:18.929,0.78156,0.78164,3.75,1.00
2016.03.17 20:44:19.437,0.78155,0.78164,5.44,1.00
2016.03.17 20:44:21.519,0.78154,0.78164,5.44,1.00
2016.03.17 20:44:22.330,0.78155,0.78164,1.00,1.00
2016.03.17 20:44:24.016,0.78154,0.78164,5.44,1.00
2016.03.17 20:44:26.365,0.78155,0.78164,1.00,1.00
2016.03.17 20:44:26.873,0.78154,0.78164,5.25,1.00
2016.03.17 20:44:27.229,0.78154,0.78162,4.69,1.00
2016.03.17 20:44:27.770,0.78154,0.78163,5.44,1.00
2016.03.17 20:44:33.069,0.78155,0.78163,1.00,1.00
2016.03.17 20:44:35.172,0.78154,0.78163,1.25,1.50
2016.03.17 20:44:35.491,0.78154,0.7816,1.69,1.00
2016.03.17 20:44:35.694,0.78154,0.78164,1.69,1.00
2016.03.17 20:44:36.657,0.78155,0.78164,1.25,1.00
2016.03.17 20:44:36.709,0.78155,0.78166,1.25,2.25
2016.03.17 20:44:36.760,0.78157,0.78166,1.00,2.25
2016.03.17 20:44:37.105,0.78155,0.78164,1.69,1.00
2016.03.17 20:44:38.751,0.78156,0.78164,3.75,1.00
2016.03.17 20:44:39.652,0.78156,0.78163,3.75,1.00
2016.03.17 20:44:39.805,0.78157,0.78165,1.00,1.00
2016.03.17 20:44:40.314,0.78157,0.78164,1.00,1.00
2016.03.17 20:44:40.982,0.78157,0.78163,1.00,1.00
2016.03.17 20:44:41.645,0.78157,0.78164,1.00,1.00
2016.03.17 20:44:43.289,0.78157,0.78165,1.00,1.00
2016.03.17 20:44:43.797,0.78157,0.78166,1.00,1.00
2016.03.17 20:44:47.155,0.78157,0.78167,1.00,1.00
2016.03.17 20:44:47.663,0.78157,0.78166,1.00,1.00
2016.03.17 20:44:48.189,0.78157,0.78167,5.25,1.00
2016.03.17 20:44:48.700,0.78158,0.78167,1.00,1.00
2016.03.17 20:44:50.209,0.78157,0.78167,5.25,1.00
2016.03.17 20:44:50.363,0.78157,0.78165,1.00,1.00
2016.03.17 20:44:50.567,0.78157,0.78167,1.00,1.00
2016.03.17 20:44:51.075,0.78157,0.78166,1.00,1.00
2016.03.17 20:44:52.553,0.78157,0.78165,1.00,1.00
2016.03.17 20:44:54.079,0.78156,0.78165,1.00,1.00
2016.03.17 20:44:54.588,0.78156,0.78164,1.00,1.00
2016.03.17 20:44:54.741,0.78154,0.78164,5.25,2.62
2016.03.17 20:44:54.843,0.78154,0.78162,5.25,1.00
2016.03.17 20:44:55.399,0.78154,0.78163,1.00,1.00
2016.03.17 20:44:55.907,0.78154,0.78164,1.50,1.12
2016.03.17 20:44:56.415,0.78154,0.78163,1.69,1.00
2016.03.17 20:44:56.924,0.78154,0.78164,1.69,1.00
2016.03.17 20:45:00.192,0.78155,0.78164,1.00,1.12
2016.03.17 20:45:01.728,0.78156,0.78164,1.00,1.12
2016.03.17 20:45:02.271,0.78155,0.78164,4.50,1.12
2016.03.17 20:45:03.438,0.78155,0.78163,3.75,1.00
2016.03.17 20:45:03.946,0.78154,0.78162,4.50,1.00
2016.03.17 20:45:06.534,0.78154,0.78163,5.25,1.12
2016.03.17 20:45:07.079,0.78155,0.78164,1.00,1.50
2016.03.17 20:45:07.595,0.78154,0.78164,5.25,1.50
2016.03.17 20:45:11.306,0.78154,0.78165,5.25,1.50
2016.03.17 20:45:11.560,0.78156,0.78165,1.00,1.00
2016.03.17 20:45:12.238,0.78157,0.78165,1.00,1.00
2016.03.17 20:45:12.340,0.78155,0.78166,1.50,1.12
2016.03.17 20:45:12.442,0.78157,0.78166,1.00,1.12
2016.03.17 20:45:12.956,0.78156,0.78167,1.00,3.00
2016.03.17 20:45:13.491,0.78156,0.78165,1.00,1.00
2016.03.17 20:45:13.999,0.78156,0.78166,1.00,1.00
2016.03.17 20:45:14.563,0.78156,0.78165,1.00,1.00
2016.03.17 20:45:15.098,0.78155,0.78164,4.50,1.00
2016.03.17 20:45:15.613,0.78154,0.78163,5.25,1.00
2016.03.17 20:45:16.172,0.78154,0.78161,4.50,1.00
2016.03.17 20:45:16.223,0.78151,0.78161,6.07,1.00
2016.03.17 20:45:16.857,0.78152,0.78161,1.00,1.00
2016.03.17 20:45:20.359,0.78153,0.78161,1.00,1.00
2016.03.17 20:45:21.474,0.78151,0.78161,5.25,1.00
2016.03.17 20:45:21.733,0.78153,0.78163,1.00,2.25
2016.03.17 20:45:22.240,0.78152,0.78163,1.00,2.25
2016.03.17 20:45:27.257,0.78153,0.78163,1.00,1.50
2016.03.17 20:45:27.764,0.78152,0.78163,1.50,1.50
2016.03.17 20:45:29.656,0.78153,0.78163,1.00,1.50
2016.03.17 20:45:30.204,0.78152,0.78163,1.50,1.50
2016.03.17 20:45:30.937,0.78152,0.78161,1.50,1.00
2016.03.17 20:45:31.468,0.78151,0.78161,4.50,1.00
2016.03.17 20:45:35.073,0.78152,0.78161,1.00,1.12
2016.03.17 20:45:35.582,0.78153,0.78163,1.00,1.87
2016.03.17 20:45:37.182,0.78152,0.78163,1.00,1.87
2016.03.17 20:45:38.771,0.78153,0.78164,1.00,3.00
2016.03.17 20:45:39.279,0.78152,0.78163,1.00,1.87
2016.03.17 20:45:45.063,0.78152,0.78163,1.50,1.12
2016.03.17 20:45:45.621,0.78153,0.78164,1.00,1.87
2016.03.17 20:45:46.253,0.78153,0.78164,1.00,1.50
2016.03.17 20:45:48.704,0.78154,0.78164,1.00,1.50
2016.03.17 20:45:49.210,0.78153,0.78164,1.00,1.50
2016.03.17 20:45:49.897,0.78152,0.78164,5.25,1.87
2016.03.17 20:45:50.100,0.78154,0.78164,1.00,1.12
2016.03.17 20:45:50.725,0.78153,0.78165,1.50,1.50
2016.03.17 20:45:51.032,0.78157,0.78166,1.00,1.12
2016.03.17 20:45:51.539,0.78156,0.78167,1.50,1.50
2016.03.17 20:45:52.047,0.78158,0.78166,1.00,1.00
2016.03.17 20:45:52.469,0.78157,0.78168,1.00,1.00
2016.03.17 20:45:52.976,0.78156,0.78168,1.50,1.00
2016.03.17 20:45:53.484,0.78157,0.78168,1.00,1.00
2016.03.17 20:45:54.026,0.78158,0.78168,1.00,1.00
2016.03.17 20:45:54.534,0.78157,0.78168,1.00,1.00
2016.03.17 20:45:54.990,0.78161,0.78169,1.00,1.50
2016.03.17 20:45:55.267,0.78168,0.78179,1.00,1.75
2016.03.17 20:45:55.675,0.78166,0.78177,1.00,4.12
2016.03.17 20:45:55.778,0.78166,0.78175,1.00,1.00
2016.03.17 20:45:56.304,0.78166,0.78174,1.00,1.00
2016.03.17 20:45:56.560,0.78166,0.78176,1.00,1.00
2016.03.17 20:45:58.059,0.78167,0.78176,1.00,1.00
2016.03.17 20:46:02.166,0.78165,0.78175,1.00,1.75
2016.03.17 20:46:02.572,0.78163,0.78172,1.00,1.00
2016.03.17 20:46:03.757,0.78162,0.78172,1.00,1.00
2016.03.17 20:46:04.062,0.78164,0.78172,1.00,1.00
2016.03.17 20:46:04.570,0.78164,0.78171,1.00,1.00
2016.03.17 20:46:05.180,0.78162,0.78171,1.00,1.00
2016.03.17 20:46:05.688,0.78163,0.78171,1.00,1.00
2016.03.17 20:46:06.217,0.78163,0.78172,1.00,1.00
2016.03.17 20:46:07.758,0.78163,0.78173,1.00,1.00
2016.03.17 20:46:08.272,0.78161,0.78172,1.00,1.00
2016.03.17 20:46:08.374,0.78159,0.7817,1.50,1.00
2016.03.17 20:46:08.881,0.78158,0.78168,1.50,1.00
2016.03.17 20:46:09.201,0.78158,0.78166,1.00,1.00
2016.03.17 20:46:09.556,0.78158,0.78168,1.00,1.50
2016.03.17 20:46:12.042,0.78159,0.78169,1.00,1.50
2016.03.17 20:46:12.093,0.78161,0.78169,1.00,1.50
2016.03.17 20:46:12.297,0.78162,0.78173,1.00,1.00
2016.03.17 20:46:12.501,0.78164,0.78174,1.00,1.00
2016.03.17 20:46:15.015,0.78162,0.78174,1.50,1.00
2016.03.17 20:46:15.695,0.78162,0.78172,1.00,1.00
2016.03.17 20:46:18.013,0.78161,0.78171,1.50,1.37
2016.03.17 20:46:18.300,0.78161,0.7817,1.50,1.12
2016.03.17 20:46:18.556,0.78161,0.78173,1.50,1.00
2016.03.17 20:46:19.320,0.78161,0.78171,1.00,1.37
2016.03.17 20:46:19.422,0.78161,0.78173,1.00,1.50
2016.03.17 20:46:19.525,0.7816,0.7817,2.25,1.00
2016.03.17 20:46:19.832,0.7816,0.78172,1.50,1.12
2016.03.17 20:46:20.289,0.78162,0.78173,1.00,1.00
2016.03.17 20:46:20.798,0.78161,0.78173,1.87,1.00
2016.03.17 20:46:23.294,0.78163,0.78173,1.00,1.00
2016.03.17 20:46:25.598,0.78162,0.78172,1.00,1.00
2016.03.17 20:46:26.410,0.78162,0.78174,1.00,1.50
2016.03.17 20:46:27.810,0.78163,0.78174,1.00,1.00
2016.03.17 20:46:28.317,0.78163,0.78175,1.00,1.00
2016.03.17 20:46:33.877,0.78164,0.78175,1.00,1.00
2016.03.17 20:46:40.288,0.78163,0.78175,1.00,1.00
2016.03.17 20:46:45.549,0.78163,0.78173,1.50,1.00
2016.03.17 20:46:47.555,0.78164,0.78174,1.00,1.00
2016.03.17 20:46:52.187,0.78162,0.78172,1.37,1.00
2016.03.17 20:46:52.392,0.78161,0.78171,1.00,1.00
2016.03.17 20:46:52.907,0.78162,0.78172,1.00,1.00
2016.03.17 20:46:53.162,0.7816,0.78172,1.50,4.50
2016.03.17 20:46:53.315,0.78162,0.78172,1.00,1.00
2016.03.17 20:46:53.924,0.78161,0.78172,1.00,1.00
2016.03.17 20:46:54.669,0.78161,0.78173,1.87,1.50
2016.03.17 20:46:57.752,0.78162,0.78173,1.00,1.00
2016.03.17 20:46:58.271,0.78163,0.78173,1.00,1.00
2016.03.17 20:46:58.779,0.78162,0.78173,1.12,1.00
2016.03.17 20:46:59.287,0.78163,0.78173,1.00,1.00
2016.03.17 20:46:59.811,0.78162,0.78173,1.12,1.00
2016.03.17 20:47:00.571,0.78162,0.78174,1.87,1.00
2016.03.17 20:47:01.121,0.78163,0.78174,1.00,1.00
2016.03.17 20:47:01.647,0.78164,0.78174,1.00,1.00
2016.03.17 20:47:04.069,0.78162,0.78174,5.25,1.00
2016.03.17 20:47:04.120,0.78162,0.78172,5.25,1.00
2016.03.17 20:47:04.376,0.7816,0.78172,1.50,1.00
2016.03.17 20:47:04.782,0.7816,0.78171,1.00,1.87
2016.03.17 20:47:05.164,0.78159,0.78171,1.50,1.50
2016.03.17 20:47:05.469,0.78161,0.78172,1.00,1.00
2016.03.17 20:47:06.180,0.7816,0.78172,1.50,1.00
2016.03.17 20:47:07.905,0.78162,0.78172,1.00,1.00
2016.03.17 20:47:08.454,0.78162,0.78172,1.37,1.00
2016.03.17 20:47:11.321,0.78162,0.78172,2.25,1.00
2016.03.17 20:47:11.626,0.7816,0.78171,1.50,1.00
2016.03.17 20:47:11.677,0.7816,0.78171,1.50,1.37
2016.03.17 20:47:11.999,0.78159,0.78171,4.87,1.00
2016.03.17 20:47:12.050,0.78161,0.78171,1.00,1.00
2016.03.17 20:47:12.559,0.7816,0.78171,1.50,1.00
2016.03.17 20:47:14.082,0.78159,0.78171,1.50,1.50
2016.03.17 20:47:14.593,0.7816,0.78171,1.00,1.00
2016.03.17 20:47:14.898,0.78162,0.78171,1.00,1.00
2016.03.17 20:47:15.150,0.7816,0.78171,1.50,1.00
2016.03.17 20:47:21.391,0.78161,0.78171,1.00,1.50
2016.03.17 20:47:24.207,0.7816,0.78171,1.00,1.00
2016.03.17 20:47:24.416,0.78159,0.7817,1.50,1.87
2016.03.17 20:47:24.924,0.7816,0.7817,1.50,1.00
2016.03.17 20:47:25.128,0.7816,0.78172,1.50,2.25
2016.03.17 20:47:27.842,0.7816,0.7817,1.50,1.00
2016.03.17 20:47:29.085,0.78161,0.7817,1.00,1.00
2016.03.17 20:47:29.289,0.78159,0.78169,1.50,1.00
2016.03.17 20:47:29.800,0.7816,0.78169,1.00,1.00
2016.03.17 20:47:30.257,0.7816,0.78171,1.00,1.50
2016.03.17 20:47:30.815,0.78161,0.78171,1.00,1.50
2016.03.17 20:47:31.189,0.7816,0.78168,1.00,1.00
2016.03.17 20:47:31.850,0.7816,0.78171,1.00,1.50
2016.03.17 20:47:32.410,0.78161,0.78171,1.00,1.50
2016.03.17 20:47:32.939,0.7816,0.78171,1.00,1.50
2016.03.17 20:47:33.803,0.78161,0.78171,1.00,1.50
2016.03.17 20:47:34.311,0.7816,0.78171,1.00,1.50
2016.03.17 20:47:35.529,0.7816,0.7817,1.50,1.00
2016.03.17 20:47:36.040,0.78161,0.78171,2.25,1.50
2016.03.17 20:47:37.178,0.7816,0.7817,1.00,1.12
2016.03.17 20:47:37.280,0.7816,0.78172,1.00,2.25
2016.03.17 20:47:38.092,0.78161,0.78172,1.00,2.25
2016.03.17 20:47:38.599,0.7816,0.78172,1.00,1.50
2016.03.17 20:47:38.698,0.78159,0.7817,1.00,1.00
2016.03.17 20:47:39.004,0.78157,0.78168,2.25,1.00
2016.03.17 20:47:39.563,0.78158,0.78168,1.00,1.50
2016.03.17 20:47:43.134,0.78158,0.78169,1.50,1.00
2016.03.17 20:47:43.440,0.78157,0.78167,1.00,1.00
2016.03.17 20:47:50.259,0.78155,0.78167,1.50,1.50
2016.03.17 20:47:50.767,0.78156,0.78167,1.00,1.50
2016.03.17 20:47:51.932,0.78155,0.78167,1.50,1.50
2016.03.17 20:47:53.216,0.78156,0.78167,1.00,1.50
2016.03.17 20:47:54.423,0.78155,0.78167,1.50,1.50
2016.03.17 20:47:55.487,0.78156,0.78167,1.00,1.50
2016.03.17 20:47:55.825,0.78158,0.78169,1.00,1.50
2016.03.17 20:47:56.131,0.78158,0.78167,1.00,1.00
2016.03.17 20:47:56.639,0.78157,0.78167,1.00,1.00
2016.03.17 20:47:56.945,0.78159,0.78167,1.00,1.00
2016.03.17 20:47:57.479,0.78158,0.78167,1.00,1.00
2016.03.17 20:47:58.546,0.78157,0.78167,1.50,1.00
2016.03.17 20:47:59.088,0.78158,0.78168,1.00,1.00
2016.03.17 20:47:59.594,0.78156,0.78168,1.50,1.00
2016.03.17 20:48:00.304,0.78156,0.78166,1.00,1.00
2016.03.17 20:48:00.711,0.78156,0.78168,1.00,1.12
2016.03.17 20:48:15.910,0.78155,0.78167,1.50,1.00
2016.03.17 20:48:17.164,0.78155,0.78166,1.00,1.00
2016.03.17 20:48:17.671,0.78154,0.78165,1.00,1.50
2016.03.17 20:48:19.676,0.78154,0.78166,1.50,1.50
2016.03.17 20:48:20.194,0.78154,0.78165,1.00,1.50
2016.03.17 20:48:20.722,0.78154,0.78164,1.00,1.00
2016.03.17 20:48:21.482,0.78155,0.78164,1.00,1.00
2016.03.17 20:48:22.000,0.78153,0.78164,1.50,1.00
2016.03.17 20:48:22.254,0.78155,0.78165,1.00,1.50
2016.03.17 20:48:22.780,0.78154,0.78165,1.00,1.50
2016.03.17 20:48:24.088,0.78155,0.78165,1.00,2.25
2016.03.17 20:48:26.203,0.78156,0.78165,1.00,1.00
2016.03.17 20:48:27.266,0.78155,0.78165,1.00,1.00
2016.03.17 20:48:28.098,0.78156,0.78165,1.00,1.00
2016.03.17 20:48:28.961,0.78155,0.78165,1.00,1.00
2016.03.17 20:48:38.782,0.78156,0.78165,1.00,1.00
2016.03.17 20:48:39.999,0.78155,0.78165,1.00,1.00
2016.03.17 20:48:43.310,0.78154,0.78165,1.50,1.00
2016.03.17 20:48:44.120,0.78156,0.78165,1.00,1.00
2016.03.17 20:48:50.129,0.78155,0.78165,1.00,1.00
2016.03.17 20:49:00.209,0.78154,0.78165,1.50,1.00
2016.03.17 20:49:06.771,0.78154,0.78166,1.50,1.50
2016.03.17 20:49:14.337,0.78154,0.78165,1.69,1.00
2016.03.17 20:49:21.691,0.78154,0.78166,1.69,1.50
2016.03.17 20:49:25.142,0.78154,0.78165,1.69,1.00
2016.03.17 20:49:43.485,0.78155,0.78166,1.00,1.50
2016.03.17 20:49:44.023,0.78156,0.78166,1.00,1.50
2016.03.17 20:49:44.530,0.78155,0.78166,1.00,1.50
2016.03.17 20:49:45.492,0.78154,0.78166,1.50,1.50
2016.03.17 20:49:46.568,0.78154,0.78165,1.50,1.00
2016.03.17 20:49:48.302,0.78155,0.78165,1.00,1.00
2016.03.17 20:49:50.533,0.78155,0.78166,1.00,1.50
2016.03.17 20:49:51.040,0.78156,0.78166,1.00,1.50
2016.03.17 20:49:51.612,0.78154,0.78165,1.50,1.00
2016.03.17 20:49:52.119,0.78155,0.78166,1.50,1.00
2016.03.17 20:49:52.626,0.78156,0.78164,1.00,1.00
2016.03.17 20:49:52.849,0.78155,0.78166,1.00,1.50
2016.03.17 20:49:53.704,0.78155,0.78165,1.00,1.00
2016.03.17 20:49:54.211,0.78155,0.78166,1.00,1.50
