2012.08.28 02:00:01.062,0.79134,0.79144,1.50,1.50
2012.08.28 02:00:04.412,0.79134,0.79144,1.50,1.50
2012.08.28 02:00:04.974,0.79134,0.79144,1.50,1.50
2012.08.28 02:00:05.948,0.79135,0.79146,1.50,3.36
2012.08.28 02:00:06.454,0.79137,0.79146,1.88,2.09
2012.08.28 02:00:07.005,0.79138,0.79147,1.50,2.29
2012.08.28 02:00:08.424,0.79141,0.79149,1.13,1.73
2012.08.28 02:00:08.496,0.79141,0.79149,1.13,1.50
2012.08.28 02:00:09.065,0.79138,0.79149,1.50,1.50
2012.08.28 02:00:09.592,0.79138,0.79148,1.50,1.50
2012.08.28 02:00:10.113,0.79138,0.79148,1.50,1.50
2012.08.28 02:00:12.664,0.79138,0.79148,1.50,1.50
2012.08.28 02:00:12.866,0.7914,0.7915,1.50,3.00
2012.08.28 02:00:16.173,0.79141,0.7915,1.50,1.50
2012.08.28 02:00:16.522,0.79142,0.7915,1.50,1.50
2012.08.28 02:00:17.284,0.79144,0.79152,1.50,1.50
2012.08.28 02:00:17.495,0.79144,0.79154,1.50,1.50
2012.08.28 02:00:18.047,0.79144,0.79154,2.63,1.50
2012.08.28 02:00:18.335,0.79144,0.79154,1.50,1.50
2012.08.28 02:00:19.892,0.79143,0.79154,2.63,1.50
2012.08.28 02:00:22.174,0.79144,0.79154,1.50,1.50
2012.08.28 02:00:22.991,0.79143,0.79154,2.63,1.50
2012.08.28 02:00:23.504,0.79143,0.79154,2.63,1.50
2012.08.28 02:00:38.572,0.79142,0.79154,2.25,2.63
2012.08.28 02:00:39.433,0.79142,0.79154,1.50,2.63
2012.08.28 02:00:41.131,0.79142,0.79154,1.50,1.13
2012.08.28 02:00:45.251,0.79142,0.79154,1.50,1.13
2012.08.28 02:00:47.073,0.79142,0.79154,1.50,1.13
2012.08.28 02:00:47.621,0.79142,0.79155,1.50,1.50
2012.08.28 02:00:52.118,0.79142,0.79155,2.25,1.50
2012.08.28 02:01:05.818,0.79144,0.79156,1.13,3.00
2012.08.28 02:01:06.175,0.79147,0.79156,1.50,1.50
2012.08.28 02:01:06.527,0.7915,0.7916,1.50,1.50
2012.08.28 02:01:07.027,0.79151,0.79162,1.50,1.50
2012.08.28 02:01:07.867,0.79151,0.79162,1.50,1.50
2012.08.28 02:01:08.392,0.79153,0.79162,1.50,1.50
2012.08.28 02:01:10.094,0.79151,0.79162,1.88,1.50
2012.08.28 02:01:15.593,0.79152,0.79162,1.50,1.50
2012.08.28 02:01:16.769,0.79152,0.79163,1.50,1.50
2012.08.28 02:01:17.056,0.79155,0.79163,1.50,1.50
2012.08.28 02:01:17.566,0.79153,0.79163,1.50,1.50
2012.08.28 02:01:18.117,0.79154,0.79163,1.50,1.50
2012.08.28 02:01:19.593,0.79153,0.79162,1.50,1.50
2012.08.28 02:01:20.158,0.79153,0.79163,1.50,1.50
2012.08.28 02:01:20.776,0.79153,0.79163,1.50,1.50
2012.08.28 02:01:23.584,0.79153,0.79163,1.50,1.50
2012.08.28 02:01:23.933,0.79155,0.79167,2.63,3.00
2012.08.28 02:01:24.475,0.79155,0.79167,2.63,1.50
2012.08.28 02:01:24.685,0.79155,0.79165,1.50,1.50
2012.08.28 02:01:25.277,0.79154,0.79165,2.63,1.50
2012.08.28 02:01:25.634,0.79157,0.79165,1.88,1.50
2012.08.28 02:01:26.083,0.79157,0.79167,1.88,1.50
2012.08.28 02:01:26.222,0.79157,0.79169,2.63,2.25
2012.08.28 02:01:26.744,0.79157,0.79169,2.63,2.25
2012.08.28 02:01:27.597,0.79157,0.79169,2.63,1.50
2012.08.28 02:01:28.355,0.79157,0.79169,2.63,1.50
2012.08.28 02:01:29.616,0.79157,0.79167,2.63,1.50
2012.08.28 02:01:30.476,0.79157,0.79168,2.63,1.50
2012.08.28 02:01:31.034,0.79157,0.79168,1.50,1.50
2012.08.28 02:01:35.323,0.79155,0.79168,5.63,1.50
2012.08.28 02:01:35.523,0.79157,0.79168,1.50,1.50
2012.08.28 02:01:35.792,0.79156,0.79168,1.50,1.50
2012.08.28 02:01:35.996,0.79157,0.79168,1.50,1.50
2012.08.28 02:01:36.194,0.79155,0.79167,3.38,1.50
2012.08.28 02:01:36.735,0.79155,0.79166,1.13,1.50
2012.08.28 02:01:37.305,0.79154,0.79166,2.25,1.50
2012.08.28 02:01:47.144,0.79154,0.79166,2.25,1.50
2012.08.28 02:01:47.622,0.79154,0.79165,1.50,1.50
2012.08.28 02:01:47.694,0.79156,0.79165,1.50,1.50
2012.08.28 02:01:48.274,0.79154,0.79166,1.50,1.50
2012.08.28 02:01:51.992,0.79153,0.79166,3.38,1.50
2012.08.28 02:01:55.013,0.79152,0.79164,1.50,1.50
2012.08.28 02:01:55.393,0.79154,0.79164,1.50,1.50
2012.08.28 02:01:55.943,0.79155,0.79165,1.50,1.50
2012.08.28 02:01:56.595,0.79154,0.79165,1.88,1.50
2012.08.28 02:01:57.115,0.79154,0.79165,1.13,1.50
2012.08.28 02:02:01.136,0.79153,0.79163,1.50,1.50
2012.08.28 02:02:01.703,0.79153,0.79163,1.50,3.00
2012.08.28 02:02:02.107,0.79151,0.79161,3.38,1.50
2012.08.28 02:02:02.190,0.79151,0.79163,3.38,1.50
2012.08.28 02:02:02.723,0.79152,0.79162,1.50,1.50
2012.08.28 02:02:03.294,0.79156,0.79162,1.13,1.50
2012.08.28 02:02:03.716,0.79156,0.79164,1.13,3.00
2012.08.28 02:02:03.797,0.79156,0.79164,1.88,1.50
2012.08.28 02:02:03.873,0.79156,0.79164,1.88,1.50
2012.08.28 02:02:04.437,0.79153,0.79165,2.63,3.00
2012.08.28 02:02:04.659,0.79152,0.79161,1.50,1.50
2012.08.28 02:02:04.735,0.7915,0.79161,2.63,1.50
2012.08.28 02:02:05.284,0.79149,0.79161,3.38,1.50
2012.08.28 02:02:05.815,0.79149,0.79161,2.63,1.50
2012.08.28 02:02:05.944,0.79149,0.79161,3.38,1.50
2012.08.28 02:02:06.223,0.79149,0.79163,2.63,3.00
2012.08.28 02:02:06.952,0.7915,0.79162,1.50,1.50
2012.08.28 02:02:07.746,0.79149,0.79163,1.88,3.00
2012.08.28 02:02:07.824,0.79149,0.7916,1.13,1.50
2012.08.28 02:02:08.673,0.79148,0.7916,1.50,1.50
2012.08.28 02:02:09.165,0.79146,0.79158,1.88,1.50
2012.08.28 02:02:09.726,0.79146,0.79157,1.13,1.50
2012.08.28 02:02:11.463,0.79145,0.79158,4.13,1.50
2012.08.28 02:02:12.063,0.79145,0.79158,2.63,3.00
2012.08.28 02:02:12.150,0.79145,0.79158,2.63,3.00
2012.08.28 02:02:12.548,0.79143,0.79156,2.63,1.50
2012.08.28 02:02:13.177,0.79144,0.79155,1.50,1.50
2012.08.28 02:02:13.744,0.79143,0.79156,3.38,1.50
2012.08.28 02:02:15.985,0.79142,0.79156,3.75,2.63
2012.08.28 02:02:16.316,0.79142,0.79154,2.25,2.25
2012.08.28 02:02:17.914,0.79143,0.79154,2.63,1.50
2012.08.28 02:02:17.986,0.79143,0.79156,2.63,2.25
2012.08.28 02:02:21.593,0.79146,0.79156,1.50,1.50
2012.08.28 02:02:21.663,0.79146,0.79156,2.25,1.50
2012.08.28 02:02:22.293,0.79146,0.79156,2.25,1.50
2012.08.28 02:02:24.133,0.79146,0.79157,2.25,1.50
2012.08.28 02:02:26.091,0.79146,0.79158,2.25,1.50
2012.08.28 02:02:27.927,0.79146,0.79158,1.50,1.50
2012.08.28 02:02:34.637,0.79145,0.79158,2.63,3.00
2012.08.28 02:02:35.207,0.79145,0.79155,2.63,1.50
2012.08.28 02:02:36.229,0.79143,0.79156,1.50,2.25
2012.08.28 02:02:36.797,0.79145,0.79156,1.50,1.50
2012.08.28 02:02:37.382,0.79145,0.79156,1.50,1.50
2012.08.28 02:02:37.950,0.79146,0.79156,1.50,1.50
2012.08.28 02:02:41.593,0.79147,0.79156,1.50,1.50
2012.08.28 02:02:41.664,0.79147,0.79158,1.50,3.00
2012.08.28 02:02:42.314,0.79147,0.79158,1.50,1.50
2012.08.28 02:02:42.955,0.79146,0.79158,1.50,1.50
2012.08.28 02:02:47.901,0.79146,0.79157,2.25,1.50
2012.08.28 02:02:48.404,0.79146,0.79158,2.25,1.50
2012.08.28 02:02:49.277,0.79146,0.79157,2.25,1.50
2012.08.28 02:02:50.574,0.79146,0.79158,2.25,1.50
2012.08.28 02:02:51.602,0.79146,0.79158,1.50,1.50
2012.08.28 02:02:52.657,0.79146,0.79158,1.50,1.50
2012.08.28 02:02:54.433,0.79146,0.79158,1.50,2.25
2012.08.28 02:02:57.042,0.79145,0.79157,3.38,1.50
2012.08.28 02:02:57.593,0.79145,0.79158,3.38,1.50
2012.08.28 02:02:58.903,0.79145,0.79157,3.38,1.50
2012.08.28 02:02:59.652,0.79145,0.79158,3.38,1.50
2012.08.28 02:03:00.212,0.79145,0.79157,3.38,1.50
2012.08.28 02:03:00.771,0.79145,0.79158,3.38,1.50
2012.08.28 02:03:01.761,0.79145,0.79157,3.38,1.50
2012.08.28 02:03:02.262,0.79145,0.79158,3.38,1.50
2012.08.28 02:03:03.181,0.79145,0.79157,3.38,1.50
2012.08.28 02:03:03.735,0.79145,0.79158,3.38,1.50
2012.08.28 02:03:41.413,0.79146,0.7916,4.88,1.13
2012.08.28 02:03:42.776,0.79146,0.7916,4.88,1.13
2012.08.28 02:03:43.202,0.79146,0.7916,4.88,1.13
2012.08.28 02:03:43.332,0.79148,0.7916,1.50,1.88
2012.08.28 02:03:43.863,0.79148,0.79161,2.63,2.25
2012.08.28 02:03:44.422,0.79148,0.7916,2.63,1.50
2012.08.28 02:03:44.952,0.79148,0.79162,2.63,4.88
2012.08.28 02:03:45.541,0.79148,0.79161,2.63,3.00
2012.08.28 02:03:46.994,0.79148,0.79161,4.88,2.25
2012.08.28 02:03:47.542,0.79148,0.79161,4.88,1.50
2012.08.28 02:03:48.062,0.79148,0.79161,4.88,2.25
2012.08.28 02:03:48.992,0.79148,0.79161,4.88,2.25
2012.08.28 02:03:50.655,0.79147,0.7916,4.88,2.25
2012.08.28 02:03:55.755,0.79149,0.79162,1.13,3.75
2012.08.28 02:03:56.272,0.79149,0.79162,1.88,2.25
2012.08.28 02:03:57.583,0.79149,0.79162,2.63,2.25
2012.08.28 02:04:01.881,0.79149,0.79162,2.63,2.25
2012.08.28 02:04:11.963,0.79148,0.7916,1.88,1.50
2012.08.28 02:04:12.234,0.79147,0.7916,3.75,3.38
2012.08.28 02:04:12.796,0.79147,0.7916,2.25,4.13
2012.08.28 02:04:13.434,0.79148,0.7916,1.88,3.23
2012.08.28 02:04:13.506,0.79148,0.7916,3.38,1.73
2012.08.28 02:04:14.044,0.7915,0.79163,2.25,2.25
2012.08.28 02:04:17.321,0.7915,0.79163,2.25,3.00
2012.08.28 02:04:18.243,0.7915,0.79163,3.38,2.25
2012.08.28 02:04:18.783,0.79151,0.79165,2.25,1.50
2012.08.28 02:04:20.073,0.79151,0.79164,3.00,1.50
2012.08.28 02:04:21.456,0.79151,0.79164,3.00,1.50
2012.08.28 02:04:22.174,0.79151,0.79164,3.00,1.50
2012.08.28 02:04:22.718,0.79151,0.79165,3.00,1.50
2012.08.28 02:04:23.473,0.79152,0.79166,1.88,4.13
2012.08.28 02:04:24.015,0.79153,0.79166,1.50,3.38
2012.08.28 02:04:24.555,0.79153,0.79166,3.38,3.00
2012.08.28 02:04:26.007,0.79153,0.79166,4.13,3.00
2012.08.28 02:04:26.710,0.79153,0.79166,4.13,3.00
2012.08.28 02:04:29.232,0.79153,0.79166,4.13,3.00
2012.08.28 02:04:29.744,0.79153,0.79166,3.38,3.00
2012.08.28 02:04:30.272,0.79153,0.79166,4.13,3.00
2012.08.28 02:04:38.871,0.79153,0.79166,4.13,3.00
2012.08.28 02:04:39.424,0.79153,0.79166,4.13,3.00
2012.08.28 02:04:39.942,0.79153,0.79166,3.00,3.00
2012.08.28 02:04:40.559,0.79153,0.79166,2.25,3.00
2012.08.28 02:04:58.402,0.79151,0.79166,4.88,3.00
2012.08.28 02:04:58.984,0.79151,0.79165,3.38,1.50
2012.08.28 02:05:01.245,0.79151,0.79166,4.88,3.00
2012.08.28 02:05:01.433,0.79151,0.79166,4.13,3.00
2012.08.28 02:05:02.117,0.79151,0.79166,4.13,3.00
2012.08.28 02:05:02.766,0.79151,0.79166,4.13,3.00
2012.08.28 02:05:02.843,0.79151,0.79166,4.13,3.00
2012.08.28 02:05:05.513,0.79152,0.79165,1.50,3.00
2012.08.28 02:05:05.925,0.79152,0.79166,3.38,1.35
2012.08.28 02:05:06.452,0.79152,0.79167,4.13,3.00
2012.08.28 02:05:16.537,0.79153,0.79166,1.50,2.25
2012.08.28 02:05:21.264,0.79154,0.79165,1.13,1.50
2012.08.28 02:05:21.333,0.79154,0.79165,1.13,1.50
2012.08.28 02:05:21.596,0.79154,0.79166,1.13,2.25
2012.08.28 02:05:23.623,0.79154,0.79166,1.88,2.25
2012.08.28 02:05:23.906,0.79155,0.79168,3.38,2.25
2012.08.28 02:05:24.465,0.79155,0.79168,4.13,2.25
2012.08.28 02:05:24.969,0.79158,0.7917,1.88,3.00
2012.08.28 02:05:25.713,0.79158,0.79169,1.88,1.50
2012.08.28 02:05:26.953,0.79158,0.79169,1.88,1.50
2012.08.28 02:05:28.393,0.79156,0.79169,4.88,2.25
2012.08.28 02:05:28.535,0.79156,0.79169,4.88,2.25
2012.08.28 02:05:28.665,0.79156,0.79169,4.13,2.25
2012.08.28 02:05:34.736,0.79159,0.79169,1.13,2.25
2012.08.28 02:05:34.884,0.79156,0.79169,3.38,2.25
2012.08.28 02:05:34.957,0.79156,0.79169,3.38,1.50
2012.08.28 02:05:35.512,0.79158,0.79169,1.13,1.50
2012.08.28 02:05:37.224,0.79159,0.79169,1.13,2.25
2012.08.28 02:05:37.575,0.7916,0.79171,1.13,3.75
2012.08.28 02:05:37.788,0.79158,0.79171,1.50,3.00
2012.08.28 02:05:38.359,0.79157,0.7917,1.88,1.50
2012.08.28 02:05:38.623,0.79157,0.7917,1.88,2.25
2012.08.28 02:05:40.274,0.79157,0.79171,2.63,2.25
2012.08.28 02:05:41.474,0.79158,0.79171,1.50,3.00
2012.08.28 02:05:41.923,0.79158,0.7917,1.50,1.50
2012.08.28 02:05:45.195,0.79157,0.7917,1.88,2.25
2012.08.28 02:05:45.723,0.79157,0.7917,1.13,2.25
2012.08.28 02:05:46.383,0.79157,0.7917,1.88,2.25
2012.08.28 02:05:50.935,0.79156,0.79169,3.38,1.50
2012.08.28 02:05:51.326,0.79157,0.7917,1.50,2.25
2012.08.28 02:05:52.805,0.79157,0.79169,1.50,1.50
2012.08.28 02:05:53.353,0.79157,0.79169,1.50,1.50
2012.08.28 02:05:53.893,0.79157,0.7917,3.00,1.50
2012.08.28 02:05:54.639,0.79159,0.7917,1.13,1.50
2012.08.28 02:05:55.199,0.79157,0.7917,4.13,1.50
2012.08.28 02:05:56.555,0.79157,0.7917,4.13,1.50
2012.08.28 02:05:58.133,0.7916,0.7917,1.13,1.50
2012.08.28 02:05:58.555,0.79159,0.79172,2.63,3.03
2012.08.28 02:05:58.627,0.79159,0.7917,1.50,1.50
2012.08.28 02:05:58.848,0.79157,0.79171,1.50,3.75
2012.08.28 02:05:59.134,0.79158,0.79171,1.50,3.75
2012.08.28 02:05:59.524,0.79158,0.79169,1.50,1.50
2012.08.28 02:06:00.154,0.79158,0.7917,1.50,1.50
2012.08.28 02:06:00.684,0.79157,0.79169,1.50,1.50
2012.08.28 02:06:01.244,0.79155,0.79167,3.00,1.13
2012.08.28 02:06:01.442,0.79155,0.79167,3.00,1.13
2012.08.28 02:06:01.754,0.79155,0.79167,3.00,1.13
2012.08.28 02:06:02.055,0.79155,0.79169,3.00,1.13
2012.08.28 02:06:02.335,0.79155,0.79169,3.75,1.13
2012.08.28 02:06:05.006,0.79156,0.79169,2.25,4.13
2012.08.28 02:06:05.533,0.79156,0.79169,3.00,3.38
2012.08.28 02:06:06.042,0.79156,0.79169,2.25,3.38
2012.08.28 02:06:06.597,0.79156,0.79169,2.25,5.25
2012.08.28 02:06:06.737,0.79156,0.79168,1.50,1.50
2012.08.28 02:06:07.098,0.79149,0.79162,2.25,2.63
2012.08.28 02:06:07.655,0.79149,0.79162,2.25,2.63
2012.08.28 02:06:08.515,0.7915,0.79162,1.50,2.63
2012.08.28 02:06:10.575,0.79149,0.79162,1.50,2.63
2012.08.28 02:06:11.133,0.79148,0.79162,4.88,2.63
2012.08.28 02:06:11.675,0.79149,0.79162,2.25,1.13
2012.08.28 02:06:11.946,0.79149,0.79162,2.25,1.13
2012.08.28 02:06:12.448,0.79149,0.7916,1.50,2.63
2012.08.28 02:06:13.006,0.79149,0.79161,1.50,1.50
2012.08.28 02:06:13.599,0.79149,0.79161,1.50,2.25
2012.08.28 02:06:15.005,0.79149,0.79161,1.50,1.50
2012.08.28 02:06:15.551,0.7915,0.79162,2.25,2.63
2012.08.28 02:06:17.535,0.79149,0.79159,3.00,1.13
2012.08.28 02:06:23.019,0.79147,0.79159,2.25,1.13
2012.08.28 02:06:23.502,0.79148,0.79162,1.50,3.38
2012.08.28 02:06:23.715,0.79148,0.79162,2.25,4.13
2012.08.28 02:06:24.265,0.79151,0.79162,2.25,1.13
2012.08.28 02:06:24.616,0.79154,0.79165,1.50,1.13
2012.08.28 02:06:24.685,0.79154,0.79166,1.50,3.38
2012.08.28 02:06:24.965,0.79155,0.79166,1.50,1.50
2012.08.28 02:06:25.037,0.79157,0.79168,1.50,1.50
2012.08.28 02:06:26.687,0.79156,0.79168,1.50,1.50
2012.08.28 02:06:27.244,0.79156,0.79168,1.50,1.50
2012.08.28 02:06:27.516,0.79157,0.79166,1.50,1.13
2012.08.28 02:06:27.806,0.79155,0.79168,3.00,2.63
2012.08.28 02:06:28.308,0.79156,0.79168,1.50,2.63
2012.08.28 02:06:28.855,0.79156,0.79168,1.50,3.38
2012.08.28 02:06:31.907,0.79155,0.79166,3.00,1.13
2012.08.28 02:06:32.463,0.79154,0.79166,3.00,1.88
2012.08.28 02:06:34.574,0.79154,0.79166,3.00,1.88
2012.08.28 02:06:42.246,0.79156,0.79167,1.50,1.50
2012.08.28 02:06:42.792,0.79156,0.79168,1.50,3.38
2012.08.28 02:06:43.555,0.79156,0.79167,1.50,1.50
2012.08.28 02:06:44.185,0.79155,0.79168,1.50,3.38
2012.08.28 02:06:44.764,0.79155,0.79168,1.50,4.13
2012.08.28 02:06:45.533,0.79155,0.79167,1.50,1.50
2012.08.28 02:06:49.065,0.79155,0.79166,1.50,1.13
2012.08.28 02:06:49.624,0.79154,0.79166,1.50,2.63
2012.08.28 02:06:50.192,0.79152,0.79166,1.50,3.38
2012.08.28 02:06:50.836,0.79152,0.79166,3.00,3.38
2012.08.28 02:06:51.393,0.79152,0.79165,3.00,1.50
2012.08.28 02:06:51.910,0.79153,0.79166,2.25,3.38
2012.08.28 02:07:00.552,0.79153,0.79165,1.50,1.50
2012.08.28 02:07:05.100,0.79152,0.79165,2.25,2.63
2012.08.28 02:07:16.854,0.79152,0.79165,2.25,1.88
2012.08.28 02:07:20.635,0.79152,0.79167,3.00,3.38
2012.08.28 02:07:21.223,0.79152,0.79165,1.50,1.50
2012.08.28 02:07:31.313,0.79151,0.79165,2.25,1.50
2012.08.28 02:07:31.852,0.79153,0.79166,2.25,3.38
2012.08.28 02:07:37.276,0.79153,0.79166,2.25,3.38
2012.08.28 02:07:37.793,0.79153,0.79166,2.25,4.13
2012.08.28 02:07:38.852,0.79153,0.79166,2.25,2.63
2012.08.28 02:07:40.336,0.79152,0.79165,3.00,1.50
2012.08.28 02:07:41.192,0.79153,0.79166,2.25,2.63
2012.08.28 02:07:44.745,0.79153,0.79165,1.88,1.50
2012.08.28 02:07:45.303,0.79153,0.79166,3.38,1.50
2012.08.28 02:07:53.071,0.79153,0.79166,4.13,1.50
2012.08.28 02:07:53.583,0.79153,0.79165,1.88,1.50
2012.08.28 02:07:55.182,0.79153,0.79165,1.88,2.25
2012.08.28 02:07:55.529,0.79152,0.79162,1.13,1.50
2012.08.28 02:07:56.085,0.79152,0.79161,1.13,2.63
2012.08.28 02:07:56.156,0.79148,0.79161,1.88,2.63
2012.08.28 02:07:56.665,0.79148,0.7916,1.88,1.13
2012.08.28 02:08:00.621,0.79148,0.79161,1.88,2.63
2012.08.28 02:08:04.125,0.79148,0.79161,2.63,2.25
2012.08.28 02:08:04.193,0.79151,0.79161,1.13,2.25
2012.08.28 02:08:08.932,0.79151,0.79161,1.13,2.25
2012.08.28 02:08:16.438,0.79151,0.79163,1.13,2.25
2012.08.28 02:08:16.985,0.79151,0.79164,1.13,3.38
2012.08.28 02:08:17.336,0.79153,0.79165,2.25,1.88
2012.08.28 02:08:17.883,0.79154,0.79166,1.88,2.25
2012.08.28 02:08:18.716,0.79154,0.79166,1.88,1.50
2012.08.28 02:08:19.195,0.79156,0.79168,1.88,2.25
2012.08.28 02:08:19.666,0.79156,0.79168,1.88,3.00
2012.08.28 02:08:20.175,0.79156,0.79167,1.88,1.50
2012.08.28 02:08:22.165,0.79155,0.79167,1.88,1.50
2012.08.28 02:08:22.304,0.79155,0.79167,1.88,2.25
2012.08.28 02:08:22.373,0.79155,0.79167,1.88,3.00
2012.08.28 02:08:22.717,0.79153,0.79165,2.63,1.50
2012.08.28 02:08:23.274,0.79152,0.79164,1.88,2.25
2012.08.28 02:08:23.944,0.79152,0.79164,1.88,1.50
2012.08.28 02:08:24.270,0.79152,0.79166,2.63,1.50
2012.08.28 02:08:24.803,0.79153,0.79167,1.88,3.00
2012.08.28 02:08:25.785,0.79154,0.79167,2.25,1.50
2012.08.28 02:08:25.997,0.79156,0.7917,2.25,2.66
2012.08.28 02:08:26.566,0.79156,0.7917,3.00,1.91
2012.08.28 02:08:29.193,0.79156,0.79169,2.25,2.28
2012.08.28 02:08:33.283,0.79156,0.79169,2.25,1.53
2012.08.28 02:08:36.575,0.79156,0.79171,4.13,1.53
2012.08.28 02:08:37.275,0.79156,0.7917,2.63,2.66
2012.08.28 02:08:37.345,0.79156,0.7917,1.88,2.66
2012.08.28 02:08:40.238,0.79156,0.7917,2.63,4.16
2012.08.28 02:08:41.035,0.79156,0.79168,1.50,1.13
2012.08.28 02:08:41.239,0.79155,0.79168,1.50,1.88
2012.08.28 02:08:41.527,0.79152,0.79165,4.13,2.25
2012.08.28 02:08:57.563,0.79153,0.79165,1.88,2.25
2012.08.28 02:08:59.465,0.79153,0.79165,1.13,3.00
2012.08.28 02:09:02.114,0.79153,0.79165,1.13,3.00
2012.08.28 02:09:05.036,0.79153,0.79165,1.13,3.00
2012.08.28 02:09:08.056,0.79152,0.79165,2.63,3.00
2012.08.28 02:09:08.678,0.79152,0.79165,2.63,3.00
2012.08.28 02:09:10.367,0.79152,0.79164,2.63,1.50
2012.08.28 02:09:10.982,0.7915,0.79163,4.13,3.00
2012.08.28 02:09:11.671,0.7915,0.79163,3.38,3.00
2012.08.28 02:09:12.727,0.7915,0.79163,1.13,1.50
2012.08.28 02:09:13.378,0.7915,0.79163,1.13,1.50
2012.08.28 02:09:14.566,0.7915,0.79164,1.88,2.25
2012.08.28 02:09:14.717,0.7915,0.79164,1.88,2.25
2012.08.28 02:09:15.380,0.79152,0.79165,1.50,3.38
2012.08.28 02:09:17.675,0.79152,0.79164,1.50,1.50
2012.08.28 02:09:18.185,0.79151,0.79163,1.88,3.00
2012.08.28 02:09:18.467,0.79152,0.79164,2.25,1.50
2012.08.28 02:09:18.957,0.79155,0.79165,1.13,1.50
2012.08.28 02:09:19.036,0.79155,0.79166,1.88,1.50
2012.08.28 02:09:19.190,0.79155,0.79166,1.88,1.50
2012.08.28 02:09:19.414,0.79156,0.79168,1.88,1.53
2012.08.28 02:09:20.896,0.79156,0.79168,1.88,1.53
2012.08.28 02:09:21.386,0.79154,0.79165,2.63,1.50
2012.08.28 02:09:21.944,0.79154,0.79165,1.88,1.50
2012.08.28 02:09:23.204,0.79154,0.79165,1.13,1.50
2012.08.28 02:09:23.678,0.79154,0.79165,1.88,1.50
2012.08.28 02:09:24.035,0.79154,0.79165,1.88,1.50
2012.08.28 02:09:24.914,0.79154,0.79165,1.88,1.50
2012.08.28 02:09:27.355,0.79154,0.79166,1.88,2.25
2012.08.28 02:09:27.484,0.79154,0.79166,2.63,1.50
2012.08.28 02:09:28.005,0.79156,0.79165,1.13,1.50
2012.08.28 02:09:28.455,0.79154,0.79165,1.88,2.25
2012.08.28 02:09:29.896,0.79155,0.79165,1.13,2.25
2012.08.28 02:09:30.176,0.79157,0.79166,1.13,1.50
2012.08.28 02:09:32.338,0.79156,0.79166,1.50,1.50
2012.08.28 02:09:32.421,0.79157,0.79168,1.88,2.25
2012.08.28 02:09:32.984,0.79157,0.79168,1.88,1.50
2012.08.28 02:09:34.641,0.79159,0.7917,1.50,1.50
2012.08.28 02:09:35.206,0.79159,0.7917,1.88,2.25
2012.08.28 02:09:35.424,0.79157,0.7917,1.13,3.00
2012.08.28 02:09:35.706,0.79157,0.7917,1.88,2.48
2012.08.28 02:09:35.779,0.79157,0.7917,1.88,2.25
2012.08.28 02:09:35.926,0.79157,0.79169,1.88,2.25
2012.08.28 02:09:36.265,0.79157,0.79169,1.88,1.50
2012.08.28 02:09:36.826,0.79157,0.79169,1.88,1.50
2012.08.28 02:09:38.864,0.79155,0.79169,2.63,3.00
2012.08.28 02:09:39.406,0.79155,0.79168,1.50,1.50
2012.08.28 02:09:39.616,0.79154,0.79167,2.63,1.50
2012.08.28 02:09:41.773,0.79154,0.79167,1.88,2.25
2012.08.28 02:09:42.476,0.79154,0.79167,1.88,2.25
2012.08.28 02:09:42.686,0.79154,0.79168,1.88,2.25
2012.08.28 02:09:43.693,0.79154,0.79168,1.88,2.25
2012.08.28 02:09:45.303,0.79154,0.79168,2.63,2.25
2012.08.28 02:09:45.677,0.79154,0.79168,2.63,2.25
2012.08.28 02:09:45.876,0.79154,0.79168,3.38,1.50
2012.08.28 02:09:45.945,0.79154,0.79168,3.38,1.50
2012.08.28 02:09:46.684,0.79155,0.79168,3.00,2.25
2012.08.28 02:09:46.757,0.79155,0.79168,3.00,2.25
2012.08.28 02:09:47.753,0.79155,0.79168,3.00,2.25
2012.08.28 02:09:48.299,0.79155,0.79168,1.50,2.25
2012.08.28 02:09:48.936,0.79154,0.79169,4.88,2.25
2012.08.28 02:09:50.975,0.79155,0.79168,1.50,2.25
2012.08.28 02:09:54.033,0.79154,0.79168,2.63,2.25
2012.08.28 02:09:54.584,0.79154,0.79168,2.63,3.00
2012.08.28 02:09:55.333,0.79155,0.79168,1.50,2.25
2012.08.28 02:09:58.152,0.79155,0.79168,2.63,2.25
2012.08.28 02:09:58.563,0.79157,0.79168,1.50,1.50
2012.08.28 02:09:59.179,0.79156,0.79168,2.63,1.50
2012.08.28 02:10:00.160,0.79156,0.79168,2.63,1.50
2012.08.28 02:10:02.338,0.79157,0.7917,1.50,3.38
2012.08.28 02:10:02.697,0.79156,0.7917,2.63,2.63
2012.08.28 02:10:03.214,0.79156,0.7917,2.63,2.63
2012.08.28 02:10:04.473,0.79156,0.79169,2.63,1.50
2012.08.28 02:10:05.033,0.79156,0.7917,2.63,2.63
2012.08.28 02:10:05.735,0.79159,0.7917,1.50,1.50
2012.08.28 02:10:06.734,0.7916,0.79172,1.50,3.00
2012.08.28 02:10:09.034,0.7916,0.7917,1.50,1.50
2012.08.28 02:10:09.598,0.79157,0.7917,1.50,3.38
2012.08.28 02:10:09.676,0.79156,0.7917,3.38,3.38
2012.08.28 02:10:10.814,0.79157,0.7917,1.50,2.63
2012.08.28 02:10:11.354,0.79157,0.79169,1.50,1.88
2012.08.28 02:10:11.906,0.79157,0.79169,1.50,2.63
2012.08.28 02:10:12.498,0.79155,0.79169,4.88,2.63
2012.08.28 02:10:13.046,0.79157,0.79169,1.50,1.88
2012.08.28 02:10:18.113,0.79158,0.79169,1.50,1.13
2012.08.28 02:10:19.456,0.79157,0.79168,1.50,1.88
2012.08.28 02:10:20.004,0.79156,0.79168,2.25,1.13
2012.08.28 02:10:22.334,0.79157,0.79169,1.50,2.25
2012.08.28 02:10:22.687,0.79158,0.79169,1.50,1.13
2012.08.28 02:10:22.769,0.79159,0.79171,1.50,2.25
2012.08.28 02:10:31.722,0.79157,0.7917,4.13,2.25
2012.08.28 02:10:32.264,0.79157,0.7917,3.38,2.25
2012.08.28 02:10:32.815,0.79157,0.7917,4.13,3.00
2012.08.28 02:10:33.493,0.79157,0.7917,4.13,3.00
2012.08.28 02:10:36.174,0.79158,0.79171,3.00,3.38
2012.08.28 02:10:36.934,0.79158,0.79171,3.00,3.38
2012.08.28 02:10:38.866,0.79158,0.79171,2.25,3.38
2012.08.28 02:10:39.077,0.79155,0.79169,3.00,1.88
2012.08.28 02:10:39.590,0.79155,0.79168,2.25,1.88
2012.08.28 02:10:40.718,0.79155,0.79167,2.25,1.50
2012.08.28 02:10:41.284,0.79155,0.79167,2.25,1.50
2012.08.28 02:10:42.154,0.79155,0.79168,4.13,1.88
2012.08.28 02:10:42.365,0.79157,0.79169,3.75,1.50
2012.08.28 02:10:43.517,0.79157,0.7917,3.00,3.00
2012.08.28 02:10:44.109,0.79157,0.79169,1.50,1.50
2012.08.28 02:10:44.983,0.79157,0.7917,3.00,3.00
2012.08.28 02:10:50.306,0.79158,0.7917,1.50,2.25
2012.08.28 02:10:51.507,0.79159,0.79172,1.50,2.25
2012.08.28 02:10:51.587,0.79159,0.79172,1.50,2.25
2012.08.28 02:10:51.669,0.79159,0.79172,1.50,2.25
2012.08.28 02:10:52.086,0.79162,0.79174,1.50,3.38
2012.08.28 02:10:52.587,0.79162,0.79173,1.50,1.13
2012.08.28 02:10:55.764,0.79162,0.79173,2.25,1.13
2012.08.28 02:11:00.635,0.79163,0.79173,1.50,1.50
2012.08.28 02:11:01.046,0.79162,0.79174,1.50,3.75
2012.08.28 02:11:01.959,0.79161,0.79174,2.25,3.75
2012.08.28 02:11:02.493,0.79162,0.79174,1.50,3.75
2012.08.28 02:11:07.423,0.79163,0.79174,1.50,3.00
2012.08.28 02:11:09.991,0.79162,0.79174,2.25,3.75
2012.08.28 02:11:16.499,0.79162,0.79174,2.25,3.75
2012.08.28 02:11:22.402,0.79162,0.79174,1.50,3.75
2012.08.28 02:11:22.548,0.79159,0.79172,1.50,1.88
2012.08.28 02:11:23.280,0.79159,0.79173,1.50,4.50
2012.08.28 02:11:23.637,0.79162,0.79173,1.50,1.50
2012.08.28 02:11:24.323,0.79161,0.79173,2.25,2.25
2012.08.28 02:11:24.866,0.7916,0.79172,1.50,1.50
2012.08.28 02:11:25.404,0.79159,0.79172,1.50,1.50
2012.08.28 02:11:25.963,0.79159,0.79171,1.50,1.50
2012.08.28 02:11:28.990,0.79159,0.79171,2.63,1.50
2012.08.28 02:11:33.004,0.79159,0.79172,2.63,1.50
2012.08.28 02:11:33.536,0.79159,0.79172,1.88,1.50
2012.08.28 02:11:34.053,0.7916,0.79172,1.50,1.50
2012.08.28 02:11:35.944,0.79159,0.79172,1.88,1.50
2012.08.28 02:11:38.934,0.79159,0.79171,2.63,1.50
2012.08.28 02:11:39.254,0.79159,0.79171,1.88,1.50
2012.08.28 02:11:39.814,0.79159,0.79169,1.88,1.50
2012.08.28 02:11:40.348,0.79158,0.79169,3.00,1.50
2012.08.28 02:11:40.877,0.79158,0.79169,2.25,1.50
2012.08.28 02:11:41.491,0.79158,0.79169,2.25,1.50
2012.08.28 02:11:41.838,0.79157,0.79169,3.00,1.50
2012.08.28 02:11:42.057,0.79158,0.7917,2.25,1.88
2012.08.28 02:11:42.706,0.79158,0.7917,2.25,1.88
2012.08.28 02:11:47.644,0.79158,0.79171,4.13,2.25
2012.08.28 02:11:48.325,0.79159,0.79171,2.25,1.50
2012.08.28 02:11:48.834,0.79159,0.79171,1.50,1.50
2012.08.28 02:11:49.244,0.79159,0.79172,4.13,2.25
2012.08.28 02:11:51.224,0.7916,0.79173,2.25,3.38
2012.08.28 02:11:51.378,0.7916,0.79173,4.13,1.50
2012.08.28 02:11:51.915,0.79162,0.79173,1.50,1.50
2012.08.28 02:11:52.385,0.79162,0.79173,1.50,1.50
2012.08.28 02:11:52.574,0.79162,0.79173,1.50,1.50
2012.08.28 02:11:55.738,0.79161,0.79173,2.25,1.50
2012.08.28 02:11:58.748,0.79161,0.79173,2.25,1.50
2012.08.28 02:12:09.304,0.79161,0.79173,1.50,1.50
2012.08.28 02:12:13.942,0.79161,0.79173,1.50,1.50
2012.08.28 02:12:17.695,0.79161,0.79172,1.50,1.50
2012.08.28 02:12:26.903,0.79161,0.79172,1.50,2.63
2012.08.28 02:12:27.923,0.79159,0.79172,3.38,1.50
2012.08.28 02:12:28.904,0.7916,0.79172,1.50,2.25
2012.08.28 02:12:29.725,0.79159,0.79172,3.38,2.25
2012.08.28 02:12:30.075,0.79159,0.7917,1.13,1.50
2012.08.28 02:12:31.247,0.79159,0.79171,1.13,2.25
2012.08.28 02:12:39.994,0.79159,0.79171,2.63,1.50
2012.08.28 02:12:42.214,0.79159,0.79171,1.88,2.25
2012.08.28 02:12:42.494,0.79159,0.79171,2.63,2.25
2012.08.28 02:12:43.035,0.79159,0.79171,1.88,3.00
2012.08.28 02:12:44.785,0.79159,0.79171,1.13,1.50
2012.08.28 02:12:45.064,0.7916,0.79171,1.88,1.50
2012.08.28 02:12:45.604,0.7916,0.79171,1.88,1.50
2012.08.28 02:12:45.793,0.7916,0.79174,2.63,4.50
2012.08.28 02:12:46.295,0.7916,0.79174,2.63,3.75
2012.08.28 02:12:46.685,0.79162,0.79173,1.13,1.50
2012.08.28 02:12:47.034,0.79162,0.79174,1.88,1.88
2012.08.28 02:12:47.244,0.79161,0.79174,1.50,2.25
2012.08.28 02:12:47.764,0.7916,0.79174,2.25,3.00
2012.08.28 02:12:48.187,0.7916,0.79174,2.25,2.25
2012.08.28 02:12:48.725,0.7916,0.79174,2.25,2.25
2012.08.28 02:12:48.986,0.7916,0.79174,1.50,2.25
2012.08.28 02:12:49.124,0.7916,0.79174,1.50,2.25
2012.08.28 02:12:50.702,0.7916,0.79174,1.50,2.25
2012.08.28 02:12:50.834,0.7916,0.79174,1.50,2.25
2012.08.28 02:12:51.246,0.79159,0.79172,4.13,1.50
2012.08.28 02:12:51.585,0.7916,0.79174,1.50,2.25
2012.08.28 02:12:53.453,0.79163,0.79174,1.88,1.88
2012.08.28 02:12:56.014,0.79163,0.79174,1.88,1.88
2012.08.28 02:12:59.542,0.79163,0.79174,1.88,1.88
2012.08.28 02:13:03.105,0.79163,0.79176,2.63,2.63
2012.08.28 02:13:03.644,0.79164,0.79177,1.50,4.50
2012.08.28 02:13:04.395,0.79164,0.79177,1.50,3.75
2012.08.28 02:13:05.096,0.79163,0.79175,2.63,1.13
2012.08.28 02:13:05.656,0.79162,0.79175,1.50,1.88
2012.08.28 02:13:05.905,0.79163,0.79176,1.50,2.63
2012.08.28 02:13:06.116,0.79163,0.79175,2.25,1.13
2012.08.28 02:13:06.644,0.79162,0.79176,1.50,3.98
2012.08.28 02:13:24.252,0.79162,0.79175,2.25,2.25
2012.08.28 02:13:27.405,0.79163,0.79175,1.50,3.00
2012.08.28 02:13:27.925,0.79163,0.79175,1.50,2.63
2012.08.28 02:13:33.853,0.79163,0.79175,1.50,3.00
2012.08.28 02:13:41.773,0.79164,0.79175,1.50,3.00
2012.08.28 02:13:50.285,0.79163,0.79175,1.50,3.00
2012.08.28 02:14:00.104,0.79163,0.79175,1.50,3.00
2012.08.28 02:14:00.680,0.79164,0.79175,1.50,3.00
2012.08.28 02:14:04.446,0.79164,0.79175,1.50,1.88
2012.08.28 02:14:08.661,0.79163,0.79175,1.50,1.88
2012.08.28 02:14:15.255,0.79162,0.79175,1.50,1.88
2012.08.28 02:14:18.154,0.79162,0.79175,1.50,1.88
2012.08.28 02:14:30.213,0.79162,0.79175,1.50,1.50
2012.08.28 02:14:44.967,0.79161,0.79175,3.38,1.50
2012.08.28 02:14:45.631,0.79163,0.79175,1.50,2.25
2012.08.28 02:15:00.242,0.79164,0.79175,1.50,1.50
2012.08.28 02:15:14.260,0.79163,0.79175,1.50,1.50
2012.08.28 02:15:15.314,0.79162,0.79175,2.25,1.50
2012.08.28 02:15:17.649,0.79162,0.79175,2.25,1.50
2012.08.28 02:15:17.972,0.79163,0.79177,2.25,1.35
2012.08.28 02:15:18.473,0.79164,0.79176,1.50,1.88
2012.08.28 02:15:19.425,0.79164,0.79176,1.50,1.88
2012.08.28 02:15:19.964,0.79164,0.79175,1.50,3.00
2012.08.28 02:15:23.883,0.79165,0.79175,1.50,3.00
2012.08.28 02:15:24.424,0.79165,0.79175,1.50,3.00
2012.08.28 02:15:32.325,0.79165,0.79173,1.50,1.50
2012.08.28 02:15:33.606,0.79163,0.79173,2.25,1.50
2012.08.28 02:15:34.156,0.79164,0.79172,1.50,1.50
2012.08.28 02:15:34.713,0.79164,0.79173,1.50,1.50
2012.08.28 02:15:35.254,0.79164,0.79172,1.50,1.50
2012.08.28 02:15:35.903,0.79164,0.79173,1.50,1.50
2012.08.28 02:15:36.568,0.79164,0.79172,1.50,1.50
2012.08.28 02:15:37.364,0.79164,0.79173,1.50,1.50
2012.08.28 02:15:38.514,0.79164,0.79172,1.50,1.50
2012.08.28 02:15:39.284,0.79163,0.79173,2.25,1.50
2012.08.28 02:15:43.493,0.79163,0.79172,2.25,1.50
2012.08.28 02:15:44.653,0.79163,0.79173,2.25,1.50
2012.08.28 02:15:45.222,0.79163,0.79172,2.25,1.50
2012.08.28 02:15:46.326,0.79163,0.79173,2.25,1.50
2012.08.28 02:15:47.403,0.79163,0.79172,2.25,1.50
2012.08.28 02:15:48.334,0.79163,0.79173,1.50,1.50
2012.08.28 02:15:49.014,0.79165,0.79172,1.50,1.50
2012.08.28 02:15:49.519,0.79165,0.79173,1.50,1.50
2012.08.28 02:15:50.386,0.79165,0.79172,1.50,1.50
2012.08.28 02:15:54.354,0.79161,0.79173,3.38,1.50
2012.08.28 02:15:54.496,0.79161,0.79173,2.63,1.50
2012.08.28 02:15:55.233,0.79161,0.79172,2.63,1.50
2012.08.28 02:15:55.754,0.79164,0.79172,1.50,1.50
2012.08.28 02:16:04.687,0.79164,0.79173,1.50,1.50
2012.08.28 02:16:06.894,0.79164,0.79173,1.50,1.50
2012.08.28 02:16:15.235,0.79163,0.79173,1.50,1.50
2012.08.28 02:16:18.683,0.79163,0.79173,1.50,1.50
2012.08.28 02:16:20.158,0.79163,0.79173,1.50,1.50
2012.08.28 02:16:20.709,0.79162,0.79173,2.25,1.50
2012.08.28 02:16:27.258,0.79162,0.79174,2.25,1.88
2012.08.28 02:16:27.585,0.79162,0.79172,2.25,1.50
2012.08.28 02:16:28.496,0.79162,0.79173,1.50,1.50
2012.08.28 02:16:29.015,0.79162,0.79173,1.50,1.50
2012.08.28 02:16:32.924,0.79162,0.79173,1.50,1.50
2012.08.28 02:16:35.045,0.79162,0.79173,1.50,1.50
2012.08.28 02:16:35.257,0.79161,0.79173,1.50,2.25
2012.08.28 02:16:35.807,0.79163,0.79174,1.50,1.50
2012.08.28 02:16:36.147,0.79163,0.79172,1.50,1.50
2012.08.28 02:16:36.889,0.79162,0.79172,1.50,1.50
2012.08.28 02:16:38.099,0.79163,0.79173,1.50,1.50
2012.08.28 02:16:38.444,0.79164,0.79173,1.50,1.50
2012.08.28 02:16:41.775,0.79164,0.79172,1.50,1.50
2012.08.28 02:16:42.305,0.79164,0.79172,1.50,1.50
2012.08.28 02:16:42.877,0.79165,0.79172,1.50,1.50
2012.08.28 02:16:43.236,0.79165,0.79172,1.50,1.50
2012.08.28 02:16:43.788,0.79168,0.79174,1.50,1.50
2012.08.28 02:16:43.866,0.79168,0.79178,1.50,3.75
2012.08.28 02:16:44.416,0.79167,0.79178,1.50,3.00
2012.08.28 02:16:55.463,0.79167,0.79178,1.50,3.00
2012.08.28 02:16:59.418,0.79165,0.79176,1.50,1.50
2012.08.28 02:16:59.777,0.79167,0.79178,1.50,1.88
2012.08.28 02:17:00.286,0.79168,0.79178,1.50,1.88
2012.08.28 02:17:00.954,0.79168,0.79178,1.50,1.88
2012.08.28 02:17:01.566,0.79169,0.79178,1.50,1.88
2012.08.28 02:17:01.640,0.79169,0.79178,1.50,1.88
2012.08.28 02:17:03.436,0.79169,0.79178,1.50,1.88
2012.08.28 02:17:03.995,0.7917,0.79178,1.50,3.00
2012.08.28 02:17:04.547,0.79168,0.79178,1.50,3.00
2012.08.28 02:17:05.294,0.79168,0.79178,1.50,3.00
2012.08.28 02:17:05.824,0.79168,0.79177,1.50,1.88
2012.08.28 02:17:08.871,0.79167,0.79177,1.50,1.88
2012.08.28 02:17:09.732,0.79167,0.79177,1.50,1.88
2012.08.28 02:17:10.245,0.79167,0.79177,1.50,1.88
2012.08.28 02:17:10.456,0.79168,0.79178,1.50,1.50
2012.08.28 02:17:17.153,0.79168,0.79179,1.50,1.88
2012.08.28 02:17:17.664,0.7917,0.79179,1.88,1.50
2012.08.28 02:17:17.865,0.79172,0.79181,1.50,1.50
2012.08.28 02:17:18.065,0.79172,0.79183,1.50,1.50
2012.08.28 02:17:18.754,0.79171,0.79183,1.50,2.25
2012.08.28 02:17:19.294,0.79171,0.79182,1.50,1.50
2012.08.28 02:17:29.185,0.7917,0.79182,1.50,2.25
2012.08.28 02:17:29.655,0.79171,0.79184,2.25,1.50
2012.08.28 02:17:29.996,0.79174,0.79186,1.50,2.63
2012.08.28 02:17:30.544,0.79174,0.79186,1.50,1.50
2012.08.28 02:17:31.140,0.79174,0.79187,3.00,1.50
2012.08.28 02:17:38.894,0.79174,0.79187,3.00,1.50
2012.08.28 02:17:40.756,0.79174,0.79187,2.25,2.25
2012.08.28 02:17:41.383,0.79174,0.79187,2.25,1.50
2012.08.28 02:17:45.014,0.79174,0.79187,1.50,1.50
2012.08.28 02:17:45.663,0.79174,0.79187,2.25,1.50
2012.08.28 02:17:46.717,0.79175,0.79187,2.63,1.50
2012.08.28 02:17:48.960,0.79176,0.79187,1.50,1.50
2012.08.28 02:17:54.546,0.79176,0.79186,1.50,1.50
2012.08.28 02:17:54.617,0.79175,0.79186,1.13,1.50
2012.08.28 02:17:55.134,0.79175,0.79187,1.88,1.50
2012.08.28 02:17:58.753,0.79175,0.79187,1.88,1.50
2012.08.28 02:18:01.503,0.79175,0.79187,1.88,1.50
2012.08.28 02:18:01.890,0.79175,0.79186,1.88,2.25
2012.08.28 02:18:02.417,0.79175,0.79186,1.13,2.25
2012.08.28 02:18:04.191,0.79175,0.79186,1.13,2.63
2012.08.28 02:18:04.266,0.79173,0.79185,2.25,1.50
2012.08.28 02:18:04.547,0.79174,0.79185,2.63,1.50
2012.08.28 02:18:04.618,0.79174,0.79188,2.63,3.00
2012.08.28 02:18:21.023,0.79174,0.79188,2.63,2.25
2012.08.28 02:18:21.366,0.79174,0.79186,1.88,2.25
2012.08.28 02:18:21.838,0.79171,0.79184,1.50,1.13
2012.08.28 02:18:22.948,0.79172,0.79186,2.63,4.35
2012.08.28 02:18:23.297,0.79172,0.79186,2.25,1.50
2012.08.28 02:18:28.884,0.79173,0.79186,1.88,1.50
2012.08.28 02:18:30.246,0.79173,0.79186,2.63,1.50
2012.08.28 02:18:30.774,0.79173,0.79186,1.88,2.25
2012.08.28 02:18:32.326,0.79173,0.79186,1.13,2.25
2012.08.28 02:18:32.675,0.79171,0.79182,1.50,1.50
2012.08.28 02:18:32.745,0.79169,0.79182,3.38,3.00
2012.08.28 02:18:33.378,0.79169,0.79182,3.38,1.50
2012.08.28 02:18:33.934,0.79169,0.79182,3.38,2.25
2012.08.28 02:18:38.766,0.79169,0.79182,2.63,2.25
2012.08.28 02:18:39.548,0.79169,0.79181,2.63,1.50
2012.08.28 02:18:47.573,0.79169,0.79181,2.63,1.50
2012.08.28 02:18:55.272,0.79169,0.79182,2.63,3.00
2012.08.28 02:19:11.812,0.79167,0.79181,3.00,3.00
2012.08.28 02:19:12.166,0.79167,0.79179,2.25,1.50
2012.08.28 02:19:12.697,0.79167,0.79179,1.50,1.50
2012.08.28 02:19:18.405,0.79167,0.7918,2.25,1.13
2012.08.28 02:19:19.104,0.79167,0.7918,3.00,1.13
2012.08.28 02:19:29.682,0.79167,0.79181,2.25,3.38
2012.08.28 02:19:45.263,0.79167,0.79181,3.38,4.50
2012.08.28 02:19:49.179,0.79167,0.79181,3.38,4.13
2012.08.28 02:19:55.015,0.79168,0.79181,2.25,3.38
2012.08.28 02:19:55.556,0.7917,0.79183,1.50,3.00
2012.08.28 02:19:56.074,0.79169,0.79183,1.13,3.75
2012.08.28 02:19:56.655,0.79169,0.79183,2.63,3.00
2012.08.28 02:19:59.214,0.79169,0.79183,1.88,3.75
2012.08.28 02:20:05.185,0.79169,0.7918,1.88,1.50
2012.08.28 02:20:05.735,0.79169,0.7918,2.63,1.50
2012.08.28 02:20:05.876,0.79169,0.79182,4.13,1.50
2012.08.28 02:20:27.594,0.79169,0.79182,3.38,2.25
2012.08.28 02:20:38.726,0.79168,0.79181,2.63,3.00
2012.08.28 02:20:39.066,0.79168,0.79179,1.13,1.50
2012.08.28 02:20:39.614,0.79166,0.7918,4.88,1.50
2012.08.28 02:20:40.175,0.79166,0.7918,3.38,3.00
2012.08.28 02:20:46.435,0.79166,0.7918,3.38,3.00
2012.08.28 02:20:46.974,0.79165,0.79179,3.00,1.88
2012.08.28 02:20:47.536,0.79165,0.79179,3.00,1.88
2012.08.28 02:20:48.221,0.79163,0.79175,1.50,3.00
2012.08.28 02:20:48.768,0.79163,0.79175,1.50,3.00
2012.08.28 02:20:49.305,0.79162,0.79175,2.25,3.00
2012.08.28 02:20:53.108,0.79162,0.79175,1.50,3.00
2012.08.28 02:20:54.054,0.79162,0.79175,2.25,3.00
2012.08.28 02:20:57.096,0.79162,0.79175,3.75,3.00
2012.08.28 02:20:57.456,0.79162,0.79173,2.25,1.50
2012.08.28 02:21:09.813,0.79163,0.79173,1.50,1.50
2012.08.28 02:21:10.016,0.79163,0.79175,1.50,2.25
2012.08.28 02:21:10.538,0.79163,0.79174,1.50,1.50
2012.08.28 02:21:11.044,0.79163,0.79175,1.50,2.25
2012.08.28 02:21:11.604,0.79163,0.79174,1.50,1.50
2012.08.28 02:21:12.134,0.79163,0.79175,1.50,2.25
2012.08.28 02:21:14.156,0.79163,0.79174,1.50,1.50
2012.08.28 02:21:15.034,0.79163,0.79175,1.50,2.25
2012.08.28 02:21:15.546,0.79163,0.79174,1.50,1.50
2012.08.28 02:21:16.355,0.79163,0.79175,1.50,2.25
2012.08.28 02:21:16.876,0.79163,0.79174,1.50,1.50
2012.08.28 02:21:17.444,0.79163,0.79175,1.50,2.25
2012.08.28 02:21:17.953,0.79163,0.79174,1.50,1.50
2012.08.28 02:21:18.635,0.79163,0.79175,1.50,2.25
2012.08.28 02:21:19.155,0.79163,0.79174,1.50,1.50
2012.08.28 02:21:19.686,0.79164,0.79174,3.38,1.50
2012.08.28 02:21:19.969,0.79166,0.79177,1.88,1.50
2012.08.28 02:21:24.256,0.79166,0.79178,2.63,3.00
2012.08.28 02:21:24.540,0.79167,0.79178,1.50,1.50
2012.08.28 02:21:25.024,0.79166,0.79178,3.38,1.50
2012.08.28 02:21:29.034,0.79167,0.79178,1.50,1.50
2012.08.28 02:21:35.325,0.79167,0.79178,1.50,1.50
2012.08.28 02:21:35.942,0.79165,0.79178,1.50,2.25
2012.08.28 02:21:37.486,0.79165,0.79176,2.25,1.50
2012.08.28 02:21:38.035,0.79164,0.79176,3.38,2.25
2012.08.28 02:21:41.088,0.79163,0.79176,1.50,1.50
2012.08.28 02:21:41.448,0.79162,0.79175,2.63,2.25
2012.08.28 02:21:42.099,0.79162,0.79175,2.25,3.38
2012.08.28 02:21:42.636,0.79163,0.79175,1.50,4.13
2012.08.28 02:21:46.813,0.7916,0.79173,1.50,1.13
2012.08.28 02:21:47.076,0.7916,0.79173,1.50,3.38
2012.08.28 02:21:54.304,0.7916,0.79173,1.50,3.38
2012.08.28 02:21:54.960,0.7916,0.79172,1.50,2.25
2012.08.28 02:21:58.976,0.7916,0.79173,1.50,3.38
2012.08.28 02:22:06.487,0.79159,0.79172,3.38,2.25
2012.08.28 02:22:19.123,0.79159,0.79172,3.38,2.63
2012.08.28 02:22:19.627,0.7916,0.79172,1.50,2.63
2012.08.28 02:22:20.217,0.7916,0.79172,1.50,1.50
2012.08.28 02:22:34.095,0.79161,0.79172,1.50,1.50
2012.08.28 02:22:40.657,0.79161,0.79172,2.63,1.50
2012.08.28 02:22:41.255,0.79161,0.79173,2.63,1.50
2012.08.28 02:22:41.765,0.79161,0.79172,2.63,1.50
2012.08.28 02:22:42.325,0.79161,0.79173,2.63,1.50
2012.08.28 02:22:42.857,0.79161,0.79172,2.63,1.50
2012.08.28 02:22:43.455,0.79161,0.79173,2.63,1.50
2012.08.28 02:22:44.334,0.79161,0.79172,2.63,1.50
2012.08.28 02:22:45.123,0.79161,0.79173,2.63,1.50
2012.08.28 02:22:45.673,0.79161,0.79172,2.63,1.50
2012.08.28 02:22:46.165,0.79161,0.79172,2.63,1.50
2012.08.28 02:22:46.945,0.79161,0.79173,2.63,1.50
2012.08.28 02:22:47.764,0.79161,0.79172,2.63,1.50
2012.08.28 02:22:48.515,0.79161,0.79172,2.63,1.50
2012.08.28 02:22:48.988,0.79163,0.79173,1.13,1.50
2012.08.28 02:23:08.445,0.79161,0.79173,3.38,1.50
2012.08.28 02:23:08.954,0.79162,0.79174,1.50,1.50
2012.08.28 02:23:42.195,0.79162,0.79174,1.50,1.50
2012.08.28 02:23:43.946,0.79162,0.79175,2.63,2.25
2012.08.28 02:23:44.494,0.79162,0.79174,2.63,1.50
2012.08.28 02:23:45.166,0.79162,0.79174,1.88,1.50
2012.08.28 02:23:45.498,0.79162,0.79173,1.13,2.63
2012.08.28 02:23:45.567,0.7916,0.79173,1.50,2.63
2012.08.28 02:23:46.118,0.79159,0.79173,1.50,1.88
2012.08.28 02:23:47.438,0.79159,0.79173,1.50,1.88
2012.08.28 02:23:47.636,0.79159,0.79173,1.50,2.63
2012.08.28 02:23:47.987,0.79158,0.79173,3.38,2.63
2012.08.28 02:23:48.127,0.79159,0.79173,1.50,1.88
2012.08.28 02:23:50.564,0.79158,0.79173,3.38,2.63
2012.08.28 02:23:51.127,0.79159,0.79173,1.50,2.63
2012.08.28 02:23:52.754,0.79158,0.79173,2.63,2.63
2012.08.28 02:23:53.604,0.79158,0.79173,3.38,2.63
2012.08.28 02:23:54.625,0.7916,0.79173,1.50,1.88
2012.08.28 02:23:54.975,0.79159,0.79172,2.25,2.25
2012.08.28 02:23:55.647,0.7916,0.79173,1.50,1.88
2012.08.28 02:23:56.168,0.79159,0.79172,1.50,2.25
2012.08.28 02:23:56.247,0.7916,0.79172,1.50,1.50
2012.08.28 02:23:56.315,0.79159,0.79173,2.25,2.63
2012.08.28 02:23:56.654,0.7916,0.79172,1.50,1.50
2012.08.28 02:23:57.515,0.7916,0.79173,1.50,1.88
2012.08.28 02:23:58.036,0.79159,0.79173,2.25,2.63
2012.08.28 02:23:58.554,0.79159,0.79173,1.50,2.63
2012.08.28 02:23:58.684,0.7916,0.79173,1.50,1.88
2012.08.28 02:23:59.234,0.79159,0.79172,1.50,2.25
2012.08.28 02:24:02.826,0.79159,0.79172,2.25,2.25
2012.08.28 02:24:03.364,0.79161,0.79172,1.50,1.88
2012.08.28 02:24:05.679,0.79159,0.79172,1.50,2.25
2012.08.28 02:24:06.195,0.79159,0.79172,1.50,2.25
2012.08.28 02:24:07.245,0.79159,0.79172,1.50,2.25
2012.08.28 02:24:07.684,0.79159,0.79172,1.50,2.25
2012.08.28 02:24:09.466,0.79159,0.79172,1.50,3.75
2012.08.28 02:24:10.014,0.7916,0.79172,1.50,3.00
2012.08.28 02:24:10.578,0.79159,0.79172,1.50,3.00
2012.08.28 02:24:13.523,0.79158,0.79172,3.38,3.75
2012.08.28 02:24:13.663,0.79158,0.79172,3.38,3.00
2012.08.28 02:24:14.330,0.79159,0.79171,1.50,1.50
2012.08.28 02:24:14.599,0.7916,0.79171,1.50,1.50
2012.08.28 02:24:15.186,0.7916,0.79171,1.50,1.50
2012.08.28 02:24:15.744,0.7916,0.79171,1.50,1.50
2012.08.28 02:24:16.625,0.79161,0.79171,1.50,1.50
2012.08.28 02:24:17.177,0.7916,0.79171,1.50,1.50
2012.08.28 02:24:17.994,0.79159,0.79171,1.50,1.50
2012.08.28 02:24:18.509,0.79161,0.79171,1.50,1.50
2012.08.28 02:24:22.100,0.7916,0.79171,1.50,1.50
2012.08.28 02:24:31.392,0.7916,0.79171,1.50,1.50
2012.08.28 02:24:31.904,0.79161,0.79171,1.50,1.50
2012.08.28 02:24:32.625,0.79159,0.79171,1.50,2.63
2012.08.28 02:24:32.765,0.79159,0.79171,1.50,1.50
2012.08.28 02:24:33.120,0.79161,0.79174,1.50,3.75
2012.08.28 02:24:33.748,0.79161,0.79173,1.50,2.25
2012.08.28 02:24:36.474,0.7916,0.79173,1.50,2.63
2012.08.28 02:24:37.130,0.79159,0.79173,1.50,2.63
2012.08.28 02:24:37.666,0.79161,0.79173,1.50,1.88
2012.08.28 02:24:38.285,0.7916,0.79173,1.50,2.63
2012.08.28 02:24:38.815,0.79159,0.79173,1.50,2.63
2012.08.28 02:24:39.634,0.79161,0.79173,1.50,1.88
2012.08.28 02:24:40.164,0.79161,0.79173,1.50,1.88
2012.08.28 02:24:40.734,0.79161,0.79173,1.50,1.88
2012.08.28 02:24:42.415,0.7916,0.79173,1.50,2.63
2012.08.28 02:24:42.973,0.79161,0.79173,1.50,1.88
2012.08.28 02:24:43.540,0.7916,0.79173,1.50,2.63
2012.08.28 02:24:44.211,0.79161,0.79173,1.50,1.88
2012.08.28 02:24:45.469,0.7916,0.79173,2.25,2.63
2012.08.28 02:24:46.017,0.79162,0.79174,1.50,2.25
2012.08.28 02:24:46.544,0.79162,0.79174,1.50,2.25
2012.08.28 02:24:48.725,0.79162,0.79174,1.50,2.25
2012.08.28 02:24:52.635,0.79162,0.79174,1.50,2.25
2012.08.28 02:24:53.794,0.79162,0.79174,1.50,2.25
2012.08.28 02:24:55.656,0.79161,0.79174,1.50,2.25
2012.08.28 02:24:56.165,0.7916,0.79174,2.25,2.25
2012.08.28 02:24:58.094,0.79162,0.79174,1.50,2.25
2012.08.28 02:24:59.097,0.79161,0.79174,1.50,2.25
2012.08.28 02:25:00.386,0.79159,0.79173,2.63,3.00
2012.08.28 02:25:00.517,0.79159,0.79173,1.88,3.38
2012.08.28 02:25:01.596,0.79158,0.79172,5.63,1.88
2012.08.28 02:25:01.916,0.79158,0.79171,5.63,1.13
2012.08.28 02:25:01.986,0.79158,0.7917,2.25,1.88
2012.08.28 02:25:04.276,0.79158,0.79171,2.25,3.75
2012.08.28 02:25:07.127,0.79158,0.79171,1.50,3.38
2012.08.28 02:25:09.098,0.79158,0.79171,1.50,1.88
2012.08.28 02:25:09.604,0.79158,0.79172,1.50,4.13
2012.08.28 02:25:14.968,0.79158,0.79172,1.50,4.13
2012.08.28 02:25:15.047,0.79158,0.79172,1.50,3.38
2012.08.28 02:25:15.235,0.79158,0.79172,2.25,2.63
2012.08.28 02:25:16.145,0.79158,0.79172,3.38,2.63
2012.08.28 02:25:16.216,0.79158,0.79172,2.63,2.63
2012.08.28 02:25:16.345,0.79158,0.79172,2.63,2.63
2012.08.28 02:25:16.707,0.7916,0.79172,1.50,2.63
2012.08.28 02:25:20.896,0.7916,0.79173,3.00,1.50
2012.08.28 02:25:22.507,0.7916,0.79173,3.00,1.50
2012.08.28 02:25:23.076,0.7916,0.79173,1.50,3.00
2012.08.28 02:25:30.835,0.79159,0.79173,2.63,3.00
2012.08.28 02:25:31.208,0.79159,0.79173,2.63,3.00
2012.08.28 02:25:32.008,0.79159,0.79173,2.63,2.25
2012.08.28 02:25:32.315,0.79159,0.79173,1.88,3.00
2012.08.28 02:25:32.836,0.79159,0.79173,2.63,2.25
2012.08.28 02:25:33.472,0.79159,0.79173,2.63,2.25
2012.08.28 02:25:37.824,0.79159,0.79173,2.63,2.25
2012.08.28 02:25:40.334,0.79159,0.79173,2.63,3.00
2012.08.28 02:25:46.607,0.79158,0.79173,5.63,3.00
2012.08.28 02:25:46.856,0.79158,0.79173,7.13,3.00
2012.08.28 02:25:47.188,0.79159,0.79172,3.00,2.25
2012.08.28 02:25:51.063,0.79159,0.79174,2.25,4.88
2012.08.28 02:25:52.374,0.79159,0.79173,1.50,3.00
2012.08.28 02:25:52.896,0.79158,0.79173,4.88,3.75
2012.08.28 02:25:53.457,0.79159,0.79173,1.50,3.00
2012.08.28 02:25:53.598,0.79159,0.79173,1.50,3.00
2012.08.28 02:25:53.747,0.79158,0.79172,3.75,2.63
2012.08.28 02:25:53.898,0.79158,0.79171,4.50,1.50
2012.08.28 02:25:54.500,0.79159,0.79172,1.50,2.25
2012.08.28 02:26:00.155,0.7916,0.79172,1.50,2.25
2012.08.28 02:26:00.715,0.7916,0.79173,2.25,3.38
2012.08.28 02:26:01.224,0.79159,0.79172,3.75,2.25
2012.08.28 02:26:01.485,0.79159,0.79172,3.75,2.25
2012.08.28 02:26:03.515,0.79159,0.79173,3.75,2.63
2012.08.28 02:26:07.745,0.79159,0.79173,1.50,3.38
2012.08.28 02:26:10.766,0.79159,0.79173,1.50,4.13
2012.08.28 02:26:14.076,0.79158,0.79173,3.75,4.13
2012.08.28 02:26:14.205,0.79158,0.79173,3.75,4.13
2012.08.28 02:26:14.515,0.79158,0.79172,3.75,1.13
2012.08.28 02:26:15.029,0.79158,0.79172,3.75,1.88
2012.08.28 02:26:19.974,0.7916,0.7917,1.50,1.50
2012.08.28 02:26:20.116,0.79158,0.7917,4.50,1.50
2012.08.28 02:26:20.188,0.7916,0.79171,1.50,1.88
2012.08.28 02:26:20.395,0.7916,0.79173,2.25,3.60
2012.08.28 02:26:20.706,0.79161,0.79173,2.63,1.73
2012.08.28 02:26:21.246,0.79163,0.79174,1.50,1.13
2012.08.28 02:26:23.107,0.79162,0.79174,1.50,1.88
2012.08.28 02:26:27.216,0.79162,0.79172,1.50,1.50
2012.08.28 02:26:27.755,0.79162,0.79173,1.50,2.63
2012.08.28 02:26:28.918,0.79162,0.79173,1.50,2.63
2012.08.28 02:26:30.486,0.79162,0.79173,1.50,1.13
2012.08.28 02:26:31.705,0.79161,0.79173,1.50,1.88
2012.08.28 02:26:33.207,0.79161,0.79173,1.50,1.13
2012.08.28 02:26:33.738,0.7916,0.79174,2.25,3.38
2012.08.28 02:26:34.231,0.79158,0.79173,4.88,2.63
2012.08.28 02:26:34.786,0.79158,0.79171,3.00,1.88
2012.08.28 02:26:35.046,0.79158,0.79171,3.00,1.88
2012.08.28 02:26:35.259,0.79158,0.79171,3.00,1.88
2012.08.28 02:26:36.024,0.79158,0.79171,3.00,1.88
2012.08.28 02:26:36.568,0.79158,0.79171,3.00,1.88
2012.08.28 02:26:37.177,0.79159,0.79171,1.50,1.88
2012.08.28 02:26:37.436,0.7916,0.79171,1.50,1.13
2012.08.28 02:26:37.776,0.79161,0.79171,1.50,1.13
2012.08.28 02:26:38.707,0.79161,0.79171,1.50,1.13
2012.08.28 02:26:39.215,0.79161,0.79171,1.50,1.13
2012.08.28 02:26:42.074,0.79161,0.79173,1.50,2.25
2012.08.28 02:26:42.218,0.79162,0.79175,3.38,1.88
2012.08.28 02:26:42.569,0.79162,0.79172,2.25,1.88
2012.08.28 02:26:43.078,0.7916,0.79172,1.50,2.63
2012.08.28 02:26:43.619,0.7916,0.79173,4.13,1.50
2012.08.28 02:26:44.176,0.79162,0.79173,1.50,1.50
2012.08.28 02:26:45.519,0.79162,0.79173,2.25,1.50
2012.08.28 02:26:47.608,0.79162,0.79173,1.50,1.50
2012.08.28 02:26:49.257,0.79162,0.79173,1.50,2.25
2012.08.28 02:26:49.768,0.79162,0.79173,1.50,1.50
2012.08.28 02:26:50.885,0.79162,0.79173,1.50,1.50
2012.08.28 02:26:54.958,0.79162,0.79173,1.50,2.25
2012.08.28 02:26:56.518,0.7916,0.79173,4.88,1.50
2012.08.28 02:26:58.906,0.7916,0.79173,4.88,1.50
2012.08.28 02:27:08.683,0.7916,0.79173,4.88,1.50
2012.08.28 02:27:10.757,0.7916,0.79172,2.63,1.50
2012.08.28 02:27:11.296,0.7916,0.79172,2.63,2.25
2012.08.28 02:27:15.302,0.79159,0.79172,3.00,3.38
2012.08.28 02:27:15.516,0.79159,0.79172,3.00,3.38
2012.08.28 02:27:15.716,0.79159,0.79171,2.25,1.13
2012.08.28 02:27:15.927,0.79159,0.79171,2.25,1.13
2012.08.28 02:27:16.489,0.79159,0.79172,2.25,4.13
2012.08.28 02:27:17.028,0.79159,0.79172,3.75,2.25
2012.08.28 02:27:17.546,0.79159,0.79173,3.75,1.50
2012.08.28 02:27:18.907,0.79159,0.79173,3.75,1.50
2012.08.28 02:27:23.948,0.7916,0.79174,1.50,3.38
2012.08.28 02:27:24.716,0.79159,0.79173,1.50,2.25
2012.08.28 02:27:26.968,0.79161,0.79174,1.50,1.50
2012.08.28 02:27:27.166,0.7916,0.79174,2.63,2.25
2012.08.28 02:27:27.687,0.7916,0.79174,2.63,2.25
2012.08.28 02:27:28.215,0.79161,0.79173,1.50,1.50
2012.08.28 02:27:33.936,0.7916,0.79173,4.13,2.25
2012.08.28 02:27:34.006,0.7916,0.79173,4.13,2.25
2012.08.28 02:27:34.527,0.79161,0.79173,1.50,1.50
2012.08.28 02:27:36.736,0.7916,0.79173,4.13,1.50
2012.08.28 02:27:37.260,0.7916,0.79173,4.13,1.50
2012.08.28 02:27:46.218,0.79161,0.79173,2.63,2.25
2012.08.28 02:27:46.345,0.79161,0.79173,2.63,2.25
2012.08.28 02:27:48.302,0.79165,0.79176,1.88,2.25
2012.08.28 02:27:48.451,0.79168,0.79176,1.50,1.50
2012.08.28 02:27:48.533,0.79167,0.79177,1.50,1.50
2012.08.28 02:27:48.611,0.79167,0.79179,1.50,2.25
2012.08.28 02:27:48.989,0.79165,0.79179,2.63,2.63
2012.08.28 02:27:49.350,0.79164,0.79178,3.38,2.25
2012.08.28 02:27:49.428,0.79164,0.79178,1.88,3.00
2012.08.28 02:27:49.508,0.79163,0.79176,3.00,1.88
2012.08.28 02:27:50.046,0.79162,0.79175,2.25,2.63
2012.08.28 02:27:51.156,0.79162,0.79175,2.25,2.63
2012.08.28 02:27:51.675,0.79162,0.79175,2.25,2.25
2012.08.28 02:27:52.059,0.79165,0.79175,1.50,1.50
2012.08.28 02:27:52.606,0.79165,0.79176,1.50,1.50
2012.08.28 02:27:53.115,0.79165,0.79176,1.50,1.50
2012.08.28 02:27:53.853,0.79165,0.79176,2.63,1.50
2012.08.28 02:27:54.073,0.79167,0.79179,1.50,1.88
2012.08.28 02:27:54.150,0.79167,0.79179,1.50,1.50
2012.08.28 02:28:00.824,0.79168,0.79177,1.50,1.50
2012.08.28 02:28:11.955,0.79167,0.79177,1.50,1.50
2012.08.28 02:28:14.367,0.79165,0.79175,1.50,1.50
2012.08.28 02:28:14.508,0.79165,0.79175,1.50,1.50
2012.08.28 02:28:15.069,0.79163,0.79175,2.25,2.63
2012.08.28 02:28:15.688,0.79166,0.79176,1.50,1.50
2012.08.28 02:28:15.829,0.79166,0.79176,1.50,1.50
2012.08.28 02:28:19.426,0.79167,0.79178,1.50,3.00
2012.08.28 02:28:19.566,0.79167,0.79178,2.63,1.50
2012.08.28 02:28:21.987,0.79167,0.79178,3.38,1.50
2012.08.28 02:28:22.850,0.79167,0.79178,3.38,1.50
2012.08.28 02:28:24.657,0.79167,0.79178,1.50,1.50
2012.08.28 02:28:24.788,0.79166,0.79175,1.50,1.50
2012.08.28 02:28:25.337,0.79166,0.79175,1.50,1.50
2012.08.28 02:28:27.797,0.79165,0.79174,2.63,1.50
2012.08.28 02:28:27.939,0.79165,0.79174,1.50,1.50
2012.08.28 02:28:28.088,0.79163,0.79175,2.63,1.50
2012.08.28 02:28:28.511,0.79163,0.79172,1.88,1.50
2012.08.28 02:28:28.729,0.79158,0.79172,2.63,1.88
2012.08.28 02:28:28.928,0.79161,0.79172,1.50,1.50
2012.08.28 02:28:29.140,0.79158,0.79173,2.63,3.38
2012.08.28 02:28:29.690,0.7916,0.79171,1.50,1.50
2012.08.28 02:28:30.216,0.7916,0.79171,1.50,1.88
2012.08.28 02:28:32.619,0.79162,0.79171,1.88,2.25
2012.08.28 02:28:32.826,0.79162,0.79174,2.63,2.25
2012.08.28 02:28:32.895,0.79162,0.79172,2.63,1.50
2012.08.28 02:28:33.226,0.79164,0.79173,1.50,1.50
2012.08.28 02:28:33.760,0.79164,0.79173,1.50,1.50
2012.08.28 02:28:35.757,0.79164,0.79176,1.50,2.63
2012.08.28 02:28:36.689,0.79165,0.79177,2.63,1.50
2012.08.28 02:28:37.361,0.79165,0.79177,2.63,1.50
2012.08.28 02:28:46.454,0.79164,0.79176,2.63,1.50
2012.08.28 02:29:03.116,0.79166,0.79176,1.50,1.50
2012.08.28 02:29:06.206,0.79165,0.79176,1.50,1.50
2012.08.28 02:29:08.965,0.79165,0.79176,1.50,1.50
2012.08.28 02:29:09.481,0.79165,0.79176,1.50,1.50
2012.08.28 02:29:13.138,0.79165,0.79176,1.50,1.50
2012.08.28 02:29:14.376,0.79167,0.79176,1.50,1.50
2012.08.28 02:29:17.397,0.79164,0.79175,1.50,1.88
2012.08.28 02:29:17.668,0.79163,0.79175,1.50,4.50
2012.08.28 02:29:17.738,0.79163,0.79172,1.50,1.50
2012.08.28 02:29:18.249,0.79164,0.79172,1.50,1.50
2012.08.28 02:29:18.449,0.79164,0.79174,1.50,1.88
2012.08.28 02:29:18.787,0.79164,0.79172,1.50,1.50
2012.08.28 02:29:35.766,0.79162,0.79173,1.50,1.50
2012.08.28 02:29:38.181,0.79162,0.79173,1.50,1.50
2012.08.28 02:29:38.750,0.79162,0.79172,1.50,1.50
2012.08.28 02:29:39.976,0.79163,0.79174,1.50,2.63
2012.08.28 02:29:41.127,0.79163,0.79172,1.50,1.50
2012.08.28 02:29:41.257,0.79163,0.79174,1.50,1.88
2012.08.28 02:29:41.781,0.79165,0.79174,1.50,1.88
2012.08.28 02:29:42.037,0.79162,0.79173,1.50,1.50
2012.08.28 02:29:42.408,0.79159,0.79171,1.50,1.88
2012.08.28 02:29:42.479,0.79159,0.79171,1.50,1.88
2012.08.28 02:29:43.027,0.7916,0.79172,1.50,1.50
2012.08.28 02:30:02.145,0.79159,0.79172,2.25,2.63
2012.08.28 02:30:02.801,0.79158,0.79171,1.50,1.50
2012.08.28 02:30:05.651,0.79158,0.79171,1.50,2.25
2012.08.28 02:30:09.720,0.79158,0.79171,1.50,2.25
2012.08.28 02:30:09.998,0.79159,0.79172,1.50,1.50
2012.08.28 02:30:11.817,0.79161,0.79173,1.50,5.25
2012.08.28 02:30:12.362,0.79162,0.79173,1.50,2.63
2012.08.28 02:30:17.020,0.79162,0.79174,1.50,1.50
2012.08.28 02:30:28.995,0.79162,0.79174,1.50,1.50
2012.08.28 02:30:31.908,0.79162,0.79176,1.50,3.75
2012.08.28 02:30:31.979,0.79163,0.79176,1.50,3.00
2012.08.28 02:30:42.675,0.79164,0.79176,2.25,1.88
2012.08.28 02:30:45.300,0.79165,0.79176,1.50,1.50
2012.08.28 02:30:45.520,0.79163,0.79175,1.50,3.38
2012.08.28 02:30:46.057,0.79163,0.79174,1.50,2.63
2012.08.28 02:30:49.608,0.79163,0.79173,1.50,1.13
2012.08.28 02:30:49.806,0.79163,0.79175,1.50,2.25
2012.08.28 02:30:51.508,0.79163,0.79175,1.50,2.25
2012.08.28 02:30:52.037,0.79161,0.79175,3.00,2.25
2012.08.28 02:30:52.786,0.79161,0.79173,1.50,1.50
2012.08.28 02:30:58.525,0.79161,0.79174,1.50,1.13
2012.08.28 02:31:07.695,0.79161,0.79173,1.50,1.13
2012.08.28 02:31:19.807,0.7916,0.79173,1.50,1.50
2012.08.28 02:31:45.288,0.79161,0.79173,1.50,1.13
2012.08.28 02:31:47.781,0.79161,0.79175,1.50,3.00
2012.08.28 02:31:48.360,0.79162,0.79175,3.00,1.50
2012.08.28 02:31:48.886,0.79162,0.79175,3.00,1.50
2012.08.28 02:31:53.478,0.79162,0.79175,3.00,1.88
2012.08.28 02:31:54.089,0.79162,0.79175,3.00,1.88
2012.08.28 02:32:08.005,0.79162,0.79174,1.50,1.50
2012.08.28 02:32:11.178,0.79165,0.79177,1.50,4.88
2012.08.28 02:32:11.317,0.79165,0.79177,1.50,3.38
2012.08.28 02:32:11.876,0.79165,0.79176,1.50,1.50
2012.08.28 02:32:12.617,0.79165,0.79177,1.50,2.63
2012.08.28 02:32:19.837,0.79166,0.79178,1.50,1.50
2012.08.28 02:32:19.907,0.79166,0.79178,1.50,1.50
2012.08.28 02:32:20.438,0.79168,0.79178,1.50,1.50
2012.08.28 02:32:21.356,0.79167,0.79177,1.50,1.50
2012.08.28 02:32:24.990,0.79167,0.79177,1.50,1.50
2012.08.28 02:32:26.587,0.79166,0.79175,1.50,1.50
2012.08.28 02:32:27.107,0.79165,0.79175,1.50,1.50
2012.08.28 02:32:29.409,0.79163,0.79175,1.88,1.50
2012.08.28 02:32:29.481,0.79163,0.79175,2.63,1.50
2012.08.28 02:32:30.038,0.79165,0.79175,1.50,1.50
2012.08.28 02:32:30.546,0.79165,0.79176,1.50,1.50
2012.08.28 02:32:53.949,0.79165,0.79176,1.50,1.50
2012.08.28 02:32:59.888,0.79165,0.79176,1.50,1.50
2012.08.28 02:33:01.216,0.79166,0.79176,1.50,1.50
2012.08.28 02:33:01.746,0.79164,0.79176,1.50,2.25
2012.08.28 02:33:03.980,0.79165,0.79175,1.50,1.88
2012.08.28 02:33:04.177,0.79165,0.79178,1.50,3.53
2012.08.28 02:33:04.699,0.79164,0.79176,2.63,2.25
2012.08.28 02:33:08.310,0.79165,0.79176,1.50,1.50
2012.08.28 02:33:08.520,0.79167,0.79176,1.50,1.50
2012.08.28 02:33:08.731,0.79169,0.79179,1.50,1.88
2012.08.28 02:33:10.558,0.79169,0.79178,1.50,1.50
2012.08.28 02:33:11.118,0.79169,0.79179,1.50,1.50
2012.08.28 02:33:12.749,0.7917,0.79178,1.50,1.50
2012.08.28 02:33:13.939,0.7917,0.79177,1.50,1.50
2012.08.28 02:33:14.946,0.7917,0.79179,1.50,1.50
2012.08.28 02:33:17.185,0.7917,0.79178,1.50,1.50
2012.08.28 02:33:19.117,0.79169,0.79178,1.50,1.50
2012.08.28 02:33:20.766,0.79168,0.79178,1.50,1.50
2012.08.28 02:33:21.397,0.79166,0.79178,2.63,1.50
2012.08.28 02:33:21.715,0.79168,0.79178,1.50,1.50
2012.08.28 02:33:28.558,0.79167,0.79178,1.50,1.50
2012.08.28 02:33:29.007,0.79166,0.79178,1.50,1.50
2012.08.28 02:33:30.256,0.79166,0.79178,1.50,1.50
2012.08.28 02:33:30.979,0.79167,0.79178,1.50,1.50
2012.08.28 02:33:35.745,0.79169,0.79178,1.50,1.50
2012.08.28 02:33:36.296,0.79167,0.79178,1.50,1.50
2012.08.28 02:33:36.996,0.79167,0.79177,1.50,1.50
2012.08.28 02:33:41.292,0.79166,0.79177,1.50,1.50
2012.08.28 02:33:41.576,0.79165,0.79176,2.63,1.50
2012.08.28 02:33:42.116,0.79166,0.79177,1.50,1.50
2012.08.28 02:33:47.695,0.79164,0.79177,2.25,1.50
2012.08.28 02:33:48.206,0.79164,0.79176,1.50,1.50
2012.08.28 02:33:48.783,0.79164,0.79177,1.50,1.50
2012.08.28 02:33:51.395,0.79164,0.79177,1.50,1.50
2012.08.28 02:33:51.645,0.79164,0.79177,1.50,1.50
2012.08.28 02:33:53.117,0.79165,0.79177,1.50,1.50
2012.08.28 02:33:53.635,0.79167,0.79178,1.50,1.50
2012.08.28 02:33:54.186,0.79166,0.79177,1.50,1.50
2012.08.28 02:33:57.426,0.79164,0.79177,3.75,1.50
2012.08.28 02:33:58.556,0.79165,0.79177,1.50,1.50
2012.08.28 02:33:59.387,0.79166,0.79177,1.50,1.50
2012.08.28 02:34:00.377,0.79166,0.79177,1.50,1.50
2012.08.28 02:34:04.786,0.79165,0.79177,1.50,1.50
2012.08.28 02:34:05.346,0.79164,0.79177,4.13,2.25
2012.08.28 02:34:05.619,0.79163,0.79174,1.50,1.50
2012.08.28 02:34:06.100,0.79161,0.79173,2.25,2.25
2012.08.28 02:34:08.299,0.79161,0.79173,1.50,2.25
2012.08.28 02:34:08.806,0.79159,0.79173,3.38,2.25
2012.08.28 02:34:09.626,0.79159,0.7917,2.63,1.13
2012.08.28 02:34:09.977,0.79159,0.79173,2.63,3.38
2012.08.28 02:34:10.499,0.79159,0.79172,1.88,1.50
2012.08.28 02:34:16.905,0.79159,0.79172,1.13,1.50
2012.08.28 02:34:18.118,0.79158,0.79172,2.25,2.63
2012.08.28 02:34:18.245,0.79158,0.79172,1.50,3.75
2012.08.28 02:34:19.666,0.79159,0.79171,1.13,2.25
2012.08.28 02:34:20.346,0.79158,0.7917,3.00,1.13
2012.08.28 02:34:21.621,0.79158,0.79168,1.50,1.13
2012.08.28 02:34:21.771,0.79156,0.79168,1.50,1.13
2012.08.28 02:34:22.058,0.79156,0.79171,3.75,3.00
2012.08.28 02:34:22.727,0.79156,0.7917,2.25,1.50
2012.08.28 02:34:23.377,0.79156,0.79171,3.75,3.00
2012.08.28 02:34:23.657,0.79157,0.79171,2.25,2.25
2012.08.28 02:34:23.730,0.79157,0.79171,2.25,3.00
2012.08.28 02:34:25.146,0.79157,0.79171,2.25,3.00
2012.08.28 02:34:25.677,0.79157,0.79171,2.25,2.25
2012.08.28 02:34:27.539,0.79157,0.79169,1.50,1.50
2012.08.28 02:34:28.081,0.79157,0.7917,3.00,2.25
2012.08.28 02:34:28.740,0.79157,0.79169,1.50,1.50
2012.08.28 02:34:28.880,0.79157,0.79169,1.50,1.50
2012.08.28 02:34:30.411,0.79158,0.7917,1.88,1.50
2012.08.28 02:34:30.968,0.79157,0.79169,1.50,1.50
2012.08.28 02:34:31.476,0.79157,0.79171,1.50,3.38
2012.08.28 02:34:35.208,0.79158,0.79171,1.50,2.25
2012.08.28 02:34:35.349,0.79158,0.79171,1.50,1.50
2012.08.28 02:34:39.347,0.7916,0.79172,1.50,2.25
2012.08.28 02:34:39.686,0.7916,0.79172,1.50,1.50
2012.08.28 02:34:42.209,0.79161,0.79173,1.50,2.25
2012.08.28 02:34:42.628,0.7916,0.79173,1.88,2.25
2012.08.28 02:34:43.097,0.7916,0.79173,1.13,2.25
2012.08.28 02:34:43.357,0.7916,0.79173,1.13,2.25
2012.08.28 02:34:51.769,0.7916,0.79174,1.88,2.25
2012.08.28 02:34:52.305,0.79161,0.79174,1.50,1.50
2012.08.28 02:34:54.817,0.79161,0.79174,1.50,2.25
2012.08.28 02:34:56.008,0.7916,0.79173,3.38,1.50
2012.08.28 02:34:56.557,0.7916,0.79173,2.63,2.25
2012.08.28 02:34:56.687,0.7916,0.79173,1.88,3.00
2012.08.28 02:34:57.231,0.7916,0.79172,1.13,1.50
2012.08.28 02:34:57.627,0.7916,0.79172,1.13,1.50
2012.08.28 02:35:02.538,0.7916,0.79174,1.88,4.13
2012.08.28 02:35:02.947,0.7916,0.79174,2.63,4.13
2012.08.28 02:35:08.476,0.7916,0.79173,4.13,2.25
2012.08.28 02:35:10.877,0.7916,0.79173,4.13,3.38
2012.08.28 02:35:12.760,0.79158,0.7917,3.00,1.13
2012.08.28 02:35:12.837,0.79158,0.7917,3.00,1.13
2012.08.28 02:35:16.045,0.79158,0.79171,3.00,1.13
2012.08.28 02:35:25.804,0.79158,0.79171,3.00,1.13
2012.08.28 02:35:25.939,0.79158,0.79169,1.50,1.88
2012.08.28 02:35:26.078,0.79156,0.79169,1.50,3.00
2012.08.28 02:35:26.208,0.79154,0.79166,3.30,1.50
2012.08.28 02:35:26.716,0.79154,0.79167,4.13,3.00
2012.08.28 02:35:31.166,0.79154,0.79167,3.38,2.25
2012.08.28 02:35:31.526,0.79154,0.79167,3.38,3.00
2012.08.28 02:35:34.578,0.79154,0.79167,3.38,3.00
2012.08.28 02:35:37.245,0.79154,0.79167,2.63,2.25
2012.08.28 02:35:58.386,0.79154,0.79169,3.00,3.75
2012.08.28 02:36:00.789,0.79153,0.79167,3.38,2.25
2012.08.28 02:36:01.317,0.79155,0.79167,1.50,2.25
2012.08.28 02:36:02.356,0.79155,0.79167,1.50,2.25
2012.08.28 02:36:27.063,0.79155,0.79166,1.50,1.13
2012.08.28 02:36:27.609,0.79154,0.79166,1.50,1.50
2012.08.28 02:36:28.419,0.79154,0.79167,1.50,3.00
2012.08.28 02:36:28.983,0.79155,0.79168,1.50,1.50
2012.08.28 02:36:29.509,0.79155,0.79168,1.50,1.88
2012.08.28 02:36:42.918,0.79155,0.79168,1.50,1.50
2012.08.28 02:36:43.440,0.79155,0.79169,1.50,3.38
2012.08.28 02:36:43.843,0.79155,0.79169,1.50,2.63
2012.08.28 02:36:43.955,0.79153,0.79167,3.38,1.50
2012.08.28 02:36:44.298,0.79153,0.79166,3.38,1.50
2012.08.28 02:36:49.456,0.79155,0.79167,1.50,1.88
2012.08.28 02:36:53.986,0.79154,0.79167,2.25,3.38
2012.08.28 02:36:54.115,0.79154,0.79166,2.25,1.50
2012.08.28 02:37:23.932,0.79152,0.79164,2.25,1.88
2012.08.28 02:37:24.672,0.79152,0.79164,1.50,1.50
2012.08.28 02:37:25.894,0.79152,0.79164,1.50,1.50
2012.08.28 02:37:42.583,0.79152,0.79164,1.50,1.88
2012.08.28 02:37:42.868,0.7915,0.79162,2.25,1.50
2012.08.28 02:37:43.787,0.7915,0.79163,3.00,2.25
2012.08.28 02:37:44.342,0.79151,0.79163,1.50,2.25
2012.08.28 02:37:57.782,0.7915,0.79163,3.00,3.00
2012.08.28 02:37:59.009,0.7915,0.79163,3.00,3.00
2012.08.28 02:37:59.557,0.7915,0.79163,3.00,3.00
2012.08.28 02:38:08.808,0.7915,0.79163,3.00,2.25
2012.08.28 02:38:09.269,0.7915,0.79163,2.25,3.00
2012.08.28 02:38:09.411,0.7915,0.79163,3.00,3.00
2012.08.28 02:38:14.066,0.79152,0.79163,1.50,2.25
2012.08.28 02:38:15.367,0.79152,0.79163,1.50,2.63
2012.08.28 02:38:16.058,0.79148,0.79161,4.13,1.13
2012.08.28 02:38:23.459,0.79148,0.7916,3.00,1.88
2012.08.28 02:38:39.169,0.79146,0.7916,3.38,1.50
2012.08.28 02:38:39.688,0.79147,0.7916,1.50,1.50
2012.08.28 02:38:39.816,0.79146,0.7916,4.13,1.50
2012.08.28 02:38:39.886,0.79146,0.7916,4.13,1.50
2012.08.28 02:38:53.777,0.79148,0.7916,3.00,1.88
2012.08.28 02:38:54.317,0.79148,0.7916,3.00,1.13
2012.08.28 02:38:58.716,0.79148,0.7916,3.00,1.13
2012.08.28 02:39:31.898,0.79149,0.79161,1.50,2.63
2012.08.28 02:40:06.786,0.7915,0.79162,3.00,1.13
2012.08.28 02:40:07.004,0.79145,0.79156,2.25,1.13
2012.08.28 02:40:07.141,0.79144,0.79155,1.50,1.13
2012.08.28 02:40:07.429,0.79145,0.79158,1.50,3.38
2012.08.28 02:40:07.500,0.79145,0.79158,1.50,3.38
2012.08.28 02:40:08.040,0.79143,0.79156,1.50,2.63
2012.08.28 02:40:08.439,0.79142,0.79154,2.25,1.50
2012.08.28 02:40:11.190,0.79142,0.79155,3.00,1.73
2012.08.28 02:40:11.470,0.79143,0.79156,1.50,1.88
2012.08.28 02:40:13.082,0.79143,0.79156,2.25,3.00
2012.08.28 02:40:13.491,0.79145,0.79156,2.25,1.13
2012.08.28 02:40:13.869,0.79144,0.79156,3.00,1.13
2012.08.28 02:40:13.941,0.79144,0.79157,3.00,1.50
2012.08.28 02:40:14.018,0.79144,0.79158,3.00,2.25
2012.08.28 02:40:14.579,0.79145,0.79156,2.25,1.13
2012.08.28 02:40:15.127,0.79145,0.79158,2.25,3.38
2012.08.28 02:40:15.861,0.79145,0.79158,2.25,3.38
2012.08.28 02:40:16.718,0.79145,0.79158,2.25,3.38
2012.08.28 02:40:19.946,0.79148,0.79158,1.50,1.50
2012.08.28 02:40:20.458,0.79149,0.79159,1.50,1.50
2012.08.28 02:40:20.959,0.79147,0.79159,2.25,1.50
2012.08.28 02:40:22.169,0.79148,0.7916,1.50,1.13
2012.08.28 02:40:22.506,0.79149,0.7916,1.50,1.13
2012.08.28 02:40:22.771,0.79149,0.7916,1.50,1.13
2012.08.28 02:40:27.511,0.79149,0.79162,1.50,3.60
2012.08.28 02:40:27.780,0.79149,0.79162,1.50,3.38
2012.08.28 02:40:27.919,0.79151,0.79162,1.50,2.25
2012.08.28 02:40:30.398,0.7915,0.79162,1.50,1.50
2012.08.28 02:40:42.697,0.7915,0.79163,3.00,1.13
2012.08.28 02:40:51.628,0.7915,0.79163,3.00,2.63
2012.08.28 02:40:52.143,0.7915,0.79163,3.00,2.63
2012.08.28 02:40:52.825,0.7915,0.79163,3.00,2.63
2012.08.28 02:40:54.477,0.7915,0.79163,3.00,3.38
2012.08.28 02:40:55.018,0.7915,0.79162,3.00,1.13
2012.08.28 02:41:01.407,0.79151,0.79163,1.50,4.13
2012.08.28 02:41:01.949,0.79152,0.79163,1.50,1.13
2012.08.28 02:41:02.488,0.79154,0.79165,1.50,2.25
2012.08.28 02:41:05.917,0.79154,0.79167,1.50,3.38
2012.08.28 02:41:16.059,0.79154,0.79166,1.50,2.25
2012.08.28 02:41:16.386,0.79154,0.79168,1.50,4.50
2012.08.28 02:41:17.241,0.79156,0.79168,1.50,3.00
2012.08.28 02:41:21.437,0.79154,0.79168,2.63,1.88
2012.08.28 02:41:21.991,0.79154,0.79168,3.38,2.63
2012.08.28 02:41:22.549,0.79155,0.79168,1.50,2.25
2012.08.28 02:41:37.397,0.79155,0.79169,2.25,1.88
2012.08.28 02:41:40.317,0.79155,0.79169,3.75,1.13
2012.08.28 02:42:02.547,0.79157,0.79168,1.50,1.50
2012.08.28 02:42:04.850,0.79157,0.79168,1.50,1.50
2012.08.28 02:42:05.512,0.79156,0.79169,1.50,2.63
2012.08.28 02:42:08.448,0.79154,0.79168,1.50,1.50
2012.08.28 02:42:08.996,0.79154,0.79168,1.50,2.25
2012.08.28 02:43:05.476,0.79155,0.79169,3.00,1.13
2012.08.28 02:43:05.998,0.79155,0.79169,3.00,1.13
2012.08.28 02:43:06.556,0.79155,0.79169,3.00,2.63
2012.08.28 02:43:06.938,0.79155,0.79169,4.13,1.88
2012.08.28 02:43:08.492,0.79157,0.79169,1.88,1.50
2012.08.28 02:43:08.571,0.79158,0.7917,1.88,2.25
2012.08.28 02:43:09.140,0.79158,0.79167,1.50,1.50
2012.08.28 02:43:09.719,0.79158,0.79169,1.50,1.88
2012.08.28 02:43:12.248,0.79159,0.79168,1.50,1.50
2012.08.28 02:43:12.880,0.79159,0.79168,1.50,1.50
2012.08.28 02:43:13.080,0.79158,0.79167,1.50,1.50
2012.08.28 02:43:15.868,0.79158,0.79168,1.50,1.50
2012.08.28 02:43:18.816,0.79158,0.79168,1.50,1.50
2012.08.28 02:43:19.359,0.79158,0.79169,1.50,1.50
2012.08.28 02:43:19.901,0.79157,0.79168,1.50,1.50
2012.08.28 02:43:19.978,0.79155,0.79168,1.88,2.63
2012.08.28 02:43:20.049,0.79155,0.79168,1.50,2.63
2012.08.28 02:43:22.221,0.79155,0.79168,2.63,1.73
2012.08.28 02:43:22.549,0.79155,0.79168,1.13,2.25
2012.08.28 02:43:28.410,0.79155,0.79168,1.88,1.50
2012.08.28 02:43:28.938,0.79155,0.79168,2.63,1.50
2012.08.28 02:43:30.727,0.79155,0.79168,2.63,1.50
2012.08.28 02:43:31.395,0.79157,0.79167,1.50,1.50
2012.08.28 02:43:31.929,0.79157,0.79168,1.50,1.50
2012.08.28 02:43:32.458,0.79155,0.79168,2.63,1.50
2012.08.28 02:43:32.960,0.79155,0.79166,2.63,1.50
2012.08.28 02:43:33.524,0.79155,0.79166,1.50,1.50
2012.08.28 02:43:34.079,0.79155,0.79167,1.50,1.50
2012.08.28 02:43:34.618,0.79156,0.79167,1.50,1.50
2012.08.28 02:43:34.949,0.79156,0.79167,1.50,1.50
2012.08.28 02:43:44.316,0.79156,0.79167,1.50,1.50
2012.08.28 02:43:46.018,0.79157,0.79167,1.50,1.50
2012.08.28 02:43:46.361,0.79153,0.79165,1.50,3.75
2012.08.28 02:43:46.441,0.79152,0.79165,2.25,3.75
2012.08.28 02:43:46.513,0.79152,0.79163,2.25,1.13
2012.08.28 02:43:46.592,0.79151,0.79161,1.50,2.25
2012.08.28 02:43:47.070,0.79152,0.79161,1.50,1.50
2012.08.28 02:43:47.290,0.79152,0.79163,1.50,1.88
2012.08.28 02:43:47.800,0.79152,0.79162,1.50,1.50
2012.08.28 02:43:47.872,0.79151,0.79162,1.50,3.75
2012.08.28 02:43:47.951,0.79149,0.79162,3.38,5.25
2012.08.28 02:43:48.024,0.79148,0.79161,1.50,2.25
2012.08.28 02:43:48.170,0.79147,0.79161,3.38,2.25
2012.08.28 02:43:48.711,0.79147,0.79161,2.63,2.25
2012.08.28 02:43:49.000,0.79147,0.79159,1.88,2.25
2012.08.28 02:43:49.610,0.79147,0.79159,1.88,2.25
2012.08.28 02:43:50.020,0.79147,0.79159,1.88,2.25
2012.08.28 02:43:51.839,0.79147,0.7916,4.13,2.25
2012.08.28 02:43:53.290,0.79148,0.79161,2.25,2.25
2012.08.28 02:43:53.421,0.79149,0.79161,1.88,1.50
2012.08.28 02:43:54.228,0.7915,0.79163,3.00,2.63
2012.08.28 02:43:57.142,0.79149,0.79162,3.38,2.25
2012.08.28 02:43:57.688,0.79149,0.79162,2.63,2.25
2012.08.28 02:44:00.388,0.79149,0.79162,4.13,1.50
2012.08.28 02:44:00.708,0.79149,0.79163,4.13,1.88
2012.08.28 02:44:02.559,0.79149,0.79163,2.63,2.63
2012.08.28 02:44:03.387,0.79149,0.79163,2.63,2.63
2012.08.28 02:44:03.973,0.79149,0.79163,2.63,2.63
2012.08.28 02:44:04.700,0.79148,0.79159,2.25,1.13
2012.08.28 02:44:04.770,0.79147,0.79159,3.00,1.13
2012.08.28 02:44:04.839,0.79147,0.79158,2.25,1.50
2012.08.28 02:44:04.969,0.79147,0.7916,2.25,2.48
2012.08.28 02:44:05.248,0.79148,0.79161,2.63,1.50
2012.08.28 02:44:07.722,0.79148,0.79161,1.50,4.13
2012.08.28 02:44:08.142,0.79147,0.7916,3.75,2.25
2012.08.28 02:44:09.307,0.79147,0.7916,3.75,3.00
2012.08.28 02:44:09.650,0.79147,0.79157,2.25,1.50
2012.08.28 02:44:09.969,0.79146,0.79157,1.50,1.50
2012.08.28 02:44:10.147,0.79146,0.79157,1.50,1.50
2012.08.28 02:44:15.047,0.79147,0.79157,2.25,1.50
2012.08.28 02:44:17.728,0.79147,0.79159,2.25,1.88
2012.08.28 02:44:17.927,0.79147,0.79159,2.25,1.88
2012.08.28 02:44:18.718,0.79147,0.79158,2.25,1.50
2012.08.28 02:44:19.294,0.79147,0.79159,1.50,1.88
2012.08.28 02:44:20.504,0.79145,0.79159,2.25,3.38
2012.08.28 02:44:21.807,0.79144,0.79159,2.25,3.38
2012.08.28 02:44:22.945,0.79143,0.79149,1.50,1.13
2012.08.28 02:44:23.091,0.79141,0.79149,1.50,1.88
2012.08.28 02:44:23.500,0.79137,0.7915,1.50,2.25
2012.08.28 02:44:23.640,0.79136,0.79149,3.38,1.88
2012.08.28 02:44:23.712,0.79134,0.79147,3.00,1.13
2012.08.28 02:44:23.930,0.79136,0.79149,3.38,3.00
2012.08.28 02:44:24.281,0.79135,0.79147,2.25,1.13
2012.08.28 02:44:24.620,0.79136,0.79145,1.50,1.13
2012.08.28 02:44:24.762,0.79135,0.79145,1.50,1.13
2012.08.28 02:44:25.189,0.79135,0.79146,1.50,2.25
2012.08.28 02:44:25.519,0.79134,0.79145,1.50,1.13
2012.08.28 02:44:29.829,0.79135,0.79145,1.50,1.13
2012.08.28 02:44:30.391,0.79135,0.79145,1.50,1.13
2012.08.28 02:44:30.882,0.79137,0.79149,1.50,1.13
2012.08.28 02:44:31.441,0.79137,0.79149,1.50,1.13
2012.08.28 02:44:31.710,0.79137,0.79149,1.50,1.13
2012.08.28 02:44:32.384,0.79139,0.79149,1.50,1.13
2012.08.28 02:44:35.298,0.79136,0.79149,1.50,1.13
2012.08.28 02:44:35.809,0.79138,0.79149,1.50,2.63
2012.08.28 02:44:36.466,0.79137,0.79149,1.50,2.63
2012.08.28 02:44:36.988,0.79138,0.79149,1.50,2.63
2012.08.28 02:44:37.901,0.79138,0.79149,1.50,2.25
2012.08.28 02:44:38.428,0.79141,0.7915,1.50,1.13
2012.08.28 02:44:38.769,0.7914,0.7915,1.88,2.63
2012.08.28 02:44:39.959,0.7914,0.7915,2.63,2.63
2012.08.28 02:44:40.970,0.79139,0.7915,1.50,2.63
2012.08.28 02:44:42.238,0.79137,0.7915,3.00,3.38
2012.08.28 02:44:42.448,0.79136,0.79148,2.63,1.50
2012.08.28 02:44:42.988,0.79136,0.79149,4.13,2.25
2012.08.28 02:44:45.467,0.79136,0.79149,1.13,3.75
2012.08.28 02:44:45.613,0.79136,0.79149,1.13,3.75
2012.08.28 02:44:45.762,0.79136,0.79148,2.63,1.50
2012.08.28 02:44:46.051,0.79139,0.7915,1.13,2.63
2012.08.28 02:44:46.773,0.79139,0.79149,1.13,1.50
2012.08.28 02:44:51.065,0.79139,0.79147,1.13,1.50
2012.08.28 02:44:51.970,0.79135,0.79146,1.50,1.50
2012.08.28 02:44:52.320,0.79133,0.79143,1.88,1.50
2012.08.28 02:44:52.660,0.79135,0.79143,1.50,1.50
2012.08.28 02:44:55.429,0.79133,0.79143,1.88,1.50
2012.08.28 02:44:55.854,0.79135,0.79145,1.50,4.13
2012.08.28 02:45:00.438,0.79137,0.79147,1.50,2.25
2012.08.28 02:45:00.988,0.79138,0.79147,2.63,2.25
2012.08.28 02:45:01.650,0.79135,0.79146,1.50,2.25
2012.08.28 02:45:01.794,0.79133,0.79146,2.63,3.00
2012.08.28 02:45:02.219,0.79133,0.79146,1.13,3.00
2012.08.28 02:45:03.500,0.79133,0.79146,2.63,3.75
2012.08.28 02:45:05.806,0.79134,0.79146,1.50,2.25
2012.08.28 02:45:06.758,0.79134,0.79146,1.50,2.25
2012.08.28 02:45:07.078,0.79134,0.79146,1.50,2.25
2012.08.28 02:45:07.147,0.79135,0.79146,1.88,2.25
2012.08.28 02:45:07.218,0.79135,0.79146,2.63,2.25
2012.08.28 02:45:07.770,0.79135,0.79145,2.63,1.50
2012.08.28 02:45:11.867,0.79135,0.79145,2.63,1.50
2012.08.28 02:45:18.299,0.79135,0.79144,1.50,1.50
2012.08.28 02:45:18.512,0.79131,0.79144,2.63,1.88
2012.08.28 02:45:18.589,0.79131,0.79144,2.63,4.13
2012.08.28 02:45:18.661,0.79131,0.79141,2.63,1.50
2012.08.28 02:45:19.001,0.79129,0.7914,1.50,1.50
2012.08.28 02:45:20.536,0.79129,0.7914,1.50,2.25
2012.08.28 02:45:21.480,0.79129,0.7914,1.50,2.25
2012.08.28 02:45:23.227,0.79129,0.7914,1.50,2.25
2012.08.28 02:45:23.870,0.79128,0.79138,1.88,1.50
2012.08.28 02:45:24.058,0.79128,0.79138,1.13,1.50
2012.08.28 02:45:24.781,0.79129,0.79138,1.50,1.88
2012.08.28 02:45:25.139,0.79126,0.79135,2.63,1.50
2012.08.28 02:45:25.478,0.79127,0.79135,1.50,1.50
2012.08.28 02:45:25.548,0.79127,0.79135,1.50,1.50
2012.08.28 02:45:25.620,0.79127,0.79136,1.50,1.50
2012.08.28 02:45:26.131,0.79128,0.79136,1.50,1.50
2012.08.28 02:45:26.938,0.79128,0.79135,1.50,1.50
2012.08.28 02:45:30.138,0.79127,0.79136,1.50,1.50
2012.08.28 02:45:35.928,0.79127,0.79136,1.50,1.50
2012.08.28 02:45:36.189,0.79127,0.79136,1.50,1.50
2012.08.28 02:45:36.260,0.79127,0.79136,1.50,1.50
2012.08.28 02:45:36.778,0.79127,0.79136,1.50,1.50
2012.08.28 02:45:39.359,0.79128,0.79138,1.50,3.38
2012.08.28 02:45:39.711,0.79129,0.79138,1.88,1.88
2012.08.28 02:45:40.471,0.79127,0.79139,3.38,1.88
2012.08.28 02:45:44.292,0.7913,0.79139,1.50,1.50
2012.08.28 02:45:44.793,0.79129,0.7914,1.50,1.88
2012.08.28 02:45:45.338,0.79129,0.79139,1.50,1.88
2012.08.28 02:45:45.989,0.79129,0.79139,1.50,1.50
2012.08.28 02:45:46.598,0.79129,0.79139,1.50,1.50
2012.08.28 02:45:46.930,0.79126,0.79134,2.25,1.13
2012.08.28 02:45:47.001,0.79126,0.79134,1.50,1.13
2012.08.28 02:45:47.140,0.79125,0.79132,1.50,1.13
2012.08.28 02:45:47.282,0.79121,0.79133,2.25,3.00
2012.08.28 02:45:51.418,0.79119,0.79133,4.88,2.25
2012.08.28 02:45:53.838,0.79121,0.79133,1.50,1.50
2012.08.28 02:45:54.358,0.7912,0.79132,3.75,1.13
2012.08.28 02:45:56.386,0.7912,0.79131,3.00,1.13
2012.08.28 02:45:58.308,0.79121,0.79131,1.50,1.13
2012.08.28 02:46:00.365,0.79121,0.79133,2.25,1.13
2012.08.28 02:46:02.648,0.79122,0.79134,1.50,2.25
2012.08.28 02:46:03.188,0.79122,0.79134,2.25,1.50
2012.08.28 02:46:10.876,0.79124,0.79134,1.50,1.50
2012.08.28 02:46:11.449,0.79125,0.79136,1.50,1.50
2012.08.28 02:46:11.979,0.79127,0.79137,1.50,1.88
2012.08.28 02:46:17.398,0.79126,0.79137,1.50,1.50
2012.08.28 02:46:19.867,0.79129,0.79138,1.50,3.00
2012.08.28 02:46:20.751,0.79127,0.79138,1.50,1.50
2012.08.28 02:46:20.888,0.79127,0.79138,1.50,1.50
2012.08.28 02:46:23.422,0.79125,0.79138,3.00,3.38
2012.08.28 02:46:23.777,0.79121,0.79133,1.50,2.25
2012.08.28 02:46:24.319,0.7912,0.79133,2.25,2.25
2012.08.28 02:46:24.731,0.79119,0.79133,3.00,1.50
2012.08.28 02:46:27.391,0.7912,0.79133,1.50,1.50
2012.08.28 02:46:27.907,0.79119,0.79133,2.25,1.50
2012.08.28 02:46:28.300,0.7912,0.79135,3.00,3.60
2012.08.28 02:46:28.369,0.79123,0.79135,1.50,2.85
2012.08.28 02:46:28.698,0.79124,0.79135,1.50,1.50
2012.08.28 02:46:30.701,0.79124,0.79136,1.50,1.50
2012.08.28 02:46:31.228,0.79124,0.79137,2.25,1.50
2012.08.28 02:46:36.442,0.79124,0.79136,1.50,2.25
2012.08.28 02:46:38.944,0.79121,0.79136,2.25,4.88
2012.08.28 02:46:39.024,0.7912,0.79133,3.75,1.50
2012.08.28 02:46:39.752,0.79121,0.79134,1.50,3.00
2012.08.28 02:46:40.293,0.79121,0.79133,1.50,1.50
2012.08.28 02:46:42.099,0.79121,0.79133,1.50,1.50
2012.08.28 02:46:44.525,0.79121,0.79133,1.50,2.25
2012.08.28 02:46:51.435,0.79121,0.79133,1.50,1.50
2012.08.28 02:46:53.459,0.79121,0.79133,2.63,1.50
2012.08.28 02:46:53.532,0.79121,0.79135,2.63,2.25
2012.08.28 02:46:54.096,0.79122,0.79133,1.50,1.50
2012.08.28 02:46:56.959,0.7912,0.79133,3.75,1.50
2012.08.28 02:46:57.857,0.7912,0.79133,3.75,1.50
2012.08.28 02:46:58.919,0.79121,0.79134,2.25,2.25
2012.08.28 02:46:59.258,0.79123,0.79134,1.50,1.50
2012.08.28 02:47:04.749,0.7912,0.79133,3.75,1.50
2012.08.28 02:47:04.821,0.7912,0.79133,3.00,1.50
2012.08.28 02:47:15.339,0.79122,0.79135,1.50,3.00
2012.08.28 02:47:15.890,0.79122,0.79135,1.50,1.50
2012.08.28 02:47:16.032,0.79123,0.79135,2.25,1.50
2012.08.28 02:47:16.549,0.79123,0.79136,2.25,1.50
2012.08.28 02:47:22.150,0.79124,0.79136,2.25,2.25
2012.08.28 02:47:22.512,0.79128,0.79135,1.50,1.50
2012.08.28 02:47:22.663,0.79126,0.79135,2.25,1.50
2012.08.28 02:47:25.059,0.79125,0.79136,2.25,1.50
2012.08.28 02:47:26.959,0.79125,0.79135,1.50,1.88
2012.08.28 02:47:27.099,0.79122,0.79134,1.50,2.25
2012.08.28 02:47:27.302,0.79123,0.79134,1.50,1.50
2012.08.28 02:47:27.720,0.79124,0.79134,1.50,1.50
2012.08.28 02:47:28.170,0.79125,0.79137,1.50,1.50
2012.08.28 02:47:28.728,0.79125,0.79135,1.50,1.50
2012.08.28 02:47:31.083,0.79125,0.79135,1.50,1.50
2012.08.28 02:47:31.618,0.79125,0.79135,1.50,1.50
2012.08.28 02:47:32.280,0.79125,0.79137,1.50,1.50
2012.08.28 02:47:32.348,0.79125,0.79135,1.50,1.50
2012.08.28 02:47:35.700,0.79124,0.79135,1.50,1.50
2012.08.28 02:47:36.264,0.79124,0.79135,1.50,1.50
2012.08.28 02:47:39.157,0.79122,0.79135,2.25,2.25
2012.08.28 02:47:39.920,0.79121,0.79133,1.50,2.25
2012.08.28 02:47:40.658,0.79122,0.79135,1.50,2.25
2012.08.28 02:47:41.281,0.79122,0.79135,1.50,2.25
2012.08.28 02:47:42.009,0.79121,0.79135,2.25,3.00
2012.08.28 02:47:42.566,0.7912,0.79133,3.00,3.00
2012.08.28 02:47:43.111,0.7912,0.79133,2.25,2.25
2012.08.28 02:47:43.654,0.79121,0.79135,2.25,3.00
2012.08.28 02:47:47.639,0.7912,0.79133,3.00,2.25
2012.08.28 02:47:48.344,0.7912,0.79133,2.25,3.00
2012.08.28 02:47:48.748,0.7912,0.79133,2.25,3.00
2012.08.28 02:47:58.428,0.7912,0.79134,3.75,1.88
2012.08.28 02:47:58.930,0.7912,0.79135,3.75,3.00
2012.08.28 02:48:12.879,0.7912,0.79135,3.00,3.00
2012.08.28 02:48:13.408,0.79121,0.79134,3.00,1.50
2012.08.28 02:48:18.788,0.7912,0.79133,3.75,2.25
2012.08.28 02:48:19.514,0.7912,0.79133,3.75,3.00
2012.08.28 02:48:33.127,0.79121,0.79133,1.50,3.00
2012.08.28 02:48:37.262,0.79121,0.79133,2.25,2.25
2012.08.28 02:48:37.778,0.79121,0.79134,3.75,2.25
2012.08.28 02:48:48.228,0.79121,0.79134,3.75,1.50
2012.08.28 02:48:48.824,0.79123,0.79134,1.50,1.50
2012.08.28 02:48:52.578,0.79121,0.79134,3.75,1.50
2012.08.28 02:49:14.138,0.79121,0.79134,3.75,2.25
2012.08.28 02:49:18.701,0.79121,0.79134,3.75,1.50
2012.08.28 02:49:28.818,0.79121,0.79134,3.75,1.50
2012.08.28 02:49:29.708,0.79122,0.79134,1.50,1.50
2012.08.28 02:49:37.277,0.79123,0.79136,1.50,1.13
2012.08.28 02:49:38.937,0.79122,0.79136,1.50,1.88
2012.08.28 02:49:56.170,0.7912,0.79134,2.63,1.50
2012.08.28 02:49:56.419,0.7912,0.79134,2.63,1.50
2012.08.28 02:49:56.955,0.7912,0.79134,1.88,1.50
2012.08.28 02:49:59.916,0.7912,0.79134,1.88,2.25
2012.08.28 02:50:00.226,0.79121,0.79136,1.50,2.25
2012.08.28 02:50:01.350,0.79123,0.79135,1.50,2.25
2012.08.28 02:50:01.902,0.79122,0.79135,3.00,2.25
2012.08.28 02:50:02.460,0.79122,0.79135,2.25,1.50
2012.08.28 02:50:04.818,0.79122,0.79134,2.25,1.13
2012.08.28 02:50:05.139,0.79119,0.79134,2.25,4.13
2012.08.28 02:50:06.999,0.79119,0.79132,2.25,1.50
2012.08.28 02:50:07.623,0.79119,0.79133,2.25,1.50
2012.08.28 02:50:08.889,0.79119,0.79128,1.50,1.50
2012.08.28 02:50:09.101,0.79117,0.79128,2.25,1.50
2012.08.28 02:50:09.169,0.79117,0.79128,2.25,1.50
2012.08.28 02:50:09.598,0.79118,0.79131,1.50,1.50
2012.08.28 02:50:10.160,0.79119,0.7913,1.50,1.50
2012.08.28 02:50:10.680,0.79119,0.7913,1.50,2.25
2012.08.28 02:50:11.421,0.79119,0.7913,1.50,1.50
2012.08.28 02:50:11.953,0.79121,0.79132,1.50,3.00
2012.08.28 02:50:12.871,0.79121,0.79132,1.50,2.25
2012.08.28 02:50:16.635,0.79124,0.79133,1.50,2.25
2012.08.28 02:50:16.853,0.79124,0.79135,1.50,2.25
2012.08.28 02:50:24.110,0.79125,0.79136,1.50,1.50
2012.08.28 02:50:24.299,0.79126,0.79138,1.50,1.50
2012.08.28 02:50:27.718,0.79124,0.79137,2.25,1.50
2012.08.28 02:50:30.802,0.79125,0.7914,3.75,4.50
2012.08.28 02:50:31.141,0.79129,0.7914,1.50,1.50
2012.08.28 02:50:31.490,0.79131,0.79142,1.50,1.50
2012.08.28 02:50:33.162,0.79131,0.7914,1.50,1.50
2012.08.28 02:50:33.375,0.79127,0.79141,2.25,3.00
2012.08.28 02:50:33.731,0.79129,0.79142,1.50,1.50
2012.08.28 02:50:35.479,0.79127,0.79142,3.75,2.25
2012.08.28 02:50:36.020,0.79127,0.79138,1.50,1.50
2012.08.28 02:50:36.920,0.79129,0.79138,1.50,1.50
2012.08.28 02:50:37.199,0.79127,0.79138,1.50,1.50
2012.08.28 02:50:38.021,0.79126,0.79138,1.50,2.25
2012.08.28 02:50:38.568,0.79126,0.79138,1.50,2.25
2012.08.28 02:50:39.408,0.79126,0.79138,1.50,1.50
2012.08.28 02:50:39.927,0.79125,0.79138,3.00,2.25
2012.08.28 02:50:40.452,0.79125,0.79138,2.25,4.50
2012.08.28 02:50:40.959,0.79124,0.79137,2.25,2.25
2012.08.28 02:50:42.539,0.79126,0.79138,1.50,3.00
2012.08.28 02:50:42.680,0.79127,0.79138,2.63,1.50
2012.08.28 02:50:42.753,0.79127,0.7914,2.63,1.50
2012.08.28 02:50:43.344,0.79127,0.79139,1.50,1.50
2012.08.28 02:50:43.418,0.79127,0.79139,1.50,2.25
2012.08.28 02:50:44.233,0.79126,0.79136,1.50,1.50
2012.08.28 02:50:45.220,0.79125,0.79136,1.50,1.50
2012.08.28 02:50:45.938,0.79125,0.79136,1.50,1.50
2012.08.28 02:50:46.749,0.79125,0.79136,1.50,1.50
2012.08.28 02:50:48.170,0.79126,0.79136,1.50,1.50
2012.08.28 02:50:56.148,0.79126,0.79136,1.50,1.50
2012.08.28 02:50:59.358,0.79128,0.79136,1.50,1.50
2012.08.28 02:50:59.610,0.79129,0.79138,1.50,1.50
2012.08.28 02:51:02.650,0.79125,0.79138,4.88,1.50
2012.08.28 02:51:03.195,0.79126,0.79137,1.50,1.50
2012.08.28 02:51:03.482,0.79125,0.79137,1.50,1.50
2012.08.28 02:51:03.552,0.79123,0.79136,1.50,2.25
2012.08.28 02:51:03.622,0.79121,0.79135,3.00,1.50
2012.08.28 02:51:04.481,0.79121,0.79136,3.75,2.25
2012.08.28 02:51:05.731,0.79122,0.79136,1.50,2.25
2012.08.28 02:51:08.959,0.79122,0.79136,1.50,2.25
2012.08.28 02:51:09.948,0.79122,0.79136,2.25,2.25
2012.08.28 02:51:12.689,0.79124,0.79137,1.50,3.00
2012.08.28 02:51:13.438,0.79123,0.79136,1.50,2.25
2012.08.28 02:51:22.224,0.79124,0.79136,1.50,1.50
2012.08.28 02:51:24.329,0.79122,0.79135,3.75,1.50
2012.08.28 02:51:24.920,0.79123,0.79136,2.25,2.25
2012.08.28 02:51:25.888,0.79123,0.79136,2.25,2.25
2012.08.28 02:51:39.231,0.79123,0.79136,3.75,1.50
2012.08.28 02:51:43.238,0.79124,0.79136,1.50,1.50
2012.08.28 02:51:43.738,0.79125,0.79136,1.50,1.50
2012.08.28 02:51:44.268,0.79125,0.79136,1.50,1.50
2012.08.28 02:51:55.927,0.79124,0.79136,1.50,1.50
2012.08.28 02:52:07.568,0.79123,0.79136,3.75,1.50
2012.08.28 02:52:08.250,0.79124,0.79136,1.50,2.25
2012.08.28 02:52:09.132,0.79124,0.79136,1.50,1.50
2012.08.28 02:52:10.453,0.79123,0.79134,1.50,1.50
2012.08.28 02:52:10.908,0.7912,0.79133,3.00,1.50
2012.08.28 02:52:11.121,0.79122,0.79132,1.50,1.50
2012.08.28 02:52:12.958,0.7912,0.79132,3.00,1.50
2012.08.28 02:52:13.468,0.79122,0.79132,1.50,1.50
2012.08.28 02:52:15.419,0.79122,0.79134,1.50,1.50
2012.08.28 02:52:15.979,0.79122,0.79133,1.50,1.50
2012.08.28 02:52:20.811,0.79122,0.79134,1.50,1.50
2012.08.28 02:52:23.429,0.79123,0.79137,3.00,1.50
2012.08.28 02:52:27.388,0.79123,0.79137,3.00,1.50
2012.08.28 02:52:27.891,0.79123,0.79136,2.25,3.00
2012.08.28 02:52:31.438,0.79123,0.79135,1.50,1.50
2012.08.28 02:52:43.370,0.79123,0.79134,1.50,1.50
2012.08.28 02:52:43.936,0.79123,0.79133,1.50,1.50
2012.08.28 02:52:47.050,0.79123,0.79135,1.50,2.25
2012.08.28 02:52:48.078,0.79123,0.79135,1.50,2.25
2012.08.28 02:52:53.999,0.79123,0.79135,1.50,2.25
2012.08.28 02:52:55.007,0.79123,0.79135,1.50,2.25
2012.08.28 02:52:56.067,0.79123,0.79135,1.50,2.25
2012.08.28 02:52:56.617,0.79123,0.79135,1.50,1.50
2012.08.28 02:53:05.775,0.79124,0.79135,1.50,2.25
2012.08.28 02:53:06.496,0.79123,0.79135,1.50,2.25
2012.08.28 02:53:06.929,0.79123,0.79134,1.50,1.50
2012.08.28 02:53:07.516,0.79123,0.79134,1.50,1.50
2012.08.28 02:53:16.127,0.79123,0.79134,1.50,1.50
2012.08.28 02:53:25.556,0.79123,0.79134,1.50,1.50
2012.08.28 02:54:13.291,0.79123,0.79136,1.50,3.00
2012.08.28 02:54:28.828,0.79123,0.79136,2.25,3.00
2012.08.28 02:54:29.447,0.79123,0.79136,1.50,3.00
2012.08.28 02:54:44.378,0.79123,0.79136,1.50,3.00
2012.08.28 02:54:53.254,0.79122,0.79136,1.50,1.50
2012.08.28 02:54:54.488,0.7912,0.79134,2.63,1.50
2012.08.28 02:54:55.052,0.79121,0.79133,1.50,1.50
2012.08.28 02:55:01.741,0.79121,0.79132,1.50,3.00
2012.08.28 02:55:02.018,0.79119,0.79131,1.50,1.50
2012.08.28 02:55:06.382,0.79119,0.79132,3.00,1.50
2012.08.28 02:55:06.692,0.79121,0.79132,1.50,1.50
2012.08.28 02:55:07.099,0.7912,0.79134,3.00,1.50
2012.08.28 02:55:07.639,0.7912,0.79134,2.25,3.00
2012.08.28 02:55:08.084,0.79119,0.79133,1.50,1.50
2012.08.28 02:55:08.160,0.79119,0.79134,3.00,3.00
2012.08.28 02:55:08.690,0.7912,0.79134,1.50,4.13
2012.08.28 02:55:13.528,0.7912,0.79133,1.50,1.50
2012.08.28 02:55:21.540,0.79121,0.79133,1.50,1.50
2012.08.28 02:55:23.481,0.79121,0.79131,1.50,1.50
2012.08.28 02:55:59.548,0.79119,0.79131,1.50,1.50
2012.08.28 02:56:03.630,0.79118,0.7913,2.25,2.25
2012.08.28 02:56:08.321,0.79118,0.7913,1.50,2.25
2012.08.28 02:56:08.865,0.79118,0.7913,1.50,2.25
2012.08.28 02:56:39.121,0.79118,0.7913,1.50,2.25
2012.08.28 02:56:40.229,0.79117,0.7913,3.75,3.00
2012.08.28 02:56:40.746,0.79117,0.7913,2.25,2.25
2012.08.28 02:56:42.422,0.79117,0.7913,2.25,2.25
2012.08.28 02:56:43.202,0.79117,0.7913,2.25,1.50
2012.08.28 02:56:46.036,0.79117,0.7913,2.25,2.25
2012.08.28 02:56:46.585,0.79117,0.7913,2.25,1.50
2012.08.28 02:56:53.337,0.79117,0.7913,2.25,2.25
2012.08.28 02:56:55.317,0.79117,0.7913,2.25,1.50
2012.08.28 02:57:03.308,0.79117,0.7913,2.25,4.13
2012.08.28 02:57:03.857,0.79118,0.7913,1.50,4.13
2012.08.28 02:57:16.168,0.79118,0.7913,1.50,2.63
2012.08.28 02:57:16.510,0.79122,0.79132,1.50,2.63
2012.08.28 02:57:16.868,0.79121,0.79131,1.50,1.50
2012.08.28 02:57:18.629,0.79121,0.79131,1.50,1.50
2012.08.28 02:57:20.440,0.79122,0.79132,1.50,1.50
2012.08.28 02:57:20.958,0.79121,0.79131,1.50,1.50
2012.08.28 02:57:36.594,0.79121,0.79131,1.50,1.50
2012.08.28 02:57:37.211,0.79122,0.79132,1.50,1.50
2012.08.28 02:57:37.876,0.79123,0.79132,1.50,1.50
2012.08.28 02:57:38.743,0.79123,0.79132,1.50,1.50
2012.08.28 02:57:44.802,0.7912,0.79132,1.50,2.63
2012.08.28 02:57:45.342,0.79121,0.79132,1.50,2.63
2012.08.28 02:57:45.859,0.79123,0.79132,1.50,2.63
2012.08.28 02:57:52.458,0.79119,0.79132,2.25,2.63
2012.08.28 02:57:56.578,0.79119,0.79132,1.50,2.63
2012.08.28 02:57:57.129,0.79117,0.79132,3.75,4.13
2012.08.28 02:57:58.299,0.79118,0.79131,1.50,2.25
2012.08.28 02:57:58.371,0.79118,0.79131,1.50,2.25
2012.08.28 02:57:59.019,0.79118,0.79131,1.50,2.25
2012.08.28 02:57:59.493,0.79118,0.79128,1.50,1.50
2012.08.28 02:57:59.572,0.79118,0.79128,1.50,1.50
2012.08.28 02:58:00.099,0.79119,0.79129,1.50,1.50
2012.08.28 02:58:08.231,0.79116,0.79128,1.50,1.50
2012.08.28 02:58:09.729,0.79116,0.7913,2.25,1.50
2012.08.28 02:58:10.011,0.79117,0.7913,1.50,1.50
2012.08.28 02:58:10.350,0.79121,0.79131,1.50,1.50
2012.08.28 02:58:13.641,0.79119,0.79131,1.50,1.50
2012.08.28 02:58:13.981,0.79118,0.79131,3.00,1.50
2012.08.28 02:58:14.051,0.79118,0.79129,1.50,1.50
2012.08.28 02:58:14.560,0.79117,0.79128,1.50,1.50
2012.08.28 02:58:14.760,0.79117,0.79128,1.50,2.25
2012.08.28 02:58:18.439,0.79117,0.79128,1.50,1.50
2012.08.28 02:58:21.662,0.79117,0.79128,1.50,1.50
2012.08.28 02:58:28.668,0.79117,0.7913,1.50,4.13
2012.08.28 02:58:29.550,0.79117,0.79128,1.50,1.50
2012.08.28 02:58:30.053,0.79117,0.79128,1.50,1.50
2012.08.28 02:58:30.558,0.79117,0.79129,1.50,1.50
2012.08.28 02:58:35.179,0.79117,0.79129,1.50,2.25
2012.08.28 02:58:35.699,0.79117,0.79129,2.25,2.25
2012.08.28 02:58:40.268,0.79117,0.79129,2.25,2.25
2012.08.28 02:58:40.802,0.79119,0.79129,1.50,1.50
2012.08.28 02:58:41.140,0.79119,0.79129,1.50,1.50
2012.08.28 02:58:41.650,0.79119,0.7913,1.50,1.50
2012.08.28 02:58:42.582,0.79117,0.7913,2.25,2.25
2012.08.28 02:58:42.791,0.79117,0.7913,2.25,2.25
2012.08.28 02:58:47.698,0.79117,0.79129,1.50,2.25
2012.08.28 02:58:53.202,0.79117,0.79129,1.50,1.50
2012.08.28 02:59:09.779,0.79119,0.79129,1.50,1.50
2012.08.28 02:59:22.678,0.79119,0.7913,1.50,1.50
2012.08.28 02:59:32.347,0.79118,0.79131,1.50,1.50
2012.08.28 02:59:36.419,0.79118,0.79131,3.00,1.50
2012.08.28 02:59:38.260,0.79118,0.79131,2.25,1.50
2012.08.28 02:59:44.040,0.7912,0.79133,1.50,3.38
2012.08.28 02:59:44.113,0.7912,0.79133,1.50,3.38
2012.08.28 02:59:44.789,0.79122,0.79133,1.50,2.63
2012.08.28 02:59:45.342,0.79121,0.79133,1.50,2.63
2012.08.28 02:59:52.156,0.7912,0.79132,1.50,1.50
2012.08.28 02:59:52.510,0.79119,0.79132,1.50,1.50
2012.08.28 02:59:53.055,0.79122,0.79135,2.25,3.38
2012.08.28 02:59:53.413,0.79124,0.79137,2.25,3.00
2012.08.28 02:59:53.981,0.79124,0.79137,3.00,1.50
2012.08.28 02:59:54.542,0.79124,0.79136,2.63,1.50
2012.08.28 02:59:54.672,0.79124,0.79138,1.50,2.25
2012.08.28 02:59:55.189,0.79123,0.79137,1.50,2.25
2012.08.28 02:59:58.381,0.79123,0.79137,1.50,2.25
