2012.08.13 06:00:00.482,0.78392,0.78406,2.63,1.50
2012.08.13 06:00:00.605,0.78392,0.78406,1.88,2.25
2012.08.13 06:00:01.137,0.78391,0.78407,1.88,2.25
2012.08.13 06:00:01.665,0.78391,0.78406,1.50,1.13
2012.08.13 06:00:02.150,0.78392,0.78407,1.50,1.13
2012.08.13 06:00:02.505,0.78393,0.78407,2.25,1.50
2012.08.13 06:00:03.039,0.78394,0.78408,2.25,1.50
2012.08.13 06:00:03.395,0.78397,0.78408,1.50,1.50
2012.08.13 06:00:03.750,0.78399,0.7841,1.50,1.88
2012.08.13 06:00:04.597,0.78398,0.78409,1.50,1.50
2012.08.13 06:00:06.685,0.78397,0.78408,1.50,1.50
2012.08.13 06:00:07.038,0.78399,0.7841,1.50,3.00
2012.08.13 06:00:07.682,0.78402,0.78411,1.50,2.85
2012.08.13 06:00:08.309,0.78403,0.78411,1.50,1.35
2012.08.13 06:00:09.509,0.78401,0.78411,3.00,2.85
2012.08.13 06:00:10.283,0.78401,0.7841,1.50,1.13
2012.08.13 06:00:10.843,0.784,0.7841,1.50,2.63
2012.08.13 06:00:12.381,0.78398,0.78409,1.50,2.48
2012.08.13 06:00:12.503,0.78398,0.78409,1.50,2.25
2012.08.13 06:00:13.028,0.78399,0.7841,1.50,2.85
2012.08.13 06:00:13.556,0.78399,0.78408,1.50,2.48
2012.08.13 06:00:14.083,0.78398,0.78407,1.50,2.48
2012.08.13 06:00:14.726,0.78396,0.78406,1.50,1.50
2012.08.13 06:00:15.327,0.78396,0.78405,1.50,1.50
2012.08.13 06:00:15.867,0.78397,0.78406,1.50,1.73
2012.08.13 06:00:16.395,0.78397,0.78406,1.50,1.50
2012.08.13 06:00:16.941,0.78399,0.78408,1.50,3.75
2012.08.13 06:00:18.454,0.784,0.78409,1.50,2.25
2012.08.13 06:00:19.620,0.784,0.78409,1.50,1.73
2012.08.13 06:00:20.091,0.78402,0.78411,1.50,1.50
2012.08.13 06:00:23.698,0.784,0.78411,1.50,1.50
2012.08.13 06:00:24.231,0.78401,0.78412,1.50,3.00
2012.08.13 06:00:24.528,0.78401,0.78412,1.50,1.50
2012.08.13 06:00:24.594,0.78404,0.78413,1.50,2.48
2012.08.13 06:00:25.433,0.78402,0.78413,1.50,1.50
2012.08.13 06:00:25.981,0.78403,0.78414,1.50,2.25
2012.08.13 06:00:27.594,0.78405,0.78415,1.50,2.25
2012.08.13 06:00:30.085,0.78403,0.78414,1.50,2.25
2012.08.13 06:00:30.564,0.78407,0.78416,1.50,3.75
2012.08.13 06:00:31.052,0.78408,0.78416,2.10,1.50
2012.08.13 06:00:31.237,0.78409,0.78418,1.88,1.50
2012.08.13 06:00:31.360,0.78411,0.7842,1.50,2.25
2012.08.13 06:00:34.458,0.78412,0.78423,1.88,1.50
2012.08.13 06:00:34.583,0.78412,0.78423,1.50,2.63
2012.08.13 06:00:37.594,0.78411,0.7842,3.00,1.50
2012.08.13 06:00:46.014,0.7841,0.78419,1.50,1.50
2012.08.13 06:00:52.832,0.78409,0.78422,1.50,3.23
2012.08.13 06:00:53.376,0.78407,0.78421,2.10,2.25
2012.08.13 06:00:56.473,0.78404,0.78421,1.35,2.48
2012.08.13 06:00:56.538,0.78404,0.78421,1.35,2.48
2012.08.13 06:00:56.899,0.78403,0.78419,2.63,1.73
2012.08.13 06:00:57.082,0.78403,0.7842,2.63,1.73
2012.08.13 06:00:57.736,0.78404,0.78417,2.25,1.73
2012.08.13 06:00:58.517,0.78404,0.78413,1.50,1.73
2012.08.13 06:00:59.055,0.78403,0.78412,1.88,1.50
2012.08.13 06:01:00.277,0.78404,0.78413,1.50,1.50
2012.08.13 06:01:01.492,0.78403,0.78412,1.50,1.50
2012.08.13 06:01:01.849,0.78403,0.78414,1.50,1.50
2012.08.13 06:01:02.378,0.78403,0.78412,1.50,1.50
2012.08.13 06:01:02.619,0.78403,0.78414,1.50,2.25
2012.08.13 06:01:05.996,0.78402,0.78413,1.50,1.50
2012.08.13 06:01:08.510,0.78404,0.78413,1.50,1.50
2012.08.13 06:01:08.825,0.78407,0.78416,1.50,1.50
2012.08.13 06:01:09.359,0.78406,0.78415,1.50,1.50
2012.08.13 06:01:24.800,0.78407,0.78416,1.50,2.25
2012.08.13 06:01:30.121,0.78405,0.78416,1.50,1.50
2012.08.13 06:01:36.484,0.78406,0.78417,1.50,2.25
2012.08.13 06:01:37.359,0.78407,0.78416,1.50,1.50
2012.08.13 06:01:45.749,0.78409,0.78418,1.50,2.25
2012.08.13 06:01:46.281,0.78409,0.78418,1.50,2.25
2012.08.13 06:01:50.774,0.78407,0.78418,1.50,2.25
2012.08.13 06:01:51.332,0.78408,0.78419,1.50,2.25
2012.08.13 06:01:53.507,0.78408,0.78417,1.50,1.50
2012.08.13 06:01:54.526,0.78409,0.78418,1.50,2.25
2012.08.13 06:01:57.496,0.78408,0.78419,1.88,2.25
2012.08.13 06:01:59.330,0.78407,0.78418,1.50,2.25
2012.08.13 06:01:59.862,0.78408,0.78419,1.50,2.63
2012.08.13 06:02:00.107,0.78406,0.78417,1.88,1.50
2012.08.13 06:02:00.469,0.78409,0.78418,1.50,2.25
2012.08.13 06:02:08.210,0.78408,0.78417,1.50,1.50
2012.08.13 06:02:08.516,0.78406,0.78415,1.50,1.50
2012.08.13 06:02:09.110,0.78403,0.78414,3.23,1.50
2012.08.13 06:02:09.687,0.78405,0.78416,1.50,3.23
2012.08.13 06:02:13.226,0.78405,0.78416,1.50,2.48
2012.08.13 06:02:13.409,0.78403,0.78414,1.50,2.48
2012.08.13 06:02:13.534,0.78403,0.78412,1.50,1.50
2012.08.13 06:02:13.599,0.78403,0.78414,1.50,2.48
2012.08.13 06:02:13.842,0.78406,0.78415,1.50,3.00
2012.08.13 06:02:15.803,0.78404,0.78413,1.50,1.50
2012.08.13 06:02:16.059,0.78401,0.78412,2.10,1.50
2012.08.13 06:02:16.572,0.78402,0.78413,1.88,1.50
2012.08.13 06:02:17.105,0.78401,0.78412,1.88,1.50
2012.08.13 06:02:17.898,0.78402,0.78413,1.50,1.50
2012.08.13 06:02:35.220,0.78404,0.78415,1.88,1.50
2012.08.13 06:02:35.524,0.78406,0.78415,1.50,1.50
2012.08.13 06:02:49.853,0.78405,0.78414,1.50,1.50
2012.08.13 06:02:50.094,0.78405,0.78416,1.50,2.25
2012.08.13 06:02:50.455,0.78405,0.78414,1.50,2.25
2012.08.13 06:02:50.519,0.78402,0.78413,1.50,1.50
2012.08.13 06:02:56.889,0.784,0.78412,1.50,1.50
2012.08.13 06:02:57.655,0.78398,0.7841,4.73,1.50
2012.08.13 06:02:58.193,0.78398,0.78409,2.10,1.50
2012.08.13 06:02:58.727,0.78398,0.7841,1.50,1.50
2012.08.13 06:02:59.230,0.78399,0.78411,1.50,1.73
2012.08.13 06:02:59.955,0.78401,0.7841,1.50,1.50
2012.08.13 06:03:00.496,0.78399,0.7841,3.23,1.50
2012.08.13 06:03:08.009,0.78397,0.78408,3.00,1.50
2012.08.13 06:03:14.060,0.78394,0.78405,1.50,1.50
2012.08.13 06:03:14.463,0.78396,0.78405,1.50,1.50
2012.08.13 06:03:19.998,0.78396,0.78405,1.73,1.50
2012.08.13 06:03:20.126,0.78398,0.78409,1.50,2.25
2012.08.13 06:03:20.375,0.78398,0.78407,1.50,1.50
2012.08.13 06:03:20.915,0.78398,0.78406,1.50,1.50
2012.08.13 06:03:21.040,0.78396,0.78405,1.35,1.50
2012.08.13 06:03:21.756,0.78394,0.78405,1.35,1.50
2012.08.13 06:03:23.274,0.78394,0.78402,1.35,1.50
2012.08.13 06:03:23.870,0.78392,0.78402,2.25,1.50
2012.08.13 06:03:24.767,0.78392,0.78403,2.85,1.50
2012.08.13 06:03:25.317,0.78393,0.78404,2.48,1.50
2012.08.13 06:03:27.284,0.78393,0.78404,2.48,1.50
2012.08.13 06:03:27.600,0.78393,0.78402,2.25,1.50
2012.08.13 06:03:28.132,0.78394,0.78403,1.50,1.50
2012.08.13 06:03:29.322,0.78393,0.78402,1.50,1.50
2012.08.13 06:03:29.861,0.78392,0.78401,1.50,1.50
2012.08.13 06:03:30.610,0.78393,0.78402,1.50,1.50
2012.08.13 06:03:31.151,0.78394,0.78403,2.63,1.50
2012.08.13 06:03:31.573,0.78394,0.78405,2.25,1.73
2012.08.13 06:03:32.288,0.78393,0.78402,1.50,1.50
2012.08.13 06:03:32.829,0.78392,0.78401,1.88,1.50
2012.08.13 06:03:39.234,0.78392,0.78403,1.50,1.73
2012.08.13 06:03:43.616,0.78391,0.78402,1.50,1.50
2012.08.13 06:03:44.554,0.78391,0.78402,1.50,1.73
2012.08.13 06:03:44.736,0.7839,0.78399,2.25,1.50
2012.08.13 06:03:52.776,0.78391,0.784,1.50,2.25
2012.08.13 06:03:53.252,0.78393,0.78402,1.50,1.50
2012.08.13 06:03:53.496,0.78393,0.78404,1.50,2.48
2012.08.13 06:03:53.679,0.78392,0.78401,1.50,2.25
2012.08.13 06:03:56.102,0.78393,0.78402,1.50,1.50
2012.08.13 06:03:56.627,0.78394,0.78403,1.50,1.50
2012.08.13 06:03:57.169,0.78393,0.78402,1.50,1.50
2012.08.13 06:03:59.729,0.78393,0.78404,1.50,1.50
2012.08.13 06:04:00.151,0.78393,0.78402,1.50,1.50
2012.08.13 06:04:01.012,0.78392,0.78401,1.50,1.50
2012.08.13 06:04:01.877,0.78392,0.78403,2.25,1.50
2012.08.13 06:04:02.348,0.78394,0.78403,1.50,1.50
2012.08.13 06:04:02.908,0.78393,0.78404,1.50,1.73
2012.08.13 06:04:03.445,0.78395,0.78406,1.50,1.50
2012.08.13 06:04:03.994,0.78395,0.78406,1.88,1.50
2012.08.13 06:04:05.384,0.78394,0.78405,2.25,1.50
2012.08.13 06:04:05.509,0.78396,0.78405,1.50,2.63
2012.08.13 06:04:05.810,0.78393,0.78402,2.25,1.50
2012.08.13 06:04:06.170,0.78393,0.78404,2.85,1.50
2012.08.13 06:04:06.471,0.78396,0.78405,1.50,1.50
2012.08.13 06:04:08.002,0.78394,0.78405,1.88,1.50
2012.08.13 06:04:10.303,0.78396,0.78407,1.50,1.73
2012.08.13 06:04:11.644,0.78396,0.78407,1.50,2.48
2012.08.13 06:04:12.176,0.78397,0.78406,1.50,1.50
2012.08.13 06:04:12.477,0.78399,0.78408,1.50,2.25
2012.08.13 06:04:12.715,0.78397,0.78408,1.50,2.25
2012.08.13 06:04:18.405,0.78397,0.78408,1.50,1.50
2012.08.13 06:04:21.696,0.78399,0.78408,1.50,1.50
2012.08.13 06:04:29.762,0.78397,0.78406,3.00,1.50
2012.08.13 06:04:30.637,0.78397,0.78406,2.25,1.50
2012.08.13 06:04:30.760,0.78399,0.78408,1.50,1.50
2012.08.13 06:04:31.004,0.78401,0.78411,1.50,1.13
2012.08.13 06:04:31.540,0.78401,0.78412,1.50,1.50
2012.08.13 06:04:34.472,0.78403,0.78414,1.50,1.73
2012.08.13 06:04:34.961,0.78406,0.78415,1.50,3.23
2012.08.13 06:04:35.464,0.78406,0.78415,1.50,1.50
2012.08.13 06:04:37.632,0.78406,0.78417,1.50,1.50
2012.08.13 06:04:38.607,0.78406,0.78417,2.25,1.50
2012.08.13 06:04:39.136,0.78406,0.78417,1.50,1.73
2012.08.13 06:04:40.267,0.78406,0.78417,2.25,1.50
2012.08.13 06:04:41.193,0.78406,0.78417,2.25,1.73
2012.08.13 06:04:41.674,0.78403,0.78414,2.25,1.73
2012.08.13 06:04:42.213,0.78403,0.78414,2.25,1.73
2012.08.13 06:04:42.903,0.78405,0.78416,1.50,1.73
2012.08.13 06:04:43.085,0.78405,0.78416,1.50,1.73
2012.08.13 06:04:43.884,0.78405,0.78416,2.25,1.73
2012.08.13 06:04:44.615,0.78405,0.78416,1.50,1.73
2012.08.13 06:04:49.393,0.78404,0.78413,1.50,1.50
2012.08.13 06:04:49.924,0.78403,0.78412,1.50,1.50
2012.08.13 06:04:52.836,0.78404,0.78413,1.50,1.50
2012.08.13 06:04:54.641,0.78403,0.78412,1.50,1.50
2012.08.13 06:04:55.203,0.78403,0.78414,1.50,1.73
2012.08.13 06:04:56.664,0.78403,0.78412,1.50,1.50
2012.08.13 06:04:57.684,0.78403,0.78414,1.50,2.48
2012.08.13 06:04:58.208,0.78402,0.78413,1.50,1.73
2012.08.13 06:05:00.275,0.78403,0.78414,1.50,2.48
2012.08.13 06:05:01.950,0.78403,0.78412,1.50,1.50
2012.08.13 06:05:02.802,0.78401,0.78409,1.50,1.50
2012.08.13 06:05:03.432,0.784,0.78409,1.88,1.50
2012.08.13 06:05:05.030,0.78401,0.7841,1.50,1.50
2012.08.13 06:05:09.359,0.78399,0.7841,2.63,1.50
2012.08.13 06:05:11.759,0.78401,0.7841,1.50,1.50
2012.08.13 06:05:12.723,0.78398,0.78409,1.13,1.50
2012.08.13 06:05:15.189,0.78398,0.78411,2.63,1.73
2012.08.13 06:05:20.390,0.784,0.78411,1.88,1.73
2012.08.13 06:05:20.932,0.784,0.78411,1.88,1.73
2012.08.13 06:05:21.520,0.784,0.78409,1.88,1.50
2012.08.13 06:05:23.438,0.78401,0.7841,1.50,1.50
2012.08.13 06:05:24.309,0.78399,0.7841,3.38,1.50
2012.08.13 06:05:25.940,0.78399,0.7841,1.50,1.50
2012.08.13 06:05:26.297,0.78398,0.78407,1.50,1.73
2012.08.13 06:05:45.324,0.78395,0.78404,1.50,1.50
2012.08.13 06:05:45.864,0.78394,0.78403,1.50,1.50
2012.08.13 06:05:46.107,0.78395,0.78406,1.50,1.50
2012.08.13 06:05:46.640,0.78395,0.78406,2.63,1.50
2012.08.13 06:05:57.147,0.78395,0.78406,2.63,1.50
2012.08.13 06:05:57.270,0.78395,0.78404,1.88,1.50
2012.08.13 06:06:03.616,0.78396,0.78405,1.50,1.50
2012.08.13 06:06:04.571,0.78394,0.78405,1.88,1.50
2012.08.13 06:06:07.720,0.78395,0.78406,1.88,3.23
2012.08.13 06:06:14.612,0.78395,0.78406,1.88,1.73
2012.08.13 06:06:15.151,0.78398,0.78407,1.88,1.50
2012.08.13 06:06:15.928,0.78398,0.78406,1.50,1.50
2012.08.13 06:06:16.229,0.78395,0.78406,1.88,1.50
2012.08.13 06:06:16.763,0.78394,0.78405,1.88,1.50
2012.08.13 06:06:17.291,0.78394,0.78405,1.88,1.50
2012.08.13 06:06:17.763,0.78395,0.78405,1.50,1.50
2012.08.13 06:06:18.584,0.78397,0.78406,1.88,1.50
2012.08.13 06:06:19.199,0.78399,0.78408,1.88,1.50
2012.08.13 06:06:19.945,0.78399,0.7841,1.88,3.60
2012.08.13 06:06:21.578,0.78399,0.78408,1.88,1.50
2012.08.13 06:06:23.550,0.78401,0.7841,1.50,1.50
2012.08.13 06:06:24.671,0.784,0.78409,1.50,1.50
2012.08.13 06:06:25.637,0.784,0.78411,1.50,1.50
2012.08.13 06:06:27.091,0.784,0.78409,1.50,1.50
2012.08.13 06:06:27.448,0.78398,0.78408,1.88,1.50
2012.08.13 06:06:27.752,0.78398,0.78408,1.13,1.50
2012.08.13 06:06:27.876,0.78398,0.78408,1.13,1.50
2012.08.13 06:06:33.690,0.78397,0.78408,3.23,1.50
2012.08.13 06:06:44.719,0.78397,0.78408,2.25,3.83
2012.08.13 06:06:44.785,0.78395,0.78405,2.63,1.50
2012.08.13 06:06:45.144,0.78394,0.78405,1.50,1.50
2012.08.13 06:06:45.270,0.78397,0.78405,1.50,1.50
2012.08.13 06:06:45.335,0.78399,0.78408,1.50,1.50
2012.08.13 06:06:45.399,0.78397,0.78405,1.50,1.50
2012.08.13 06:06:45.464,0.78394,0.78405,2.63,1.50
2012.08.13 06:06:47.379,0.78396,0.78405,1.50,1.50
2012.08.13 06:06:47.444,0.78396,0.78405,1.88,1.50
2012.08.13 06:06:49.825,0.78396,0.78405,1.88,1.50
2012.08.13 06:06:50.627,0.78396,0.78405,1.88,1.50
2012.08.13 06:06:53.367,0.78398,0.78405,1.50,1.50
2012.08.13 06:06:53.676,0.78399,0.78406,1.50,1.50
2012.08.13 06:06:53.860,0.78399,0.78408,1.50,2.48
2012.08.13 06:06:53.926,0.78399,0.78408,1.88,2.48
2012.08.13 06:06:54.171,0.78397,0.78407,1.88,1.50
2012.08.13 06:06:54.413,0.78396,0.78405,1.13,1.50
2012.08.13 06:06:54.715,0.78394,0.78404,1.58,2.25
2012.08.13 06:06:55.019,0.7839,0.784,2.25,2.25
2012.08.13 06:06:55.555,0.7839,0.784,1.50,2.48
2012.08.13 06:06:57.518,0.7839,0.78399,1.88,2.48
2012.08.13 06:07:00.361,0.78391,0.784,1.50,1.73
2012.08.13 06:07:02.156,0.78392,0.78401,1.50,2.48
2012.08.13 06:07:02.531,0.7839,0.784,1.88,1.73
2012.08.13 06:07:04.983,0.78392,0.78401,1.50,2.48
2012.08.13 06:07:05.992,0.78394,0.78403,1.50,3.00
2012.08.13 06:07:06.696,0.78394,0.78403,1.50,3.23
2012.08.13 06:07:07.486,0.78392,0.78403,1.50,2.48
2012.08.13 06:07:09.647,0.78392,0.78401,1.50,1.50
2012.08.13 06:07:10.251,0.78389,0.784,1.88,1.50
2012.08.13 06:07:12.650,0.7839,0.78401,1.88,3.38
2012.08.13 06:07:13.047,0.7839,0.78399,1.88,1.50
2012.08.13 06:07:14.056,0.78391,0.78402,1.88,2.85
2012.08.13 06:07:15.031,0.78392,0.78401,1.50,1.88
2012.08.13 06:07:16.534,0.78392,0.78401,1.50,2.10
2012.08.13 06:07:16.772,0.7839,0.78401,1.50,2.10
2012.08.13 06:07:17.686,0.78392,0.78401,1.50,2.10
2012.08.13 06:07:20.881,0.78393,0.78403,1.50,1.73
2012.08.13 06:07:21.203,0.78395,0.78406,1.50,2.48
2012.08.13 06:07:21.712,0.78394,0.78406,1.50,3.23
2012.08.13 06:07:25.316,0.78393,0.78404,1.50,2.85
2012.08.13 06:07:25.856,0.78393,0.78402,1.50,1.50
2012.08.13 06:07:26.450,0.78393,0.78402,1.50,1.73
2012.08.13 06:07:26.751,0.78391,0.784,1.88,1.73
2012.08.13 06:07:31.077,0.78391,0.78402,1.88,2.48
2012.08.13 06:07:31.606,0.78391,0.78402,1.88,2.25
2012.08.13 06:07:32.138,0.78391,0.78402,1.88,2.48
2012.08.13 06:07:54.393,0.78391,0.78402,1.88,2.63
2012.08.13 06:07:54.915,0.7839,0.78401,1.50,1.50
2012.08.13 06:07:55.333,0.78389,0.78398,3.00,1.50
2012.08.13 06:07:55.456,0.78389,0.784,3.00,1.50
2012.08.13 06:07:55.998,0.7839,0.78399,1.50,1.50
2012.08.13 06:08:00.368,0.78388,0.78399,3.00,1.50
2012.08.13 06:08:00.889,0.78389,0.784,1.88,2.48
2012.08.13 06:08:03.127,0.78391,0.78401,1.50,1.50
2012.08.13 06:08:05.352,0.78391,0.784,1.50,1.50
2012.08.13 06:08:05.882,0.78392,0.78401,1.50,2.25
2012.08.13 06:08:06.876,0.78391,0.784,1.50,1.50
2012.08.13 06:08:14.106,0.78391,0.784,1.88,1.50
2012.08.13 06:08:14.230,0.78391,0.78402,3.00,1.50
2012.08.13 06:08:16.559,0.78391,0.78402,3.00,2.25
2012.08.13 06:08:16.803,0.7839,0.78401,1.88,2.25
2012.08.13 06:08:16.927,0.78392,0.78401,1.50,2.25
2012.08.13 06:08:17.606,0.78392,0.78401,1.50,2.25
2012.08.13 06:08:21.359,0.7839,0.78401,1.88,1.50
2012.08.13 06:08:21.880,0.7839,0.78401,1.88,2.25
2012.08.13 06:08:23.389,0.78391,0.78402,1.50,3.23
2012.08.13 06:08:29.580,0.78392,0.78401,1.50,2.25
2012.08.13 06:08:39.267,0.7839,0.78401,1.88,1.73
2012.08.13 06:08:39.919,0.78392,0.78401,1.50,1.73
2012.08.13 06:08:40.564,0.7839,0.78401,1.88,1.50
2012.08.13 06:08:43.405,0.78391,0.78402,1.88,1.73
2012.08.13 06:08:43.756,0.78391,0.784,1.88,1.50
2012.08.13 06:08:44.283,0.78388,0.78399,1.88,1.50
2012.08.13 06:08:44.347,0.78388,0.78399,1.50,2.85
2012.08.13 06:08:44.471,0.78388,0.78399,1.50,3.98
2012.08.13 06:08:44.536,0.78386,0.78395,1.50,1.73
2012.08.13 06:08:44.718,0.78387,0.78396,1.50,1.73
2012.08.13 06:08:48.544,0.78385,0.78396,1.88,1.73
2012.08.13 06:08:49.113,0.78386,0.78397,1.88,1.73
2012.08.13 06:08:50.401,0.78386,0.78397,1.88,1.73
2012.08.13 06:08:52.395,0.78386,0.78397,1.88,1.73
2012.08.13 06:08:52.695,0.78385,0.78396,1.88,1.73
2012.08.13 06:08:55.355,0.78385,0.78396,1.88,2.48
2012.08.13 06:08:58.453,0.78386,0.78398,1.88,3.98
2012.08.13 06:08:58.993,0.7839,0.78399,1.50,1.35
2012.08.13 06:08:59.294,0.7839,0.784,1.50,2.48
2012.08.13 06:08:59.476,0.78388,0.78399,1.50,1.50
2012.08.13 06:09:06.076,0.78388,0.78399,1.50,2.25
2012.08.13 06:09:07.347,0.78388,0.78398,1.50,2.25
2012.08.13 06:09:07.529,0.78386,0.78395,1.50,1.73
2012.08.13 06:09:08.034,0.78386,0.78397,1.88,2.25
2012.08.13 06:09:08.605,0.78386,0.78397,1.88,1.50
2012.08.13 06:09:14.375,0.78392,0.78399,1.88,2.25
2012.08.13 06:09:14.619,0.7839,0.78399,1.50,1.50
2012.08.13 06:09:14.862,0.78387,0.78396,1.50,1.50
2012.08.13 06:09:15.389,0.78386,0.78395,1.50,1.50
2012.08.13 06:09:15.927,0.78385,0.78396,1.88,2.25
2012.08.13 06:09:17.694,0.78385,0.78396,1.88,2.25
2012.08.13 06:09:19.571,0.78386,0.78396,1.50,1.35
2012.08.13 06:09:19.965,0.78385,0.78395,1.50,3.23
2012.08.13 06:09:20.091,0.78383,0.78394,1.50,1.50
2012.08.13 06:09:20.214,0.78383,0.78393,1.50,2.48
2012.08.13 06:09:20.280,0.78381,0.7839,1.50,1.50
2012.08.13 06:09:20.820,0.78379,0.78389,1.88,1.13
2012.08.13 06:09:21.003,0.78378,0.78389,1.50,4.58
2012.08.13 06:09:21.128,0.78378,0.78389,1.50,4.35
2012.08.13 06:09:21.314,0.78378,0.78389,1.50,4.58
2012.08.13 06:09:22.388,0.7838,0.78388,1.50,1.73
2012.08.13 06:09:22.927,0.7838,0.78389,1.50,1.50
2012.08.13 06:09:30.046,0.78383,0.78392,1.50,1.50
2012.08.13 06:09:30.114,0.78383,0.78394,1.50,2.48
2012.08.13 06:09:30.299,0.78385,0.78394,1.50,1.50
2012.08.13 06:09:30.611,0.78386,0.78396,1.88,1.50
2012.08.13 06:09:30.970,0.78389,0.78398,1.50,2.25
2012.08.13 06:09:33.841,0.78387,0.78396,3.38,1.50
2012.08.13 06:10:06.206,0.78389,0.78398,1.50,2.85
2012.08.13 06:10:06.655,0.78389,0.784,1.50,1.50
2012.08.13 06:10:06.723,0.78391,0.78402,1.88,2.48
2012.08.13 06:10:07.256,0.78391,0.78402,1.88,1.73
2012.08.13 06:10:07.559,0.78394,0.78403,1.50,1.50
2012.08.13 06:10:08.094,0.78394,0.78403,1.88,1.50
2012.08.13 06:10:08.629,0.78396,0.78404,1.50,1.50
2012.08.13 06:10:09.339,0.78396,0.78405,1.50,1.50
2012.08.13 06:10:10.355,0.78396,0.78405,1.88,1.50
2012.08.13 06:10:10.905,0.78396,0.78405,1.88,1.50
2012.08.13 06:10:11.439,0.78397,0.78406,1.50,3.75
2012.08.13 06:10:11.992,0.78396,0.78405,1.50,1.50
2012.08.13 06:10:12.805,0.78396,0.78407,1.50,2.85
2012.08.13 06:10:15.432,0.78396,0.78407,1.50,3.23
2012.08.13 06:10:16.019,0.78399,0.78407,1.50,1.73
2012.08.13 06:10:16.549,0.78399,0.78408,1.50,2.25
2012.08.13 06:10:19.645,0.78399,0.7841,1.50,2.63
2012.08.13 06:10:20.625,0.78399,0.78406,1.50,1.50
2012.08.13 06:10:20.691,0.78394,0.78405,2.48,1.50
2012.08.13 06:10:20.755,0.78396,0.78407,2.25,1.88
2012.08.13 06:10:20.821,0.78396,0.78407,1.50,3.60
2012.08.13 06:10:21.294,0.78398,0.78408,1.50,3.23
2012.08.13 06:10:21.595,0.78398,0.78409,1.50,1.50
2012.08.13 06:10:22.225,0.78399,0.7841,1.50,2.85
2012.08.13 06:10:23.043,0.78398,0.78409,1.50,1.50
2012.08.13 06:10:33.177,0.78398,0.78409,1.50,1.88
2012.08.13 06:10:34.048,0.78397,0.78408,3.00,1.88
2012.08.13 06:10:34.607,0.78398,0.78409,1.50,1.88
2012.08.13 06:10:35.133,0.78397,0.78408,1.50,3.00
2012.08.13 06:10:37.228,0.78397,0.78407,1.50,1.50
2012.08.13 06:10:37.410,0.78395,0.78406,3.38,1.88
2012.08.13 06:10:40.304,0.78395,0.78406,1.50,1.73
2012.08.13 06:10:43.256,0.78395,0.78406,1.50,2.10
2012.08.13 06:10:49.077,0.78394,0.78403,1.50,1.50
2012.08.13 06:10:50.816,0.78393,0.78402,1.50,1.50
2012.08.13 06:10:52.732,0.78393,0.78402,1.50,1.88
2012.08.13 06:10:54.496,0.78393,0.78402,1.50,1.50
2012.08.13 06:10:55.034,0.78394,0.78404,1.50,1.50
2012.08.13 06:10:55.157,0.78397,0.78406,1.50,2.10
2012.08.13 06:10:55.220,0.78395,0.78406,1.50,2.10
2012.08.13 06:10:55.922,0.78393,0.78404,1.50,1.50
2012.08.13 06:10:57.874,0.78393,0.78402,1.50,1.50
2012.08.13 06:10:58.810,0.78393,0.78403,1.50,1.50
2012.08.13 06:10:59.689,0.78393,0.78404,1.50,2.63
2012.08.13 06:11:00.971,0.78393,0.78403,1.50,1.50
2012.08.13 06:11:01.047,0.78391,0.78402,1.73,1.50
2012.08.13 06:11:01.111,0.78391,0.78399,1.73,1.13
2012.08.13 06:11:01.412,0.78387,0.78396,1.50,3.23
2012.08.13 06:11:01.856,0.78388,0.78399,2.25,1.50
2012.08.13 06:11:08.732,0.78388,0.78399,2.48,1.50
2012.08.13 06:11:09.354,0.7839,0.78401,2.25,1.50
2012.08.13 06:11:09.593,0.7839,0.78399,2.25,1.50
2012.08.13 06:11:14.252,0.78388,0.78397,1.50,1.50
2012.08.13 06:11:14.375,0.78388,0.78399,1.50,1.50
2012.08.13 06:11:18.664,0.78389,0.78398,1.50,1.50
2012.08.13 06:11:19.584,0.78389,0.78398,1.73,1.50
2012.08.13 06:11:20.179,0.78389,0.78398,1.73,1.50
2012.08.13 06:11:27.606,0.78388,0.78397,1.50,1.50
2012.08.13 06:11:27.732,0.78386,0.78395,4.13,1.50
2012.08.13 06:11:28.268,0.78386,0.78395,3.00,1.50
2012.08.13 06:11:28.774,0.78386,0.78394,1.13,1.50
2012.08.13 06:11:29.315,0.78386,0.78395,1.88,1.50
2012.08.13 06:11:30.571,0.78385,0.78394,1.88,1.50
2012.08.13 06:11:31.107,0.78385,0.78394,1.50,1.50
2012.08.13 06:11:31.411,0.78383,0.78392,2.63,1.50
2012.08.13 06:11:35.221,0.78383,0.78394,2.63,1.50
2012.08.13 06:11:35.344,0.78383,0.78392,2.63,1.50
2012.08.13 06:11:37.534,0.78381,0.7839,1.50,1.50
2012.08.13 06:11:38.039,0.7838,0.78389,1.88,1.50
2012.08.13 06:11:38.634,0.7838,0.78391,1.88,1.50
2012.08.13 06:11:39.170,0.7838,0.78391,2.10,1.50
2012.08.13 06:11:43.081,0.7838,0.78389,2.10,1.50
2012.08.13 06:11:43.865,0.78381,0.7839,1.50,1.50
2012.08.13 06:11:44.370,0.78379,0.7839,1.88,1.50
2012.08.13 06:11:46.733,0.7838,0.78391,1.88,3.00
2012.08.13 06:11:48.388,0.78379,0.7839,1.88,1.50
2012.08.13 06:11:52.221,0.78379,0.7839,1.88,1.50
2012.08.13 06:11:54.823,0.78379,0.7839,1.88,1.50
2012.08.13 06:11:55.367,0.78379,0.7839,1.88,1.50
2012.08.13 06:12:09.008,0.78379,0.78389,1.88,1.50
2012.08.13 06:12:09.367,0.78374,0.78385,3.60,1.50
2012.08.13 06:12:10.087,0.78375,0.78384,1.88,1.50
2012.08.13 06:12:12.734,0.78376,0.78385,1.88,1.50
2012.08.13 06:12:17.932,0.78376,0.78385,1.88,1.50
2012.08.13 06:12:18.769,0.78377,0.78386,2.10,1.50
2012.08.13 06:12:19.302,0.78377,0.78386,1.88,1.50
2012.08.13 06:12:26.904,0.78379,0.78388,1.50,1.50
2012.08.13 06:12:27.204,0.7838,0.7839,1.50,1.50
2012.08.13 06:12:27.739,0.7838,0.78391,2.63,1.50
2012.08.13 06:12:28.275,0.78381,0.78391,1.50,1.50
2012.08.13 06:12:28.399,0.78382,0.78393,2.85,1.50
2012.08.13 06:12:28.934,0.78383,0.78394,2.10,1.50
2012.08.13 06:12:38.528,0.78383,0.78394,2.10,1.50
2012.08.13 06:12:39.067,0.78382,0.78393,1.73,1.50
2012.08.13 06:12:39.250,0.7838,0.78391,3.98,1.50
2012.08.13 06:12:46.080,0.7838,0.78391,2.10,1.50
2012.08.13 06:12:46.442,0.78383,0.78394,1.50,2.25
2012.08.13 06:12:46.565,0.78383,0.78392,1.50,1.50
2012.08.13 06:12:52.369,0.7838,0.78391,2.10,1.50
2012.08.13 06:12:55.331,0.78379,0.7839,3.23,1.50
2012.08.13 06:12:55.840,0.7838,0.78391,2.10,1.50
2012.08.13 06:13:15.071,0.78382,0.78393,1.50,1.50
2012.08.13 06:13:16.264,0.78384,0.78393,1.50,1.50
2012.08.13 06:13:16.797,0.78382,0.78393,1.50,1.50
2012.08.13 06:13:24.658,0.78383,0.78394,1.50,1.50
2012.08.13 06:13:25.200,0.78383,0.78392,1.50,1.50
2012.08.13 06:13:34.954,0.78381,0.7839,1.88,1.50
2012.08.13 06:13:52.656,0.78383,0.78392,1.50,1.50
2012.08.13 06:14:07.329,0.78384,0.78393,1.50,1.50
2012.08.13 06:14:07.877,0.78385,0.78394,1.50,1.50
2012.08.13 06:14:18.974,0.78382,0.78393,1.88,1.50
2012.08.13 06:14:19.509,0.78381,0.7839,1.50,1.50
2012.08.13 06:14:23.524,0.78384,0.78393,1.50,1.50
2012.08.13 06:14:23.949,0.78382,0.78391,1.50,1.50
2012.08.13 06:14:30.246,0.78381,0.7839,1.50,1.50
2012.08.13 06:14:31.234,0.78381,0.78392,1.50,1.73
2012.08.13 06:14:31.299,0.78381,0.7839,1.88,1.50
2012.08.13 06:14:51.120,0.7838,0.78391,1.50,1.73
2012.08.13 06:14:51.654,0.78381,0.78392,1.50,1.73
2012.08.13 06:14:52.597,0.7838,0.78391,1.50,1.73
2012.08.13 06:14:53.129,0.78381,0.78392,1.50,1.73
2012.08.13 06:15:01.648,0.78381,0.78392,3.38,1.50
2012.08.13 06:15:02.001,0.78382,0.78392,1.13,1.50
2012.08.13 06:15:02.539,0.78384,0.78393,1.88,1.50
2012.08.13 06:15:03.951,0.78385,0.78396,1.50,2.48
2012.08.13 06:15:05.808,0.78385,0.78396,2.25,1.73
2012.08.13 06:15:06.320,0.78385,0.78396,2.25,1.73
2012.08.13 06:15:08.231,0.78384,0.78395,1.88,1.50
2012.08.13 06:15:09.945,0.78386,0.78395,1.50,1.50
2012.08.13 06:15:10.770,0.78385,0.78394,1.50,1.50
2012.08.13 06:15:13.454,0.78385,0.78396,2.25,1.73
2012.08.13 06:15:14.274,0.78385,0.78396,2.25,1.73
2012.08.13 06:15:16.433,0.78385,0.78395,1.50,1.50
2012.08.13 06:15:16.979,0.78385,0.78396,2.25,1.73
2012.08.13 06:15:20.503,0.78388,0.78397,1.50,3.23
2012.08.13 06:15:20.807,0.78391,0.784,1.50,1.73
2012.08.13 06:15:20.872,0.78391,0.784,1.50,1.73
2012.08.13 06:15:21.385,0.78392,0.784,1.13,1.50
2012.08.13 06:15:21.455,0.78394,0.78403,1.88,3.23
2012.08.13 06:15:21.580,0.78395,0.78403,2.25,3.00
2012.08.13 06:15:21.647,0.78396,0.78405,2.63,1.50
2012.08.13 06:15:21.711,0.78398,0.78407,1.50,1.50
2012.08.13 06:15:21.893,0.78398,0.78409,1.50,2.63
2012.08.13 06:15:22.427,0.784,0.78409,1.50,1.50
2012.08.13 06:15:22.728,0.78403,0.78412,1.50,1.50
2012.08.13 06:15:23.144,0.78404,0.78414,1.50,1.88
2012.08.13 06:15:23.209,0.78402,0.78414,2.63,1.88
2012.08.13 06:15:23.449,0.78402,0.78414,1.13,1.13
2012.08.13 06:15:23.750,0.78404,0.78417,1.35,1.50
2012.08.13 06:15:24.285,0.78405,0.78418,1.13,2.48
2012.08.13 06:15:30.702,0.78405,0.78418,2.25,2.48
2012.08.13 06:15:30.940,0.78405,0.78418,2.25,2.25
2012.08.13 06:15:40.049,0.78406,0.7842,2.25,2.48
2012.08.13 06:15:40.561,0.78406,0.7842,2.25,2.48
2012.08.13 06:15:43.362,0.78407,0.78419,1.88,2.48
2012.08.13 06:15:43.897,0.78405,0.78419,1.50,4.35
2012.08.13 06:15:44.139,0.78405,0.78416,1.13,2.48
2012.08.13 06:15:44.205,0.78402,0.78416,3.38,2.48
2012.08.13 06:15:44.744,0.78401,0.78416,1.13,1.35
2012.08.13 06:16:00.095,0.78402,0.78415,1.13,1.73
2012.08.13 06:16:00.381,0.784,0.78415,1.50,1.35
2012.08.13 06:16:00.763,0.784,0.78415,1.50,2.16
2012.08.13 06:16:04.882,0.784,0.78414,1.13,1.35
2012.08.13 06:16:11.199,0.784,0.78415,1.13,3.60
2012.08.13 06:16:11.971,0.784,0.78415,1.13,2.85
2012.08.13 06:16:21.290,0.784,0.78415,1.13,2.10
2012.08.13 06:16:25.727,0.784,0.78413,1.13,2.10
2012.08.13 06:16:29.902,0.784,0.78413,1.13,2.10
2012.08.13 06:16:30.473,0.784,0.78413,1.13,2.10
2012.08.13 06:16:33.701,0.784,0.78413,1.13,2.10
2012.08.13 06:16:33.995,0.78399,0.78413,1.13,2.10
2012.08.13 06:16:34.232,0.78399,0.78413,1.13,2.10
2012.08.13 06:16:34.806,0.78399,0.78413,1.13,2.85
2012.08.13 06:16:36.051,0.78399,0.78413,1.13,3.44
2012.08.13 06:16:36.802,0.78398,0.78411,1.88,1.35
2012.08.13 06:16:36.868,0.78398,0.78411,1.88,1.35
2012.08.13 06:16:37.173,0.78395,0.78408,1.20,2.10
2012.08.13 06:16:37.478,0.78394,0.78408,1.13,2.85
2012.08.13 06:16:37.544,0.78394,0.78408,1.13,2.85
2012.08.13 06:16:37.940,0.78391,0.78408,2.63,3.60
2012.08.13 06:16:38.181,0.78391,0.78408,1.13,3.60
2012.08.13 06:16:38.654,0.78393,0.78408,1.13,2.85
2012.08.13 06:16:38.719,0.78393,0.78408,1.13,2.85
2012.08.13 06:16:42.947,0.78395,0.78408,1.13,2.10
2012.08.13 06:16:43.251,0.78396,0.78408,1.13,2.10
2012.08.13 06:16:43.375,0.78396,0.78408,1.13,2.10
2012.08.13 06:16:43.440,0.78396,0.78408,1.13,2.85
2012.08.13 06:16:43.505,0.78392,0.78408,1.88,2.85
2012.08.13 06:16:44.041,0.78393,0.78408,1.13,2.85
2012.08.13 06:16:44.568,0.78393,0.78408,1.13,2.85
2012.08.13 06:16:49.332,0.78392,0.78408,2.25,2.85
2012.08.13 06:16:49.630,0.78393,0.78408,1.13,1.73
2012.08.13 06:16:49.812,0.78392,0.78408,2.25,1.73
2012.08.13 06:16:49.882,0.78393,0.78408,1.13,1.73
2012.08.13 06:16:49.946,0.78393,0.78409,1.13,3.98
2012.08.13 06:16:50.246,0.78395,0.78409,1.13,3.23
2012.08.13 06:16:50.781,0.78396,0.78409,1.13,2.10
2012.08.13 06:16:51.863,0.78393,0.78409,3.98,2.10
2012.08.13 06:16:54.430,0.78396,0.78409,1.50,2.10
2012.08.13 06:16:54.965,0.78397,0.78409,1.13,2.10
2012.08.13 06:16:55.496,0.78397,0.78409,1.50,2.10
2012.08.13 06:16:56.030,0.78397,0.78409,1.13,3.38
2012.08.13 06:16:56.709,0.78397,0.78409,1.13,3.60
2012.08.13 06:16:57.327,0.78396,0.7841,3.00,2.25
2012.08.13 06:16:58.273,0.78398,0.7841,1.88,2.25
2012.08.13 06:17:03.801,0.78398,0.7841,1.50,2.48
2012.08.13 06:17:08.280,0.78397,0.78411,1.13,3.60
2012.08.13 06:17:09.637,0.78397,0.7841,1.50,2.48
2012.08.13 06:17:14.112,0.78397,0.78409,1.50,2.25
2012.08.13 06:17:14.886,0.78397,0.78409,1.50,2.48
2012.08.13 06:17:27.888,0.78398,0.7841,1.13,3.60
2012.08.13 06:17:28.011,0.78396,0.7841,1.50,3.60
2012.08.13 06:17:28.251,0.78396,0.7841,1.13,3.60
2012.08.13 06:17:28.458,0.78396,0.78408,1.13,3.23
2012.08.13 06:17:28.582,0.78396,0.78407,1.13,2.48
2012.08.13 06:17:28.767,0.78393,0.78407,1.50,2.48
2012.08.13 06:17:28.891,0.78394,0.78406,1.13,3.60
2012.08.13 06:17:29.127,0.78392,0.78406,1.65,3.60
2012.08.13 06:17:29.255,0.78392,0.78404,1.13,1.13
2012.08.13 06:17:29.381,0.78391,0.78404,1.88,1.35
2012.08.13 06:17:29.631,0.78389,0.78402,1.13,2.48
2012.08.13 06:17:30.527,0.78389,0.78402,1.13,2.85
2012.08.13 06:17:30.653,0.78388,0.78401,1.13,2.10
2012.08.13 06:17:31.097,0.78385,0.78398,2.10,1.13
2012.08.13 06:17:31.162,0.78385,0.78396,1.35,1.13
2012.08.13 06:17:31.480,0.78381,0.78396,1.88,2.10
2012.08.13 06:17:31.663,0.78381,0.78396,1.13,2.10
2012.08.13 06:17:31.904,0.78381,0.78396,1.50,2.10
2012.08.13 06:17:32.441,0.78382,0.78396,1.50,2.10
2012.08.13 06:17:32.858,0.78382,0.78396,2.25,2.10
2012.08.13 06:17:33.512,0.78382,0.78396,2.25,2.10
2012.08.13 06:17:33.757,0.78382,0.78393,2.25,1.13
2012.08.13 06:17:33.883,0.78382,0.78396,2.25,2.10
2012.08.13 06:17:36.284,0.78381,0.78395,1.50,2.10
2012.08.13 06:17:36.803,0.7838,0.78395,1.50,2.10
2012.08.13 06:17:38.605,0.7838,0.78396,1.88,1.35
2012.08.13 06:17:39.148,0.78379,0.78393,1.13,1.35
2012.08.13 06:17:40.024,0.78379,0.78393,1.13,1.35
2012.08.13 06:17:41.144,0.78379,0.78393,1.88,1.35
2012.08.13 06:17:41.329,0.78379,0.78393,2.25,1.35
2012.08.13 06:17:41.870,0.7838,0.78396,1.88,3.23
2012.08.13 06:17:42.417,0.78382,0.78397,1.50,1.73
2012.08.13 06:17:42.544,0.78385,0.78399,1.13,4.35
2012.08.13 06:17:42.792,0.78386,0.78401,1.13,1.35
2012.08.13 06:17:43.324,0.78387,0.78402,1.50,2.10
2012.08.13 06:17:43.974,0.78387,0.78402,1.50,2.10
2012.08.13 06:17:44.158,0.78387,0.78402,1.50,2.10
2012.08.13 06:17:44.515,0.78388,0.78402,1.13,1.35
2012.08.13 06:17:44.822,0.78391,0.78404,2.63,1.35
2012.08.13 06:17:45.001,0.78393,0.78404,1.88,1.35
2012.08.13 06:17:45.069,0.78394,0.78408,1.35,1.50
2012.08.13 06:17:45.136,0.78395,0.78402,1.13,1.13
2012.08.13 06:17:45.203,0.78393,0.78402,2.85,1.13
2012.08.13 06:17:45.455,0.78392,0.78402,1.88,1.13
2012.08.13 06:17:45.702,0.78392,0.78398,1.88,1.13
2012.08.13 06:17:45.767,0.78389,0.78398,1.50,1.35
2012.08.13 06:17:46.004,0.78389,0.784,1.50,3.00
2012.08.13 06:17:46.539,0.78387,0.784,1.88,1.50
2012.08.13 06:17:47.783,0.78387,0.78402,1.88,3.23
2012.08.13 06:17:48.025,0.78388,0.78402,1.73,1.50
2012.08.13 06:17:48.331,0.78393,0.784,1.50,1.35
2012.08.13 06:17:48.516,0.78393,0.78402,1.50,1.13
2012.08.13 06:17:49.052,0.78392,0.78405,1.50,4.35
2012.08.13 06:17:49.594,0.78392,0.78403,1.50,2.10
2012.08.13 06:17:50.131,0.78388,0.78403,3.23,3.98
2012.08.13 06:17:52.135,0.78388,0.78402,2.63,2.48
2012.08.13 06:17:53.462,0.78388,0.78401,2.63,1.73
2012.08.13 06:17:53.526,0.78388,0.78401,2.63,1.73
2012.08.13 06:17:54.120,0.78389,0.784,1.50,2.48
2012.08.13 06:17:54.184,0.78389,0.784,1.88,2.48
2012.08.13 06:17:54.726,0.78391,0.78402,1.50,2.48
2012.08.13 06:17:55.267,0.7839,0.78401,1.88,1.73
2012.08.13 06:17:55.392,0.78391,0.78402,1.88,1.50
2012.08.13 06:17:55.753,0.78391,0.784,1.88,1.73
2012.08.13 06:17:56.412,0.78392,0.78401,1.50,1.50
2012.08.13 06:17:56.917,0.78391,0.784,1.88,1.50
2012.08.13 06:17:58.809,0.78388,0.78398,1.88,1.50
2012.08.13 06:17:59.406,0.78387,0.78398,1.88,1.50
2012.08.13 06:17:59.976,0.7839,0.78399,1.88,2.48
2012.08.13 06:18:00.542,0.78388,0.78397,1.88,1.50
2012.08.13 06:18:01.044,0.78388,0.78397,1.88,1.73
2012.08.13 06:18:02.690,0.78389,0.784,1.88,1.50
2012.08.13 06:18:13.134,0.78389,0.78398,1.88,1.50
2012.08.13 06:18:14.201,0.78389,0.784,1.88,2.25
2012.08.13 06:18:18.870,0.78388,0.78397,2.10,1.50
2012.08.13 06:18:19.393,0.78388,0.78397,2.10,1.50
2012.08.13 06:18:19.457,0.78388,0.78399,2.10,1.50
2012.08.13 06:18:20.212,0.78388,0.78397,2.10,1.50
2012.08.13 06:18:24.810,0.78388,0.78399,2.10,1.50
2012.08.13 06:18:26.453,0.78387,0.78398,2.10,1.50
2012.08.13 06:18:26.982,0.78385,0.78395,1.35,1.50
2012.08.13 06:18:27.104,0.78384,0.78395,3.60,1.50
2012.08.13 06:18:27.403,0.78385,0.78395,1.50,1.50
2012.08.13 06:18:27.529,0.78383,0.78392,1.73,1.50
2012.08.13 06:18:38.481,0.78383,0.78394,1.88,1.50
2012.08.13 06:18:47.766,0.78385,0.78396,1.88,1.50
2012.08.13 06:18:47.891,0.78385,0.78396,1.88,1.50
2012.08.13 06:18:48.425,0.78384,0.78395,1.88,1.50
2012.08.13 06:18:48.952,0.78384,0.78395,1.88,1.50
2012.08.13 06:18:49.499,0.78385,0.78394,1.88,1.50
2012.08.13 06:18:49.854,0.78385,0.78394,1.88,1.50
2012.08.13 06:18:50.094,0.78385,0.78396,1.88,1.50
2012.08.13 06:18:50.390,0.78385,0.78396,1.88,1.50
2012.08.13 06:18:50.630,0.78385,0.78394,1.88,1.50
2012.08.13 06:18:50.984,0.78385,0.78394,1.88,1.50
2012.08.13 06:18:51.604,0.78386,0.78395,1.88,1.50
2012.08.13 06:18:52.165,0.78384,0.78395,1.88,1.50
2012.08.13 06:18:57.107,0.78384,0.78395,3.00,1.50
2012.08.13 06:18:59.256,0.78383,0.78394,1.88,1.50
2012.08.13 06:19:00.056,0.78386,0.78395,1.88,1.50
2012.08.13 06:19:01.852,0.78386,0.78395,1.88,1.50
2012.08.13 06:19:02.213,0.78384,0.78395,2.63,1.50
2012.08.13 06:19:02.463,0.78384,0.78395,2.63,1.50
2012.08.13 06:19:02.648,0.78384,0.78395,1.88,1.50
2012.08.13 06:19:03.182,0.78384,0.78395,2.10,1.50
2012.08.13 06:19:04.932,0.78384,0.78395,1.88,1.50
2012.08.13 06:19:06.588,0.78384,0.78395,1.88,1.50
2012.08.13 06:19:06.833,0.78384,0.78395,1.88,1.50
2012.08.13 06:19:08.954,0.78384,0.78395,1.88,1.50
2012.08.13 06:19:09.191,0.78384,0.78395,1.88,1.50
2012.08.13 06:19:10.934,0.78384,0.78395,1.88,1.50
2012.08.13 06:19:11.114,0.78384,0.78395,1.88,1.50
2012.08.13 06:19:12.915,0.78384,0.78395,2.10,1.50
2012.08.13 06:19:13.608,0.78384,0.78395,2.25,1.50
2012.08.13 06:19:14.860,0.78384,0.78395,2.25,1.50
2012.08.13 06:19:15.216,0.78382,0.78393,4.73,1.50
2012.08.13 06:19:15.850,0.78382,0.78394,4.35,1.50
2012.08.13 06:19:16.920,0.78384,0.78393,1.88,1.50
2012.08.13 06:19:17.424,0.78382,0.78392,4.35,1.50
2012.08.13 06:19:19.737,0.78382,0.78394,3.23,1.50
2012.08.13 06:19:19.929,0.78382,0.78392,3.23,1.50
2012.08.13 06:19:20.714,0.78384,0.78393,1.88,1.50
2012.08.13 06:19:23.887,0.78383,0.78392,1.88,1.50
2012.08.13 06:19:34.963,0.78383,0.78394,1.88,1.50
2012.08.13 06:19:35.759,0.78382,0.78393,2.10,1.50
2012.08.13 06:19:35.880,0.78382,0.78393,2.10,1.50
2012.08.13 06:19:36.177,0.78381,0.7839,3.75,1.50
2012.08.13 06:19:36.658,0.78379,0.78388,1.50,1.50
2012.08.13 06:19:36.913,0.78377,0.78388,3.75,1.50
2012.08.13 06:19:37.452,0.78377,0.78388,1.88,1.50
2012.08.13 06:19:40.925,0.78377,0.78386,2.25,1.50
2012.08.13 06:19:41.050,0.78375,0.78386,3.38,1.50
2012.08.13 06:19:41.739,0.78375,0.78384,1.50,1.73
2012.08.13 06:19:42.044,0.78376,0.78385,1.88,1.50
2012.08.13 06:19:42.401,0.78376,0.78385,1.88,1.50
2012.08.13 06:19:42.467,0.78376,0.78387,1.88,1.50
2012.08.13 06:19:42.946,0.78375,0.78384,3.60,1.50
2012.08.13 06:19:43.011,0.78376,0.78387,1.88,1.50
2012.08.13 06:19:43.134,0.78376,0.78387,1.88,1.50
2012.08.13 06:19:43.260,0.78376,0.78385,1.88,1.50
2012.08.13 06:19:43.564,0.78373,0.78384,3.75,1.50
2012.08.13 06:19:43.688,0.78374,0.78383,1.88,1.50
2012.08.13 06:19:44.366,0.78374,0.78385,1.88,1.50
2012.08.13 06:19:45.117,0.78374,0.78385,1.88,1.50
2012.08.13 06:19:45.499,0.78374,0.78385,1.88,1.50
2012.08.13 06:19:46.046,0.78372,0.78383,2.63,1.50
2012.08.13 06:19:47.531,0.78372,0.78381,1.88,1.50
2012.08.13 06:19:51.601,0.78371,0.7838,1.88,1.50
2012.08.13 06:19:51.666,0.78371,0.7838,1.50,1.50
2012.08.13 06:19:52.695,0.78369,0.78378,1.88,1.50
2012.08.13 06:19:55.382,0.78369,0.7838,1.88,1.50
2012.08.13 06:19:57.197,0.78369,0.7838,3.00,2.25
2012.08.13 06:19:57.730,0.78369,0.7838,1.88,1.50
2012.08.13 06:20:01.763,0.78372,0.78381,1.50,1.50
2012.08.13 06:20:02.118,0.7837,0.78381,1.88,1.50
2012.08.13 06:20:08.376,0.78372,0.78381,1.13,1.50
2012.08.13 06:20:08.678,0.78374,0.78382,1.13,2.25
2012.08.13 06:20:08.921,0.78374,0.78384,1.13,1.50
2012.08.13 06:20:19.369,0.78375,0.78385,1.50,1.50
2012.08.13 06:20:19.901,0.78376,0.78385,1.50,1.50
2012.08.13 06:20:22.672,0.78377,0.78386,1.50,1.50
2012.08.13 06:20:23.211,0.78379,0.78388,1.50,1.50
2012.08.13 06:20:23.397,0.78377,0.78388,2.63,1.50
2012.08.13 06:20:23.950,0.78378,0.78387,1.50,1.50
2012.08.13 06:20:24.391,0.78376,0.78385,1.50,1.50
2012.08.13 06:20:27.122,0.78374,0.78385,1.50,2.25
2012.08.13 06:20:27.366,0.78373,0.78383,1.50,1.50
2012.08.13 06:20:27.900,0.78373,0.78383,1.35,1.50
2012.08.13 06:20:29.052,0.78372,0.78383,1.88,1.50
2012.08.13 06:20:29.938,0.78372,0.78383,2.25,2.25
2012.08.13 06:20:30.486,0.7837,0.78381,2.10,1.50
2012.08.13 06:20:31.011,0.78372,0.78381,1.50,1.50
2012.08.13 06:20:34.293,0.78372,0.78381,1.88,1.50
2012.08.13 06:20:36.139,0.78372,0.78381,1.13,1.50
2012.08.13 06:20:36.203,0.7837,0.78381,1.73,1.50
2012.08.13 06:20:36.445,0.78368,0.78381,7.15,3.00
2012.08.13 06:20:37.010,0.78368,0.78377,1.13,1.50
2012.08.13 06:20:37.202,0.78368,0.78379,1.13,2.63
2012.08.13 06:20:37.758,0.78368,0.78379,2.63,2.63
2012.08.13 06:20:40.840,0.78368,0.78379,2.63,1.88
2012.08.13 06:20:43.272,0.78371,0.7838,1.50,1.13
2012.08.13 06:20:44.483,0.7837,0.7838,1.50,1.13
2012.08.13 06:20:44.786,0.7837,0.7838,1.50,2.10
2012.08.13 06:20:45.003,0.78367,0.78378,1.50,2.25
2012.08.13 06:20:45.243,0.78369,0.78378,1.50,2.25
2012.08.13 06:20:47.456,0.78369,0.78378,1.50,3.75
2012.08.13 06:20:47.521,0.78366,0.78376,3.00,1.13
2012.08.13 06:20:47.777,0.78369,0.78376,1.50,2.85
2012.08.13 06:20:47.844,0.78364,0.78375,1.50,2.48
2012.08.13 06:20:49.877,0.78364,0.78375,1.88,2.25
2012.08.13 06:20:50.061,0.78366,0.78377,1.50,3.23
2012.08.13 06:20:50.601,0.78365,0.78376,1.50,1.50
2012.08.13 06:20:51.145,0.78365,0.78375,1.50,1.13
2012.08.13 06:20:53.667,0.78367,0.78376,1.50,2.25
2012.08.13 06:20:53.910,0.78368,0.78379,1.50,2.85
2012.08.13 06:20:54.180,0.78368,0.78379,1.50,2.10
2012.08.13 06:20:56.274,0.7837,0.7838,1.50,1.88
2012.08.13 06:20:56.576,0.78372,0.78381,1.50,1.50
2012.08.13 06:20:56.816,0.7837,0.78381,3.38,1.50
2012.08.13 06:20:56.881,0.78372,0.78381,1.13,1.50
2012.08.13 06:20:57.534,0.78372,0.78383,1.13,1.50
2012.08.13 06:20:58.186,0.7837,0.7838,1.73,1.50
2012.08.13 06:20:58.370,0.78369,0.78379,1.13,1.50
2012.08.13 06:20:58.905,0.78369,0.78379,2.85,1.50
2012.08.13 06:21:00.207,0.7837,0.78381,2.10,3.00
2012.08.13 06:21:02.656,0.78372,0.78381,1.13,1.50
2012.08.13 06:21:03.190,0.78372,0.78382,1.13,1.50
2012.08.13 06:21:05.448,0.78372,0.7838,1.13,1.50
2012.08.13 06:21:05.573,0.78372,0.78382,1.13,1.50
2012.08.13 06:21:05.939,0.78372,0.7838,1.13,1.50
2012.08.13 06:21:06.492,0.78369,0.78379,1.73,1.50
2012.08.13 06:21:07.528,0.78369,0.78378,1.73,1.50
2012.08.13 06:21:09.201,0.78369,0.78379,3.23,1.50
2012.08.13 06:21:10.036,0.78369,0.78378,1.13,1.50
2012.08.13 06:21:10.792,0.78369,0.78379,1.13,1.50
2012.08.13 06:21:14.146,0.78371,0.7838,1.50,1.50
2012.08.13 06:21:14.905,0.7837,0.78381,1.50,1.50
2012.08.13 06:21:16.024,0.78371,0.78382,1.50,1.50
2012.08.13 06:21:16.332,0.78371,0.7838,1.50,1.73
2012.08.13 06:21:17.200,0.78373,0.7838,1.13,1.73
2012.08.13 06:21:17.383,0.78373,0.78382,1.13,1.50
2012.08.13 06:21:18.424,0.78374,0.78383,1.50,1.50
2012.08.13 06:21:19.086,0.78373,0.78383,1.13,1.50
2012.08.13 06:21:19.618,0.78373,0.78383,1.13,1.73
2012.08.13 06:21:19.803,0.78373,0.7838,1.13,1.50
2012.08.13 06:21:19.926,0.78371,0.7838,2.63,1.50
2012.08.13 06:21:29.357,0.78371,0.78382,2.63,1.88
2012.08.13 06:21:29.895,0.78371,0.78381,1.13,1.50
2012.08.13 06:21:30.842,0.78371,0.7838,2.63,1.50
2012.08.13 06:21:31.378,0.78372,0.78381,1.50,1.50
2012.08.13 06:21:34.937,0.78373,0.78384,1.50,1.50
2012.08.13 06:21:35.497,0.78373,0.78383,1.13,1.50
2012.08.13 06:21:37.349,0.78374,0.78383,1.50,1.50
2012.08.13 06:21:38.657,0.78373,0.78383,1.13,1.50
2012.08.13 06:21:39.515,0.78373,0.78384,2.63,1.50
2012.08.13 06:21:44.944,0.78373,0.78382,1.50,1.50
2012.08.13 06:21:48.189,0.78371,0.7838,3.00,1.50
2012.08.13 06:21:52.072,0.78368,0.78378,1.50,1.50
2012.08.13 06:21:52.776,0.78369,0.78378,1.50,1.50
2012.08.13 06:21:58.048,0.78368,0.78377,1.50,1.50
2012.08.13 06:21:59.862,0.7837,0.78379,1.50,1.50
2012.08.13 06:22:00.528,0.78372,0.78381,1.50,1.73
2012.08.13 06:22:01.029,0.78371,0.7838,1.50,1.73
2012.08.13 06:22:02.196,0.78372,0.78381,1.50,1.73
2012.08.13 06:22:02.317,0.7837,0.78381,1.50,1.73
2012.08.13 06:22:06.073,0.78369,0.78378,1.50,1.50
2012.08.13 06:22:06.310,0.78369,0.7838,1.50,1.50
2012.08.13 06:22:12.036,0.78367,0.78378,2.25,1.50
2012.08.13 06:22:13.809,0.78369,0.78378,1.50,1.50
2012.08.13 06:22:23.930,0.78368,0.78377,1.50,1.50
2012.08.13 06:22:24.693,0.78368,0.78379,1.50,1.50
2012.08.13 06:22:25.260,0.78368,0.78377,1.50,1.50
2012.08.13 06:22:25.782,0.78367,0.78378,1.50,1.50
2012.08.13 06:22:28.797,0.78369,0.78378,1.50,1.50
2012.08.13 06:22:29.033,0.78367,0.78378,1.50,1.50
2012.08.13 06:22:37.226,0.78367,0.78378,1.88,1.50
2012.08.13 06:22:41.653,0.78368,0.78379,1.88,1.50
2012.08.13 06:22:45.488,0.78368,0.78377,1.88,1.50
2012.08.13 06:22:48.521,0.78369,0.78378,1.88,1.50
2012.08.13 06:22:49.045,0.78368,0.78377,1.88,1.50
2012.08.13 06:22:52.743,0.78369,0.78378,1.88,1.50
2012.08.13 06:22:53.540,0.78368,0.78377,1.88,1.50
2012.08.13 06:22:54.176,0.78368,0.78379,1.88,1.50
2012.08.13 06:22:54.926,0.78368,0.78379,1.88,1.50
2012.08.13 06:22:55.617,0.78368,0.78379,1.88,1.50
2012.08.13 06:22:55.979,0.78367,0.78378,1.50,2.25
2012.08.13 06:22:56.401,0.78364,0.78373,1.50,1.50
2012.08.13 06:22:56.911,0.78363,0.78372,1.50,1.50
2012.08.13 06:22:57.095,0.78363,0.78374,1.88,1.50
2012.08.13 06:22:57.218,0.78363,0.78372,1.50,1.50
2012.08.13 06:23:00.544,0.78364,0.78373,1.50,1.50
2012.08.13 06:23:11.769,0.78366,0.78376,1.50,2.48
2012.08.13 06:23:12.013,0.78364,0.78374,1.50,2.25
2012.08.13 06:23:12.549,0.78363,0.78374,1.50,2.48
2012.08.13 06:23:13.974,0.78365,0.78374,1.50,2.48
2012.08.13 06:23:14.512,0.78366,0.78377,1.50,2.48
2012.08.13 06:23:15.047,0.78366,0.78377,1.50,2.48
2012.08.13 06:23:15.377,0.78366,0.78377,1.50,2.48
2012.08.13 06:23:15.645,0.78366,0.78377,1.50,2.48
2012.08.13 06:23:16.188,0.78367,0.78378,1.50,3.60
2012.08.13 06:23:17.206,0.78367,0.78378,1.50,3.60
2012.08.13 06:23:18.955,0.7837,0.78378,1.50,2.10
2012.08.13 06:23:19.079,0.7837,0.78379,1.50,1.50
2012.08.13 06:23:19.204,0.78371,0.78382,1.50,4.73
2012.08.13 06:23:19.744,0.78371,0.78382,1.50,3.23
2012.08.13 06:23:21.014,0.78373,0.78382,1.50,2.48
2012.08.13 06:23:21.873,0.78371,0.78382,1.50,2.48
2012.08.13 06:23:22.414,0.78372,0.78384,1.50,4.43
2012.08.13 06:23:22.536,0.78372,0.78384,1.50,4.43
2012.08.13 06:23:24.464,0.78373,0.78383,1.50,1.73
2012.08.13 06:23:25.908,0.78373,0.78383,1.50,1.50
2012.08.13 06:23:27.461,0.78375,0.78384,1.50,1.73
2012.08.13 06:23:27.995,0.78374,0.78385,1.50,1.88
2012.08.13 06:23:28.351,0.78374,0.78385,1.50,2.10
2012.08.13 06:23:28.709,0.78374,0.78385,1.50,1.73
2012.08.13 06:23:29.070,0.78376,0.78385,1.50,1.50
2012.08.13 06:23:29.677,0.78376,0.78385,1.50,1.73
2012.08.13 06:23:29.741,0.78374,0.78383,3.00,1.73
2012.08.13 06:23:30.751,0.78374,0.78383,1.50,1.73
2012.08.13 06:23:36.328,0.78371,0.78382,1.50,1.73
2012.08.13 06:23:38.948,0.78373,0.78383,1.50,2.48
2012.08.13 06:23:40.806,0.78371,0.78383,1.50,2.48
2012.08.13 06:23:40.869,0.78371,0.78383,1.50,2.48
2012.08.13 06:23:41.689,0.7837,0.78381,1.88,1.73
2012.08.13 06:23:41.933,0.78372,0.78383,1.50,2.93
2012.08.13 06:23:42.704,0.78372,0.78381,1.50,1.50
2012.08.13 06:23:42.827,0.7837,0.78381,1.50,1.50
2012.08.13 06:23:47.635,0.78369,0.78378,1.50,1.50
2012.08.13 06:23:48.461,0.78368,0.78379,1.88,1.73
2012.08.13 06:23:48.995,0.78369,0.7838,1.50,3.23
2012.08.13 06:23:49.504,0.78369,0.7838,1.88,3.00
2012.08.13 06:23:51.510,0.78369,0.7838,1.88,3.00
2012.08.13 06:23:53.158,0.78369,0.78378,1.88,1.50
2012.08.13 06:23:53.692,0.78369,0.78378,1.50,2.25
2012.08.13 06:23:54.298,0.78369,0.78378,1.50,1.50
2012.08.13 06:23:55.054,0.78366,0.78377,1.50,1.50
2012.08.13 06:23:55.591,0.78368,0.78377,1.50,1.50
2012.08.13 06:23:56.208,0.7837,0.78379,1.50,2.63
2012.08.13 06:23:56.760,0.7837,0.78379,1.50,2.85
2012.08.13 06:23:56.826,0.78368,0.78379,1.50,2.85
2012.08.13 06:24:00.101,0.78368,0.78379,1.50,3.38
2012.08.13 06:24:12.173,0.78368,0.78379,1.50,3.38
2012.08.13 06:24:12.296,0.78368,0.78379,1.50,3.60
2012.08.13 06:24:12.845,0.78367,0.78376,1.50,1.73
2012.08.13 06:24:13.387,0.78368,0.78377,1.50,1.73
2012.08.13 06:24:13.567,0.78366,0.78377,1.50,1.73
2012.08.13 06:24:16.176,0.78368,0.78377,1.50,2.48
2012.08.13 06:24:16.707,0.78368,0.78377,1.50,1.50
2012.08.13 06:24:16.831,0.78369,0.7838,1.50,3.23
2012.08.13 06:24:17.927,0.78369,0.7838,1.50,1.73
2012.08.13 06:24:21.475,0.78368,0.78379,1.50,1.50
2012.08.13 06:24:26.386,0.78368,0.78379,1.50,2.25
2012.08.13 06:24:30.770,0.78368,0.78379,1.50,2.25
2012.08.13 06:24:31.300,0.78368,0.78379,1.50,2.25
2012.08.13 06:24:32.296,0.78368,0.78379,1.50,2.25
2012.08.13 06:24:34.210,0.78368,0.78379,1.50,2.25
2012.08.13 06:24:34.742,0.78368,0.78379,1.50,1.50
2012.08.13 06:24:39.343,0.78368,0.78379,1.50,2.25
2012.08.13 06:24:39.583,0.78365,0.78376,1.88,1.50
2012.08.13 06:24:40.116,0.78365,0.78376,2.10,1.50
2012.08.13 06:24:41.011,0.78367,0.78377,1.50,2.25
2012.08.13 06:24:42.805,0.78367,0.78378,1.50,2.63
2012.08.13 06:24:43.354,0.7837,0.78378,1.50,1.13
2012.08.13 06:24:43.886,0.7837,0.78379,1.50,1.50
2012.08.13 06:24:45.034,0.78367,0.78378,2.10,1.50
2012.08.13 06:24:45.510,0.78365,0.78376,3.23,1.50
2012.08.13 06:24:47.460,0.78365,0.78376,1.88,1.50
2012.08.13 06:24:47.987,0.78365,0.78376,2.10,1.50
2012.08.13 06:24:48.747,0.78365,0.78376,2.10,1.50
2012.08.13 06:24:49.335,0.78366,0.78375,1.50,1.50
2012.08.13 06:24:49.871,0.78367,0.78376,1.73,1.50
2012.08.13 06:24:50.227,0.78365,0.78376,2.10,1.50
2012.08.13 06:24:54.916,0.78366,0.78377,1.73,1.50
2012.08.13 06:24:55.497,0.78366,0.78377,2.10,1.50
2012.08.13 06:24:56.018,0.78366,0.78377,2.10,1.50
2012.08.13 06:25:00.820,0.78366,0.78377,2.10,3.00
2012.08.13 06:25:02.794,0.78366,0.78377,2.10,1.50
2012.08.13 06:25:03.264,0.7837,0.78381,1.88,1.50
2012.08.13 06:25:04.245,0.78368,0.78379,1.88,1.50
2012.08.13 06:25:04.428,0.78371,0.78382,1.50,3.00
2012.08.13 06:25:04.551,0.78373,0.78382,1.50,3.00
2012.08.13 06:25:04.889,0.78371,0.7838,1.50,1.50
2012.08.13 06:25:06.987,0.78368,0.78379,2.10,1.50
2012.08.13 06:25:07.631,0.78372,0.78381,1.50,1.50
2012.08.13 06:25:09.186,0.78371,0.7838,1.50,1.50
2012.08.13 06:25:11.499,0.78373,0.78382,1.50,1.73
2012.08.13 06:25:13.472,0.78372,0.78381,1.50,1.50
2012.08.13 06:25:14.680,0.78372,0.78383,1.50,1.50
2012.08.13 06:25:15.218,0.78371,0.78382,1.50,1.50
2012.08.13 06:25:15.764,0.78371,0.78382,3.00,1.50
2012.08.13 06:25:16.067,0.78373,0.78382,1.88,1.50
2012.08.13 06:25:16.252,0.78373,0.78382,1.50,1.50
2012.08.13 06:25:16.497,0.78371,0.7838,3.60,1.50
2012.08.13 06:25:16.562,0.78371,0.7838,2.10,1.50
2012.08.13 06:25:17.872,0.78371,0.7838,1.88,1.50
2012.08.13 06:25:18.404,0.78371,0.7838,1.88,1.50
2012.08.13 06:25:26.964,0.78371,0.78379,1.50,1.50
2012.08.13 06:25:27.513,0.78367,0.78378,2.10,1.50
2012.08.13 06:25:29.847,0.78367,0.78378,1.88,1.50
2012.08.13 06:25:30.500,0.78367,0.78378,1.50,1.50
2012.08.13 06:25:31.513,0.7837,0.78379,1.50,3.23
2012.08.13 06:25:31.869,0.78368,0.78379,1.50,1.73
2012.08.13 06:25:32.784,0.78369,0.78379,1.13,1.73
2012.08.13 06:25:33.328,0.78368,0.78379,2.10,1.50
2012.08.13 06:25:34.873,0.78368,0.78379,1.73,1.50
2012.08.13 06:25:35.586,0.78367,0.78378,3.00,1.50
2012.08.13 06:25:36.111,0.78368,0.78379,1.50,1.50
2012.08.13 06:25:36.174,0.78368,0.78379,1.88,1.50
2012.08.13 06:25:38.500,0.7837,0.78381,1.88,3.00
2012.08.13 06:25:41.182,0.7837,0.78381,4.13,1.50
2012.08.13 06:25:41.487,0.78373,0.78384,2.63,3.00
2012.08.13 06:25:42.031,0.78375,0.78384,1.73,1.50
2012.08.13 06:25:43.124,0.78375,0.78382,1.73,1.50
2012.08.13 06:25:43.428,0.78373,0.78382,1.50,1.50
2012.08.13 06:25:43.903,0.7837,0.78381,4.73,1.50
2012.08.13 06:25:45.199,0.7837,0.78381,2.85,1.50
2012.08.13 06:25:46.699,0.7837,0.78381,2.85,1.50
2012.08.13 06:25:54.140,0.7837,0.78379,1.35,1.50
2012.08.13 06:25:54.965,0.7837,0.7838,1.35,1.50
2012.08.13 06:25:56.143,0.7837,0.78379,1.35,1.50
2012.08.13 06:26:02.232,0.78371,0.7838,1.50,1.50
2012.08.13 06:26:12.884,0.78371,0.7838,1.88,1.50
2012.08.13 06:26:13.575,0.78371,0.7838,1.50,1.50
2012.08.13 06:26:18.632,0.78371,0.7838,2.10,1.50
2012.08.13 06:26:20.926,0.78371,0.7838,1.50,1.50
2012.08.13 06:26:21.643,0.78369,0.78377,1.50,1.50
2012.08.13 06:26:22.182,0.78368,0.78377,1.88,1.50
2012.08.13 06:26:22.718,0.78369,0.78378,1.50,1.50
2012.08.13 06:26:24.446,0.78368,0.78377,1.88,1.50
2012.08.13 06:26:24.985,0.78365,0.78376,2.10,1.50
2012.08.13 06:26:26.710,0.78365,0.78376,2.10,1.50
2012.08.13 06:26:26.951,0.78364,0.78373,2.10,1.50
2012.08.13 06:26:27.424,0.78364,0.78373,1.50,1.50
2012.08.13 06:26:28.045,0.78362,0.78373,2.48,1.50
2012.08.13 06:26:28.581,0.78364,0.78373,1.88,1.50
2012.08.13 06:26:29.238,0.78365,0.78376,1.50,1.50
2012.08.13 06:26:29.362,0.78367,0.78376,1.50,1.50
2012.08.13 06:26:30.008,0.78367,0.78376,1.88,1.50
2012.08.13 06:26:44.241,0.7837,0.78379,1.50,2.25
2012.08.13 06:26:44.600,0.78371,0.78381,1.88,2.63
2012.08.13 06:26:44.725,0.78373,0.78381,1.50,1.13
2012.08.13 06:26:46.494,0.78374,0.78381,1.50,1.13
2012.08.13 06:26:52.380,0.78374,0.78383,1.50,2.25
2012.08.13 06:26:52.980,0.78375,0.78384,1.50,2.48
2012.08.13 06:26:53.755,0.78376,0.78385,1.50,1.50
2012.08.13 06:26:53.938,0.78376,0.78385,1.88,1.50
2012.08.13 06:26:54.004,0.78376,0.78387,2.10,1.50
2012.08.13 06:26:54.185,0.78376,0.78387,1.50,1.50
2012.08.13 06:26:54.730,0.78375,0.78386,1.50,1.50
2012.08.13 06:26:55.392,0.78376,0.78385,1.50,1.50
2012.08.13 06:26:56.344,0.78377,0.78386,1.50,1.50
2012.08.13 06:27:00.210,0.78376,0.78385,1.50,1.50
2012.08.13 06:27:00.512,0.78376,0.78387,2.10,1.50
2012.08.13 06:27:01.053,0.78376,0.78387,2.25,1.50
2012.08.13 06:27:02.541,0.78375,0.78386,1.50,1.50
2012.08.13 06:27:04.534,0.78374,0.78383,1.50,1.50
2012.08.13 06:27:06.764,0.78374,0.78385,1.50,1.50
2012.08.13 06:27:16.121,0.78374,0.78385,1.50,2.25
2012.08.13 06:27:16.654,0.78373,0.78384,1.50,2.25
2012.08.13 06:27:17.478,0.78374,0.78385,1.50,2.25
2012.08.13 06:27:17.661,0.78374,0.78385,1.50,2.25
2012.08.13 06:27:17.901,0.78374,0.78385,4.13,2.25
2012.08.13 06:27:18.026,0.78376,0.78387,2.10,1.88
2012.08.13 06:27:18.360,0.78376,0.78387,1.50,1.50
2012.08.13 06:27:18.882,0.78377,0.78386,1.50,1.50
2012.08.13 06:27:28.196,0.78376,0.78385,1.50,1.50
2012.08.13 06:27:28.767,0.78376,0.78387,1.50,1.50
2012.08.13 06:27:33.346,0.78376,0.78385,1.50,1.50
2012.08.13 06:27:35.766,0.78376,0.78387,1.50,1.50
2012.08.13 06:27:36.361,0.78376,0.78387,2.63,1.50
2012.08.13 06:27:36.895,0.7838,0.78389,1.50,2.25
2012.08.13 06:27:37.019,0.78378,0.78389,1.50,2.25
2012.08.13 06:27:37.561,0.78378,0.78388,1.50,1.13
2012.08.13 06:27:38.034,0.7838,0.78388,1.50,1.13
2012.08.13 06:27:38.547,0.7838,0.78389,1.50,1.50
2012.08.13 06:27:39.719,0.78381,0.78392,1.50,3.23
2012.08.13 06:27:41.319,0.78382,0.78391,1.50,2.25
2012.08.13 06:27:45.690,0.7838,0.78391,3.38,2.25
2012.08.13 06:27:46.241,0.7838,0.78391,1.88,1.73
2012.08.13 06:27:49.112,0.7838,0.78391,1.88,2.48
2012.08.13 06:27:49.624,0.7838,0.78391,1.50,2.48
2012.08.13 06:27:54.527,0.7838,0.78389,1.50,1.50
2012.08.13 06:28:06.459,0.78379,0.78388,1.50,1.50
2012.08.13 06:28:07.250,0.78379,0.7839,1.88,1.50
2012.08.13 06:28:10.270,0.78379,0.78388,1.88,1.50
2012.08.13 06:28:14.412,0.7838,0.78389,1.50,1.50
2012.08.13 06:28:14.919,0.78379,0.78388,1.50,1.50
2012.08.13 06:28:28.566,0.78377,0.78386,2.25,1.50
2012.08.13 06:28:30.856,0.78377,0.78386,3.38,1.50
2012.08.13 06:28:40.456,0.78379,0.78388,1.50,3.00
2012.08.13 06:28:43.656,0.78375,0.78386,3.23,1.50
2012.08.13 06:28:50.871,0.78379,0.78388,1.50,3.00
2012.08.13 06:28:54.594,0.78377,0.78387,2.10,1.50
2012.08.13 06:28:55.185,0.78376,0.78385,2.10,1.50
2012.08.13 06:28:55.717,0.78376,0.78385,2.10,1.50
2012.08.13 06:28:56.013,0.78376,0.78385,1.50,1.50
2012.08.13 06:28:57.119,0.78376,0.78385,1.50,2.25
2012.08.13 06:28:57.242,0.78374,0.78383,1.50,1.50
2012.08.13 06:28:59.745,0.78375,0.78384,1.50,2.25
2012.08.13 06:29:03.770,0.78374,0.78383,1.50,1.50
2012.08.13 06:29:04.717,0.78372,0.78381,1.50,2.25
2012.08.13 06:29:04.900,0.7837,0.78381,1.88,2.25
2012.08.13 06:29:05.591,0.78368,0.78379,2.10,1.50
2012.08.13 06:29:13.350,0.78369,0.7838,2.10,2.25
2012.08.13 06:29:14.085,0.78368,0.78379,2.10,1.50
2012.08.13 06:29:18.396,0.78368,0.78379,2.10,1.50
2012.08.13 06:29:32.295,0.78372,0.78381,1.50,3.75
2012.08.13 06:29:32.880,0.7837,0.78381,1.88,1.50
2012.08.13 06:29:35.949,0.7837,0.78381,1.88,2.25
2012.08.13 06:29:39.817,0.78371,0.78382,1.50,3.75
2012.08.13 06:29:40.332,0.78371,0.78382,1.50,1.50
2012.08.13 06:29:41.929,0.7837,0.78381,3.38,1.50
2012.08.13 06:29:59.481,0.7837,0.78381,1.50,3.00
2012.08.13 06:30:00.424,0.78368,0.78379,1.50,2.25
2012.08.13 06:30:02.084,0.78369,0.78378,1.50,1.50
2012.08.13 06:30:04.467,0.78369,0.7838,1.50,3.00
2012.08.13 06:30:07.251,0.78371,0.78382,1.50,3.70
2012.08.13 06:30:18.762,0.7837,0.78381,1.50,1.50
2012.08.13 06:30:28.922,0.78372,0.78381,1.50,1.50
2012.08.13 06:30:33.105,0.78372,0.78383,1.50,4.82
2012.08.13 06:30:33.637,0.78371,0.78382,1.50,1.50
2012.08.13 06:30:35.115,0.78371,0.7838,1.50,2.25
2012.08.13 06:30:35.298,0.78369,0.78379,1.50,2.25
2012.08.13 06:30:35.841,0.78368,0.78378,1.50,2.25
2012.08.13 06:30:36.375,0.78367,0.78377,2.10,1.50
2012.08.13 06:30:40.194,0.78367,0.78377,1.50,1.50
2012.08.13 06:30:40.495,0.78365,0.78374,3.98,1.50
2012.08.13 06:30:40.619,0.78363,0.78374,3.38,1.50
2012.08.13 06:30:40.802,0.78363,0.78374,1.50,4.35
2012.08.13 06:30:41.336,0.78362,0.78373,2.85,1.50
2012.08.13 06:30:47.294,0.78364,0.78375,1.50,4.13
2012.08.13 06:30:47.416,0.78364,0.78373,1.50,1.50
2012.08.13 06:30:48.830,0.78363,0.78373,1.50,1.50
2012.08.13 06:30:50.488,0.78365,0.78373,1.50,1.50
2012.08.13 06:30:51.027,0.78365,0.78374,1.50,2.25
2012.08.13 06:30:53.419,0.78363,0.78373,1.88,1.50
2012.08.13 06:30:55.970,0.78365,0.78374,1.50,1.50
2012.08.13 06:30:56.097,0.78366,0.78376,1.50,1.50
2012.08.13 06:30:56.341,0.78367,0.78378,1.50,3.75
2012.08.13 06:30:56.406,0.78369,0.78378,1.50,1.50
2012.08.13 06:30:57.402,0.78368,0.78378,1.50,1.50
2012.08.13 06:31:02.537,0.7837,0.78379,1.50,2.25
2012.08.13 06:31:03.082,0.78369,0.78378,1.50,2.25
2012.08.13 06:31:03.864,0.78371,0.78378,1.13,2.25
2012.08.13 06:31:04.048,0.78372,0.7838,2.63,1.50
2012.08.13 06:31:05.056,0.78372,0.78381,2.63,1.50
2012.08.13 06:31:05.780,0.78373,0.78382,1.88,1.50
2012.08.13 06:31:06.783,0.78374,0.78384,1.13,1.50
2012.08.13 06:31:11.241,0.78373,0.78384,3.60,1.50
2012.08.13 06:31:11.422,0.78375,0.78386,1.88,1.50
2012.08.13 06:31:11.947,0.78375,0.78384,1.88,1.50
2012.08.13 06:31:12.760,0.78375,0.78386,1.88,1.50
2012.08.13 06:31:12.824,0.78375,0.78384,1.88,1.50
2012.08.13 06:31:13.490,0.78375,0.78386,1.88,1.50
2012.08.13 06:31:17.506,0.78377,0.78386,1.50,1.50
2012.08.13 06:31:20.167,0.78376,0.78385,1.50,1.50
2012.08.13 06:31:20.701,0.78375,0.78384,1.50,1.50
2012.08.13 06:31:23.756,0.78373,0.78382,3.23,1.50
2012.08.13 06:31:24.292,0.78374,0.78382,1.50,1.50
2012.08.13 06:31:24.991,0.78374,0.78383,1.50,1.50
2012.08.13 06:31:26.185,0.78374,0.78383,2.10,1.50
2012.08.13 06:31:28.220,0.78375,0.78383,1.13,1.50
2012.08.13 06:31:28.747,0.78374,0.78383,2.63,1.50
2012.08.13 06:31:30.419,0.78374,0.78383,2.63,1.50
2012.08.13 06:31:30.484,0.78375,0.78383,2.10,1.50
2012.08.13 06:31:30.783,0.78374,0.78383,1.50,1.50
2012.08.13 06:31:32.415,0.78374,0.78383,1.50,1.50
2012.08.13 06:31:32.715,0.78376,0.78385,1.35,1.50
2012.08.13 06:31:33.024,0.78376,0.78383,1.35,1.50
2012.08.13 06:31:37.925,0.78375,0.78383,1.88,1.50
2012.08.13 06:31:38.455,0.78374,0.78384,2.25,1.50
2012.08.13 06:31:40.258,0.78374,0.78382,1.50,1.50
2012.08.13 06:31:40.798,0.78373,0.78382,1.35,1.50
2012.08.13 06:31:42.027,0.78372,0.78382,2.10,1.50
2012.08.13 06:31:43.088,0.78373,0.7838,1.50,1.50
2012.08.13 06:31:46.504,0.78373,0.7838,1.50,1.50
2012.08.13 06:31:47.101,0.78372,0.7838,1.13,1.50
2012.08.13 06:31:47.341,0.78372,0.7838,1.13,1.50
2012.08.13 06:31:47.639,0.7837,0.7838,2.10,1.50
2012.08.13 06:31:47.764,0.78369,0.7838,4.95,1.50
2012.08.13 06:31:47.829,0.7837,0.78382,2.10,1.50
2012.08.13 06:31:48.367,0.78369,0.78381,2.10,1.50
2012.08.13 06:31:56.464,0.78369,0.78381,1.35,1.50
2012.08.13 06:31:57.007,0.7837,0.78382,3.60,1.50
2012.08.13 06:32:04.298,0.78372,0.78381,1.50,1.50
2012.08.13 06:32:04.843,0.78371,0.7838,1.50,1.50
2012.08.13 06:32:05.623,0.78372,0.78381,2.63,1.50
2012.08.13 06:32:05.688,0.78372,0.78381,3.00,1.50
2012.08.13 06:32:05.929,0.78372,0.78381,1.50,1.50
2012.08.13 06:32:06.604,0.7837,0.78381,3.23,1.50
2012.08.13 06:32:14.151,0.78372,0.78382,1.35,1.50
2012.08.13 06:32:14.506,0.78371,0.78382,2.25,1.50
2012.08.13 06:32:16.561,0.78371,0.7838,1.50,1.50
2012.08.13 06:32:16.626,0.78371,0.78382,1.50,3.00
2012.08.13 06:32:24.045,0.78371,0.78382,2.10,1.50
2012.08.13 06:32:24.171,0.78371,0.7838,2.10,1.50
2012.08.13 06:32:24.349,0.78371,0.7838,2.10,1.50
2012.08.13 06:32:24.419,0.78372,0.78381,1.73,1.50
2012.08.13 06:32:24.901,0.78369,0.78378,2.10,1.50
2012.08.13 06:32:31.940,0.7837,0.78381,2.10,1.50
2012.08.13 06:32:40.577,0.78371,0.7838,1.88,1.50
2012.08.13 06:32:40.757,0.78371,0.78382,1.88,1.50
2012.08.13 06:32:42.740,0.78372,0.78381,1.50,1.50
2012.08.13 06:32:43.266,0.78371,0.7838,1.50,1.50
2012.08.13 06:32:54.531,0.7837,0.78381,1.88,1.50
2012.08.13 06:33:00.844,0.7837,0.78381,1.88,1.50
2012.08.13 06:33:26.794,0.78367,0.78378,4.95,1.50
2012.08.13 06:33:27.358,0.78368,0.78379,2.10,1.50
2012.08.13 06:33:28.284,0.78371,0.7838,1.50,1.50
2012.08.13 06:34:08.538,0.78369,0.7838,3.00,1.50
2012.08.13 06:34:14.084,0.78369,0.7838,2.63,1.50
2012.08.13 06:34:36.423,0.78369,0.7838,2.25,1.50
2012.08.13 06:34:41.994,0.7837,0.7838,1.88,1.50
2012.08.13 06:34:42.118,0.78371,0.78382,2.25,1.73
2012.08.13 06:34:42.362,0.78374,0.78383,1.50,1.50
2012.08.13 06:34:42.428,0.78375,0.78386,3.38,3.00
2012.08.13 06:34:42.495,0.78376,0.78386,1.73,1.50
2012.08.13 06:34:42.971,0.78375,0.78386,3.98,1.50
2012.08.13 06:34:44.699,0.78375,0.78386,4.35,1.50
2012.08.13 06:34:45.231,0.78377,0.78386,1.50,1.50
2012.08.13 06:35:00.464,0.78375,0.78386,2.85,1.50
2012.08.13 06:35:01.017,0.78375,0.78386,1.88,1.50
2012.08.13 06:35:02.562,0.78377,0.78386,1.50,1.50
2012.08.13 06:35:03.109,0.78376,0.78385,1.50,1.50
2012.08.13 06:35:05.792,0.78376,0.78387,1.50,3.00
2012.08.13 06:35:06.933,0.78375,0.78386,3.60,1.50
2012.08.13 06:35:11.103,0.7838,0.78386,2.10,1.50
2012.08.13 06:35:11.406,0.78385,0.78394,2.10,1.50
2012.08.13 06:35:13.113,0.78385,0.78394,2.10,1.50
2012.08.13 06:35:13.639,0.78387,0.78395,1.35,1.50
2012.08.13 06:35:16.419,0.78388,0.78397,2.10,1.50
2012.08.13 06:35:18.420,0.78388,0.78397,1.50,2.25
2012.08.13 06:35:18.955,0.78388,0.78397,1.88,2.25
2012.08.13 06:35:20.942,0.78388,0.78397,1.50,2.63
2012.08.13 06:35:21.126,0.78385,0.78394,1.13,1.50
2012.08.13 06:35:21.780,0.78384,0.78393,1.50,1.50
2012.08.13 06:35:22.472,0.78381,0.78392,1.50,1.50
2012.08.13 06:35:36.256,0.78383,0.78393,1.50,1.88
2012.08.13 06:35:36.906,0.78381,0.78392,1.73,1.50
2012.08.13 06:35:37.443,0.7838,0.78391,1.50,2.25
2012.08.13 06:35:37.509,0.78379,0.78388,1.50,1.50
2012.08.13 06:36:13.516,0.78376,0.78387,1.50,1.50
2012.08.13 06:36:14.691,0.78376,0.78387,1.50,2.25
2012.08.13 06:36:15.230,0.78376,0.78385,1.50,2.25
2012.08.13 06:36:15.297,0.78374,0.78384,1.50,2.25
2012.08.13 06:36:15.851,0.78375,0.78384,1.50,2.25
2012.08.13 06:36:17.378,0.78372,0.78386,1.35,1.50
2012.08.13 06:36:18.811,0.78372,0.78385,1.35,1.50
2012.08.13 06:36:18.934,0.78372,0.78386,2.85,2.63
2012.08.13 06:36:19.139,0.78372,0.78386,2.85,1.88
2012.08.13 06:36:19.495,0.78371,0.78385,2.48,2.48
2012.08.13 06:36:20.082,0.7837,0.78384,2.85,2.63
2012.08.13 06:36:20.262,0.7837,0.78384,2.25,2.63
2012.08.13 06:36:26.352,0.78368,0.78383,2.48,1.73
2012.08.13 06:36:26.713,0.78367,0.78381,3.23,1.50
2012.08.13 06:36:30.650,0.78369,0.78381,1.13,1.88
2012.08.13 06:36:39.470,0.78369,0.78382,1.35,1.13
2012.08.13 06:36:40.003,0.78368,0.78382,1.13,1.13
2012.08.13 06:36:41.767,0.78369,0.78383,1.13,3.23
2012.08.13 06:36:41.831,0.78369,0.78383,1.88,3.23
2012.08.13 06:36:42.074,0.78372,0.78386,1.35,2.85
2012.08.13 06:36:42.139,0.78373,0.78386,1.73,2.85
2012.08.13 06:36:42.673,0.78373,0.78388,3.23,1.88
2012.08.13 06:36:43.028,0.78373,0.78388,3.98,1.88
2012.08.13 06:36:45.214,0.78373,0.78388,2.48,1.88
2012.08.13 06:36:46.762,0.78373,0.78388,2.10,1.50
2012.08.13 06:36:47.233,0.78374,0.78388,1.73,1.50
2012.08.13 06:36:47.765,0.78374,0.7839,2.85,1.50
2012.08.13 06:36:47.887,0.78374,0.7839,2.10,1.50
2012.08.13 06:36:48.128,0.78375,0.7839,1.73,1.50
2012.08.13 06:36:48.694,0.78376,0.78392,1.73,4.35
2012.08.13 06:36:49.960,0.78375,0.78392,2.10,4.95
2012.08.13 06:36:50.718,0.78375,0.78391,1.73,3.60
2012.08.13 06:36:50.789,0.78377,0.78391,2.85,2.63
2012.08.13 06:36:52.757,0.78377,0.78393,2.25,2.10
2012.08.13 06:36:53.320,0.78377,0.78393,1.50,2.48
2012.08.13 06:36:58.970,0.78377,0.78393,3.23,2.48
2012.08.13 06:36:59.867,0.78378,0.78393,3.55,2.48
2012.08.13 06:37:08.189,0.78376,0.78392,1.73,2.69
2012.08.13 06:37:08.610,0.78374,0.78389,2.48,1.35
2012.08.13 06:37:09.146,0.78373,0.78388,3.45,1.50
2012.08.13 06:37:13.637,0.78374,0.78389,1.73,1.35
2012.08.13 06:37:14.297,0.78373,0.78389,5.70,1.50
2012.08.13 06:37:32.501,0.78373,0.78391,7.95,4.07
2012.08.13 06:37:33.251,0.78375,0.78391,1.35,3.70
2012.08.13 06:37:35.284,0.78375,0.78391,1.35,3.70
2012.08.13 06:37:54.557,0.78375,0.78391,3.23,1.07
2012.08.13 06:38:01.517,0.78376,0.78392,1.73,2.85
2012.08.13 06:38:05.669,0.78375,0.78392,5.10,3.60
2012.08.13 06:38:08.971,0.78377,0.78392,1.88,2.10
2012.08.13 06:38:09.210,0.78378,0.78392,1.50,2.10
2012.08.13 06:38:10.712,0.78377,0.78392,1.13,2.10
2012.08.13 06:38:17.690,0.78379,0.78393,1.50,1.73
2012.08.13 06:38:19.670,0.78378,0.78392,2.10,2.85
2012.08.13 06:38:40.037,0.78378,0.78394,2.85,3.60
2012.08.13 06:38:40.924,0.78377,0.78393,2.10,2.10
2012.08.13 06:38:42.071,0.78376,0.78391,5.10,1.88
2012.08.13 06:38:48.042,0.78377,0.78393,2.85,4.73
2012.08.13 06:38:51.236,0.78378,0.78393,1.35,4.73
2012.08.13 06:38:57.671,0.78378,0.78393,2.10,4.73
2012.08.13 06:38:58.028,0.78379,0.78394,3.00,2.48
2012.08.13 06:38:58.272,0.78379,0.78395,2.85,3.23
2012.08.13 06:38:58.821,0.7838,0.78397,3.60,3.98
2012.08.13 06:38:59.354,0.7838,0.78394,1.73,2.63
2012.08.13 06:39:00.423,0.78379,0.78394,1.73,2.25
2012.08.13 06:40:20.322,0.78379,0.78396,2.85,3.23
2012.08.13 06:40:24.255,0.78381,0.78396,1.73,2.85
2012.08.13 06:40:24.808,0.78381,0.78396,2.85,2.10
2012.08.13 06:40:25.343,0.78382,0.78397,3.60,1.50
2012.08.13 06:40:27.997,0.78383,0.78397,1.88,1.50
2012.08.13 06:40:30.803,0.78384,0.78398,1.50,1.73
2012.08.13 06:40:30.985,0.78384,0.78399,1.88,1.73
2012.08.13 06:40:31.517,0.78385,0.784,1.73,3.47
2012.08.13 06:40:31.974,0.78387,0.784,1.50,3.38
2012.08.13 06:40:33.089,0.78387,0.78401,3.38,1.73
2012.08.13 06:40:33.724,0.78387,0.78401,3.60,1.50
2012.08.13 06:40:34.279,0.7839,0.78402,1.50,2.48
2012.08.13 06:40:41.512,0.78391,0.78402,1.50,1.73
2012.08.13 06:40:48.553,0.7839,0.78403,1.88,5.48
2012.08.13 06:40:49.231,0.78391,0.78403,1.50,3.23
2012.08.13 06:40:49.645,0.78391,0.78403,1.50,2.10
2012.08.13 06:40:49.884,0.78391,0.78404,1.88,2.48
2012.08.13 06:40:50.423,0.78391,0.78404,1.88,2.25
2012.08.13 06:40:51.670,0.78391,0.78404,1.88,2.25
2012.08.13 06:41:00.201,0.7839,0.78403,3.75,2.48
2012.08.13 06:41:04.214,0.7839,0.78404,2.63,2.10
2012.08.13 06:41:07.289,0.7839,0.78404,2.25,2.10
2012.08.13 06:41:22.858,0.7839,0.78405,3.75,4.35
2012.08.13 06:41:28.018,0.7839,0.78403,3.75,1.50
2012.08.13 06:41:30.415,0.7839,0.78403,3.00,1.50
2012.08.13 06:41:32.488,0.78391,0.78403,1.50,1.50
2012.08.13 06:41:34.128,0.7839,0.78403,3.00,1.50
2012.08.13 06:41:43.277,0.7839,0.78404,3.00,2.10
2012.08.13 06:41:58.030,0.7839,0.78404,1.88,1.73
2012.08.13 06:42:07.724,0.78391,0.78404,1.88,3.23
2012.08.13 06:42:08.909,0.78391,0.78404,3.00,2.48
2012.08.13 06:42:11.451,0.78389,0.78404,5.25,3.23
2012.08.13 06:42:15.766,0.78389,0.78404,5.25,3.23
2012.08.13 06:42:21.496,0.78391,0.78404,1.50,3.23
2012.08.13 06:42:22.230,0.7839,0.78403,3.75,2.25
2012.08.13 06:42:26.447,0.78391,0.78404,1.50,2.48
2012.08.13 06:42:35.612,0.7839,0.78403,3.75,2.25
2012.08.13 06:42:37.935,0.7839,0.78405,4.13,3.60
2012.08.13 06:42:38.291,0.78392,0.78406,3.98,1.73
2012.08.13 06:42:38.536,0.78394,0.78403,1.50,1.50
2012.08.13 06:42:42.011,0.78394,0.78403,3.23,1.50
2012.08.13 06:42:42.516,0.78394,0.78403,2.10,1.50
2012.08.13 06:42:43.426,0.78394,0.78403,6.98,1.50
2012.08.13 06:42:43.492,0.78396,0.78407,1.50,1.50
2012.08.13 06:42:50.655,0.78396,0.78407,2.25,2.25
2012.08.13 06:42:51.171,0.78398,0.78409,1.50,2.25
2012.08.13 06:42:51.624,0.78398,0.78409,1.50,2.25
2012.08.13 06:42:53.608,0.78399,0.7841,1.50,3.38
2012.08.13 06:42:54.486,0.78399,0.7841,1.50,3.38
2012.08.13 06:42:54.551,0.78402,0.7841,1.50,1.88
2012.08.13 06:42:54.788,0.784,0.7841,1.50,1.88
2012.08.13 06:42:55.307,0.78401,0.78411,1.50,1.88
2012.08.13 06:42:56.528,0.784,0.78411,1.50,3.38
2012.08.13 06:43:24.118,0.784,0.7841,1.50,1.13
2012.08.13 06:43:24.642,0.784,0.78411,1.50,3.38
2012.08.13 06:43:26.010,0.784,0.78411,1.50,3.38
2012.08.13 06:43:40.697,0.784,0.78411,1.50,1.50
2012.08.13 06:43:47.470,0.78401,0.78411,2.25,1.13
2012.08.13 06:43:47.593,0.78402,0.78412,1.13,1.50
2012.08.13 06:43:47.657,0.78403,0.78414,2.25,1.50
2012.08.13 06:43:47.895,0.78405,0.78416,2.95,2.63
2012.08.13 06:43:48.430,0.78408,0.78417,1.50,1.50
2012.08.13 06:43:48.934,0.78409,0.78418,1.50,1.50
2012.08.13 06:43:49.412,0.78407,0.78418,1.50,1.50
2012.08.13 06:43:51.986,0.78407,0.78418,1.50,3.60
2012.08.13 06:43:52.169,0.78405,0.78416,1.50,2.25
2012.08.13 06:43:52.705,0.78404,0.78413,1.50,2.25
2012.08.13 06:44:05.985,0.78406,0.78415,1.50,2.35
2012.08.13 06:44:06.166,0.78406,0.78415,1.50,1.50
2012.08.13 06:44:06.466,0.78407,0.78418,1.50,5.10
2012.08.13 06:44:07.002,0.78407,0.78418,1.50,2.35
2012.08.13 06:44:07.534,0.78407,0.78418,1.88,1.60
2012.08.13 06:44:17.654,0.78408,0.78419,1.88,2.63
2012.08.13 06:44:18.182,0.78408,0.78418,1.88,1.13
2012.08.13 06:44:20.576,0.78408,0.78419,1.88,2.40
2012.08.13 06:44:21.406,0.78408,0.78419,1.50,3.15
2012.08.13 06:44:21.826,0.78408,0.78419,1.73,1.50
2012.08.13 06:44:22.007,0.7841,0.78419,1.50,2.25
2012.08.13 06:44:22.187,0.7841,0.7842,1.50,1.88
2012.08.13 06:44:23.279,0.7841,0.78421,1.50,4.50
2012.08.13 06:44:27.791,0.78411,0.7842,1.50,2.25
2012.08.13 06:44:28.330,0.7841,0.78419,1.50,2.35
2012.08.13 06:44:28.925,0.7841,0.78419,1.50,2.35
2012.08.13 06:44:29.456,0.78409,0.7842,1.50,4.22
2012.08.13 06:44:30.413,0.78409,0.78416,1.50,1.13
2012.08.13 06:44:30.596,0.78407,0.78416,1.50,1.88
2012.08.13 06:44:30.836,0.78405,0.78415,1.50,1.50
2012.08.13 06:44:31.352,0.78406,0.78416,1.50,1.97
2012.08.13 06:44:32.305,0.78405,0.78416,1.50,3.38
2012.08.13 06:44:32.545,0.78407,0.78416,1.50,2.63
2012.08.13 06:44:32.784,0.78405,0.78416,1.50,3.38
2012.08.13 06:44:33.440,0.78406,0.78416,1.50,1.88
2012.08.13 06:44:34.028,0.78407,0.78416,1.50,1.88
2012.08.13 06:44:34.611,0.78406,0.78416,1.50,1.88
2012.08.13 06:44:35.147,0.78405,0.78415,1.50,3.23
2012.08.13 06:44:36.066,0.78405,0.78411,1.50,1.13
2012.08.13 06:44:36.248,0.78403,0.78411,1.50,1.50
2012.08.13 06:44:36.785,0.78402,0.7841,1.50,1.88
2012.08.13 06:44:39.281,0.78401,0.7841,1.50,1.97
2012.08.13 06:44:50.426,0.78402,0.78411,1.50,3.00
2012.08.13 06:44:57.362,0.78402,0.78411,1.50,2.25
2012.08.13 06:44:57.772,0.78404,0.78413,1.50,1.35
2012.08.13 06:44:57.894,0.78405,0.78415,1.50,2.25
2012.08.13 06:44:58.308,0.78405,0.78416,1.50,1.13
2012.08.13 06:44:59.374,0.78405,0.78412,1.50,1.13
2012.08.13 06:44:59.790,0.78405,0.78415,1.50,3.60
2012.08.13 06:44:59.913,0.78405,0.78412,1.50,1.13
2012.08.13 06:45:00.448,0.78406,0.78413,1.50,1.13
2012.08.13 06:45:00.511,0.78404,0.78413,1.50,1.13
2012.08.13 06:45:01.041,0.78403,0.78413,1.50,1.13
2012.08.13 06:45:02.119,0.78403,0.78414,1.50,1.88
2012.08.13 06:45:02.298,0.78403,0.78412,1.50,1.13
2012.08.13 06:45:04.469,0.78403,0.78411,1.50,1.13
2012.08.13 06:45:07.674,0.78402,0.78411,1.50,1.13
2012.08.13 06:45:08.898,0.78404,0.78411,1.50,1.13
2012.08.13 06:45:09.413,0.78403,0.7841,1.50,1.13
2012.08.13 06:45:10.930,0.78404,0.7841,1.50,1.13
2012.08.13 06:45:11.981,0.78402,0.7841,3.00,1.13
2012.08.13 06:45:12.634,0.78403,0.7841,1.50,1.13
2012.08.13 06:45:14.425,0.78402,0.7841,1.50,1.13
2012.08.13 06:45:27.701,0.78402,0.7841,1.50,1.88
2012.08.13 06:45:29.390,0.78402,0.7841,1.50,1.13
2012.08.13 06:45:29.905,0.78402,0.7841,1.50,1.88
2012.08.13 06:45:31.361,0.78402,0.7841,1.50,1.13
2012.08.13 06:45:45.452,0.78402,0.7841,1.50,1.13
2012.08.13 06:45:45.561,0.78402,0.78411,1.50,2.10
2012.08.13 06:45:46.064,0.78402,0.78411,1.50,2.10
2012.08.13 06:45:47.824,0.78402,0.78411,1.50,1.35
2012.08.13 06:45:47.888,0.784,0.78411,1.50,2.85
2012.08.13 06:45:48.439,0.784,0.78411,1.50,3.60
2012.08.13 06:45:57.102,0.784,0.78411,1.50,3.60
2012.08.13 06:45:57.458,0.78398,0.78409,1.50,3.38
2012.08.13 06:45:58.358,0.78398,0.78407,1.50,1.13
2012.08.13 06:46:00.363,0.784,0.78407,1.50,1.13
2012.08.13 06:46:02.094,0.784,0.78409,1.50,3.38
2012.08.13 06:46:04.192,0.784,0.78408,1.50,1.13
2012.08.13 06:46:04.735,0.784,0.78409,1.50,3.38
2012.08.13 06:46:06.417,0.784,0.78409,1.50,3.38
2012.08.13 06:46:07.778,0.784,0.78409,1.50,3.38
2012.08.13 06:46:18.197,0.78401,0.7841,1.50,1.88
2012.08.13 06:46:21.091,0.78401,0.78412,1.50,2.48
2012.08.13 06:46:21.891,0.78402,0.78411,1.50,2.48
2012.08.13 06:46:22.538,0.784,0.78411,1.50,2.48
2012.08.13 06:46:23.037,0.78402,0.78411,1.50,2.48
2012.08.13 06:46:30.251,0.784,0.78411,2.25,1.50
2012.08.13 06:46:31.126,0.78402,0.78411,1.50,1.50
2012.08.13 06:46:42.746,0.78404,0.78413,1.50,1.58
2012.08.13 06:46:43.371,0.78403,0.78413,1.50,1.58
2012.08.13 06:46:47.691,0.78404,0.78415,1.50,1.88
2012.08.13 06:46:50.879,0.78405,0.78415,1.50,3.38
2012.08.13 06:46:54.741,0.78404,0.78415,1.50,1.88
2012.08.13 06:46:54.805,0.78404,0.78415,1.50,1.88
2012.08.13 06:46:55.104,0.78406,0.78415,1.50,1.88
2012.08.13 06:46:55.410,0.78412,0.78418,1.50,1.50
2012.08.13 06:46:55.477,0.78412,0.78421,1.50,2.48
2012.08.13 06:46:55.604,0.78413,0.78422,1.50,1.43
2012.08.13 06:46:55.905,0.78413,0.78421,1.50,1.43
2012.08.13 06:46:56.091,0.7841,0.78421,1.50,3.23
2012.08.13 06:46:56.392,0.78413,0.78421,1.50,3.30
2012.08.13 06:46:56.517,0.78413,0.78421,1.50,1.13
2012.08.13 06:46:56.697,0.78413,0.78422,1.50,1.13
2012.08.13 06:46:56.761,0.78411,0.78422,3.23,1.88
2012.08.13 06:47:00.334,0.78411,0.78421,1.50,1.50
2012.08.13 06:47:06.726,0.78411,0.78421,1.50,1.88
2012.08.13 06:47:07.060,0.78414,0.78421,1.50,1.88
2012.08.13 06:47:07.361,0.78413,0.78423,1.50,1.88
2012.08.13 06:47:07.486,0.78415,0.78425,1.50,2.63
2012.08.13 06:47:07.551,0.78415,0.78425,1.50,1.50
2012.08.13 06:47:07.791,0.78415,0.78425,1.50,3.98
2012.08.13 06:47:08.033,0.78415,0.78425,1.50,2.63
2012.08.13 06:47:08.097,0.78415,0.78422,1.50,1.13
2012.08.13 06:47:08.542,0.78415,0.78425,1.50,2.85
2012.08.13 06:47:08.875,0.78415,0.78425,1.50,1.73
2012.08.13 06:47:08.942,0.78415,0.78425,1.50,2.85
2012.08.13 06:47:09.124,0.78415,0.78425,1.50,2.63
2012.08.13 06:47:09.427,0.78414,0.78425,1.50,4.35
2012.08.13 06:47:13.789,0.78416,0.78425,1.50,1.13
2012.08.13 06:47:13.853,0.78416,0.78427,1.50,6.98
2012.08.13 06:47:13.976,0.78416,0.78425,1.50,1.50
2012.08.13 06:47:14.099,0.78414,0.78425,3.75,1.50
2012.08.13 06:47:17.658,0.78412,0.78423,5.25,1.50
2012.08.13 06:47:17.959,0.78412,0.7842,1.50,1.13
2012.08.13 06:47:18.241,0.7841,0.7842,1.50,1.13
2012.08.13 06:47:19.079,0.78414,0.7842,1.50,1.13
2012.08.13 06:47:19.203,0.7841,0.7842,4.13,1.13
2012.08.13 06:47:19.721,0.78411,0.78421,1.88,1.50
2012.08.13 06:47:20.614,0.78411,0.78421,2.25,1.50
2012.08.13 06:47:20.740,0.78412,0.78423,1.50,1.50
2012.08.13 06:47:20.986,0.78413,0.78423,1.88,1.50
2012.08.13 06:47:21.352,0.78415,0.78426,2.25,1.50
2012.08.13 06:47:24.346,0.78414,0.78425,3.23,1.50
2012.08.13 06:47:24.880,0.78414,0.78425,4.73,1.50
2012.08.13 06:47:25.490,0.78415,0.78426,2.48,1.50
2012.08.13 06:47:26.092,0.78415,0.78426,4.35,1.50
2012.08.13 06:47:26.274,0.78415,0.78426,3.60,1.50
2012.08.13 06:47:32.334,0.78414,0.78425,4.73,1.50
2012.08.13 06:47:32.817,0.78417,0.78425,1.13,1.50
2012.08.13 06:47:33.367,0.78415,0.78426,1.73,1.50
2012.08.13 06:47:33.554,0.78414,0.78424,2.25,1.50
2012.08.13 06:47:33.922,0.78415,0.78426,1.50,2.25
2012.08.13 06:47:40.938,0.78415,0.78424,1.73,1.50
2012.08.13 06:47:41.361,0.78412,0.78422,1.50,1.50
2012.08.13 06:47:41.663,0.78414,0.78423,1.50,1.13
2012.08.13 06:47:42.136,0.7841,0.78421,3.23,1.50
2012.08.13 06:47:42.200,0.78409,0.78419,1.73,1.50
2012.08.13 06:47:42.484,0.78408,0.78419,2.85,1.50
2012.08.13 06:47:43.011,0.78408,0.78419,2.10,1.50
2012.08.13 06:47:43.775,0.78409,0.78419,1.50,1.50
2012.08.13 06:47:43.838,0.78411,0.7842,1.50,1.50
2012.08.13 06:47:47.983,0.78411,0.7842,1.50,1.73
2012.08.13 06:47:48.284,0.7841,0.78417,1.50,1.13
2012.08.13 06:47:48.348,0.78406,0.78416,1.50,1.73
2012.08.13 06:47:48.596,0.78404,0.78413,1.50,1.50
2012.08.13 06:47:48.902,0.78401,0.7841,1.50,1.50
2012.08.13 06:47:49.265,0.78398,0.78408,1.50,1.50
2012.08.13 06:47:49.566,0.78399,0.7841,1.50,2.48
2012.08.13 06:47:49.690,0.78399,0.78408,1.50,1.50
2012.08.13 06:47:49.985,0.78399,0.7841,1.50,2.48
2012.08.13 06:48:02.094,0.78399,0.78409,1.50,1.13
2012.08.13 06:48:02.626,0.78398,0.78409,1.50,1.50
2012.08.13 06:48:03.925,0.78399,0.78409,2.10,1.50
2012.08.13 06:48:04.047,0.784,0.78411,1.50,3.38
2012.08.13 06:48:12.709,0.784,0.78409,1.50,1.50
2012.08.13 06:48:13.633,0.784,0.78411,1.50,2.63
2012.08.13 06:48:15.119,0.78399,0.78409,2.10,1.50
2012.08.13 06:48:20.258,0.78397,0.7841,4.35,1.50
2012.08.13 06:48:20.678,0.78399,0.78409,3.83,1.50
2012.08.13 06:48:20.980,0.78399,0.78409,3.98,1.50
2012.08.13 06:48:21.105,0.78399,0.78409,3.98,1.50
2012.08.13 06:48:21.471,0.78402,0.78411,1.13,1.50
2012.08.13 06:48:34.942,0.78403,0.78412,1.88,1.50
2012.08.13 06:48:35.190,0.78405,0.78412,1.50,1.50
2012.08.13 06:48:35.552,0.78407,0.78418,1.50,1.50
2012.08.13 06:48:36.051,0.78407,0.78416,1.50,1.50
2012.08.13 06:48:36.176,0.78407,0.78418,1.50,2.63
2012.08.13 06:48:37.158,0.78407,0.78416,1.50,1.50
2012.08.13 06:48:38.362,0.78407,0.78417,1.50,1.50
2012.08.13 06:48:38.880,0.78407,0.78418,4.13,1.50
2012.08.13 06:48:39.234,0.7841,0.78419,1.50,1.50
2012.08.13 06:48:39.842,0.78411,0.7842,1.50,1.50
2012.08.13 06:48:40.144,0.78412,0.7842,1.13,1.50
2012.08.13 06:48:40.385,0.78412,0.78423,3.00,1.50
2012.08.13 06:48:40.918,0.78412,0.78423,2.85,1.50
2012.08.13 06:48:42.400,0.78412,0.78422,1.35,1.50
2012.08.13 06:48:42.928,0.78412,0.78423,2.85,1.50
2012.08.13 06:48:43.467,0.78412,0.78423,2.85,1.50
2012.08.13 06:48:44.173,0.78411,0.78422,6.08,1.50
2012.08.13 06:48:44.861,0.78411,0.78422,6.08,1.50
2012.08.13 06:48:45.418,0.78411,0.78421,3.98,1.50
2012.08.13 06:48:45.660,0.7841,0.78422,3.23,2.25
2012.08.13 06:48:45.784,0.7841,0.7842,1.73,1.50
2012.08.13 06:48:46.142,0.78407,0.78419,3.32,1.50
2012.08.13 06:48:46.766,0.78409,0.7842,1.50,1.50
2012.08.13 06:48:48.115,0.78409,0.78418,1.50,1.50
2012.08.13 06:48:49.669,0.7841,0.78419,1.50,1.50
2012.08.13 06:48:51.003,0.78408,0.78419,3.00,1.50
2012.08.13 06:48:51.402,0.78412,0.78421,1.50,1.50
2012.08.13 06:48:51.820,0.78414,0.78422,1.50,1.13
2012.08.13 06:48:52.476,0.78413,0.78422,1.50,1.13
2012.08.13 06:48:53.018,0.78414,0.78422,1.50,1.13
2012.08.13 06:48:54.031,0.78414,0.78421,1.50,1.35
2012.08.13 06:48:54.628,0.78413,0.78422,1.50,2.48
2012.08.13 06:48:55.242,0.78414,0.78422,1.50,2.48
2012.08.13 06:48:56.390,0.78414,0.78422,1.50,2.48
2012.08.13 06:48:56.748,0.78414,0.78422,1.50,3.23
2012.08.13 06:48:56.812,0.78412,0.78422,1.50,3.23
2012.08.13 06:48:58.635,0.78412,0.78418,1.50,1.13
2012.08.13 06:48:58.994,0.78409,0.78419,1.50,2.10
2012.08.13 06:48:59.414,0.78409,0.78417,1.50,2.10
2012.08.13 06:48:59.953,0.78409,0.78417,1.50,2.10
2012.08.13 06:49:00.077,0.78407,0.78417,1.50,2.10
2012.08.13 06:49:00.786,0.78409,0.78418,1.50,1.73
2012.08.13 06:49:01.331,0.78409,0.78418,1.50,1.50
2012.08.13 06:49:13.563,0.78409,0.78418,3.00,1.50
2012.08.13 06:49:13.920,0.78411,0.7842,1.50,1.88
2012.08.13 06:49:14.454,0.7841,0.78421,2.25,1.50
2012.08.13 06:49:22.641,0.7841,0.78421,4.13,1.50
2012.08.13 06:49:23.632,0.7841,0.78421,3.38,1.50
2012.08.13 06:49:29.089,0.7841,0.78421,3.38,1.50
2012.08.13 06:49:31.319,0.7841,0.78419,1.88,1.13
2012.08.13 06:49:31.857,0.78409,0.78418,2.85,1.50
2012.08.13 06:49:41.183,0.78406,0.78417,3.00,1.50
2012.08.13 06:49:41.787,0.78406,0.78417,3.00,1.50
2012.08.13 06:49:42.694,0.78406,0.78417,3.00,1.50
2012.08.13 06:49:43.159,0.78406,0.78417,2.25,1.50
2012.08.13 06:49:54.825,0.78406,0.78415,1.50,1.50
2012.08.13 06:49:55.403,0.78405,0.78416,4.13,1.50
2012.08.13 06:49:59.180,0.78406,0.78415,1.13,1.50
2012.08.13 06:50:00.629,0.78406,0.78415,1.13,1.50
2012.08.13 06:50:01.188,0.78406,0.78416,1.88,1.50
2012.08.13 06:50:02.764,0.78406,0.78414,1.13,1.50
2012.08.13 06:50:02.888,0.78405,0.78414,3.00,1.50
2012.08.13 06:50:03.708,0.78406,0.78415,1.50,1.50
2012.08.13 06:50:04.179,0.78406,0.78415,2.25,1.50
2012.08.13 06:50:04.719,0.78408,0.78415,1.13,1.50
2012.08.13 06:50:04.785,0.78409,0.78418,1.50,1.50
2012.08.13 06:50:06.488,0.78411,0.7842,1.13,1.50
2012.08.13 06:50:06.968,0.78413,0.78421,1.35,1.50
2012.08.13 06:50:07.269,0.78414,0.78422,1.50,1.50
2012.08.13 06:50:07.706,0.78413,0.78422,2.25,1.50
2012.08.13 06:50:08.697,0.78414,0.78425,2.25,2.25
2012.08.13 06:50:09.133,0.78416,0.78425,1.50,2.63
2012.08.13 06:50:09.642,0.78415,0.78424,1.50,1.50
2012.08.13 06:50:12.297,0.78414,0.78425,2.25,1.88
2012.08.13 06:50:12.655,0.78417,0.78424,1.50,1.50
2012.08.13 06:50:12.720,0.78415,0.78424,3.00,1.50
2012.08.13 06:50:13.223,0.78415,0.78424,2.25,1.50
2012.08.13 06:50:13.521,0.78416,0.78426,1.13,3.00
2012.08.13 06:50:13.703,0.78416,0.78426,1.50,1.50
2012.08.13 06:50:14.007,0.78416,0.78424,1.50,1.50
2012.08.13 06:50:14.072,0.78415,0.78424,3.23,1.50
2012.08.13 06:50:14.491,0.78416,0.78426,1.50,1.50
2012.08.13 06:50:14.614,0.78416,0.78426,1.88,1.50
2012.08.13 06:50:15.034,0.78417,0.78424,1.50,1.50
2012.08.13 06:50:15.570,0.78415,0.78424,3.00,1.50
2012.08.13 06:50:22.679,0.78415,0.78424,1.50,1.50
2012.08.13 06:50:27.437,0.78415,0.78424,3.38,1.50
2012.08.13 06:50:27.964,0.78415,0.78424,3.00,1.50
2012.08.13 06:50:28.516,0.78415,0.78424,4.13,1.50
2012.08.13 06:50:29.175,0.78414,0.78422,1.50,1.50
2012.08.13 06:50:29.724,0.78414,0.78422,2.25,1.50
2012.08.13 06:50:31.650,0.78414,0.78422,1.50,1.50
2012.08.13 06:50:32.211,0.78413,0.78422,2.63,1.50
2012.08.13 06:50:32.741,0.78413,0.78421,1.13,1.50
2012.08.13 06:50:32.923,0.78413,0.78423,1.13,1.50
2012.08.13 06:50:33.298,0.78415,0.78423,1.50,1.50
2012.08.13 06:50:34.012,0.78412,0.78423,3.00,1.50
2012.08.13 06:50:37.614,0.78415,0.78424,1.50,1.50
2012.08.13 06:50:40.893,0.78412,0.78421,3.75,1.50
2012.08.13 06:50:41.427,0.78412,0.7842,1.50,1.50
2012.08.13 06:50:41.732,0.78412,0.78418,1.50,1.50
2012.08.13 06:50:41.798,0.7841,0.78418,1.50,1.50
2012.08.13 06:50:42.946,0.78409,0.78418,1.50,1.50
2012.08.13 06:50:43.011,0.78406,0.78417,5.63,1.50
2012.08.13 06:50:46.005,0.78409,0.78418,1.50,1.50
2012.08.13 06:50:47.981,0.78409,0.78418,3.00,1.50
2012.08.13 06:50:48.045,0.78411,0.7842,2.25,1.88
2012.08.13 06:50:48.806,0.7841,0.78419,2.25,1.50
2012.08.13 06:50:50.517,0.7841,0.78421,2.25,1.88
2012.08.13 06:50:51.153,0.7841,0.78421,2.25,1.88
2012.08.13 06:50:55.424,0.7841,0.78421,2.25,1.50
2012.08.13 06:51:03.057,0.7841,0.78419,2.25,1.50
2012.08.13 06:51:05.243,0.78411,0.7842,1.50,1.50
2012.08.13 06:51:07.438,0.7841,0.78419,2.25,1.50
2012.08.13 06:51:07.913,0.7841,0.78421,2.25,1.50
2012.08.13 06:51:09.348,0.7841,0.78419,3.38,1.50
2012.08.13 06:51:09.826,0.7841,0.78418,1.50,1.50
2012.08.13 06:51:10.210,0.78409,0.78418,1.50,1.50
2012.08.13 06:51:10.336,0.78406,0.78417,4.13,1.50
2012.08.13 06:51:11.673,0.78405,0.78415,2.10,1.50
2012.08.13 06:51:11.798,0.78404,0.78415,1.88,2.25
2012.08.13 06:51:12.102,0.78403,0.78412,2.63,1.50
2012.08.13 06:51:13.142,0.78401,0.78412,3.00,1.50
2012.08.13 06:51:15.020,0.78401,0.78412,3.00,1.50
2012.08.13 06:51:15.680,0.78401,0.78412,3.00,1.50
2012.08.13 06:51:16.263,0.78403,0.78412,2.85,1.50
2012.08.13 06:51:16.800,0.78403,0.78412,3.23,1.50
2012.08.13 06:51:17.332,0.78403,0.78412,1.73,1.50
2012.08.13 06:51:17.693,0.78401,0.78412,1.50,2.63
2012.08.13 06:51:18.032,0.784,0.78409,1.73,1.50
2012.08.13 06:51:18.393,0.784,0.78411,1.73,1.50
2012.08.13 06:51:18.926,0.78403,0.78412,1.50,1.50
2012.08.13 06:51:19.582,0.78403,0.78412,1.88,1.50
2012.08.13 06:51:20.172,0.78403,0.78412,1.73,1.50
2012.08.13 06:51:22.223,0.78401,0.78412,2.25,1.50
2012.08.13 06:51:23.187,0.78402,0.78413,1.50,1.50
2012.08.13 06:51:24.023,0.78403,0.78413,1.13,1.50
2012.08.13 06:51:24.586,0.78402,0.78413,1.50,1.50
2012.08.13 06:51:24.768,0.78402,0.78411,1.13,1.50
2012.08.13 06:51:25.069,0.784,0.78412,4.97,1.50
2012.08.13 06:51:26.476,0.784,0.78411,4.88,1.50
2012.08.13 06:51:27.008,0.78401,0.78411,1.50,1.50
2012.08.13 06:51:27.545,0.784,0.78412,2.63,1.50
2012.08.13 06:51:28.073,0.784,0.78411,3.38,1.50
2012.08.13 06:51:28.580,0.784,0.78412,3.38,1.50
2012.08.13 06:51:31.247,0.78399,0.7841,3.23,1.50
2012.08.13 06:51:31.779,0.78399,0.7841,3.23,1.50
2012.08.13 06:51:32.136,0.78404,0.78416,2.85,3.00
2012.08.13 06:51:32.688,0.78406,0.78415,1.50,1.50
2012.08.13 06:51:36.774,0.78404,0.78415,2.85,1.50
2012.08.13 06:51:40.126,0.78404,0.78415,2.10,1.50
2012.08.13 06:51:40.248,0.78403,0.78413,4.58,1.50
2012.08.13 06:51:40.487,0.78402,0.78414,1.88,1.50
2012.08.13 06:51:40.551,0.78402,0.78411,1.88,1.50
2012.08.13 06:51:44.441,0.78399,0.7841,3.98,1.50
2012.08.13 06:51:44.977,0.784,0.78409,1.13,1.50
2012.08.13 06:51:48.463,0.78398,0.78408,2.48,1.50
2012.08.13 06:51:48.645,0.78398,0.78408,1.13,1.50
2012.08.13 06:51:50.186,0.78398,0.78407,1.13,1.50
2012.08.13 06:51:52.178,0.78397,0.78409,3.23,3.00
2012.08.13 06:51:52.967,0.784,0.78411,1.50,3.38
2012.08.13 06:51:53.505,0.78401,0.7841,1.50,1.50
2012.08.13 06:51:56.147,0.78401,0.7841,4.73,1.50
2012.08.13 06:51:56.775,0.78403,0.78412,1.88,1.50
2012.08.13 06:52:02.570,0.78401,0.78411,3.98,1.50
2012.08.13 06:52:04.010,0.78401,0.78412,4.73,1.50
2012.08.13 06:52:04.648,0.78402,0.78412,2.48,1.50
2012.08.13 06:52:09.646,0.78402,0.78412,6.08,1.50
2012.08.13 06:52:10.180,0.78402,0.78414,5.85,1.50
2012.08.13 06:52:10.898,0.78403,0.78414,1.13,1.50
2012.08.13 06:52:13.237,0.78405,0.78414,1.50,1.50
2012.08.13 06:52:13.889,0.78406,0.78415,1.50,1.50
2012.08.13 06:52:14.012,0.78404,0.78415,1.88,1.50
2012.08.13 06:52:14.076,0.78403,0.78413,1.88,1.50
2012.08.13 06:52:14.581,0.78402,0.78413,3.00,1.50
2012.08.13 06:52:16.620,0.78402,0.78413,3.23,1.50
2012.08.13 06:52:16.743,0.78404,0.78415,2.63,3.00
2012.08.13 06:52:17.283,0.78404,0.78415,2.85,1.50
2012.08.13 06:52:17.705,0.78402,0.78412,2.10,1.50
2012.08.13 06:52:17.952,0.78401,0.78412,2.85,1.88
2012.08.13 06:52:18.080,0.784,0.78409,1.50,1.50
2012.08.13 06:52:19.014,0.78398,0.78407,2.10,1.50
2012.08.13 06:52:19.912,0.78398,0.78409,2.10,1.88
2012.08.13 06:52:27.092,0.78398,0.78407,2.85,1.50
2012.08.13 06:52:27.448,0.784,0.78411,1.50,1.88
2012.08.13 06:52:27.511,0.784,0.78409,1.50,1.50
2012.08.13 06:52:34.480,0.78398,0.78407,2.85,1.50
2012.08.13 06:52:35.584,0.78398,0.78409,1.73,1.50
2012.08.13 06:52:37.877,0.78398,0.78407,1.73,1.50
2012.08.13 06:52:38.748,0.78398,0.78409,1.73,1.50
2012.08.13 06:52:41.498,0.78397,0.78408,2.85,1.50
2012.08.13 06:52:42.903,0.78398,0.78409,1.73,1.50
2012.08.13 06:52:50.467,0.78399,0.78409,1.50,1.50
2012.08.13 06:52:50.588,0.78402,0.78411,1.50,3.00
2012.08.13 06:52:51.869,0.78404,0.78413,1.50,2.10
2012.08.13 06:52:53.348,0.78402,0.78413,1.50,1.73
2012.08.13 06:52:53.875,0.78403,0.78412,1.50,1.73
2012.08.13 06:52:55.126,0.78404,0.78413,1.50,1.73
2012.08.13 06:52:55.660,0.78404,0.78413,1.50,2.48
2012.08.13 06:52:59.527,0.78405,0.78415,1.50,2.25
2012.08.13 06:53:00.229,0.78405,0.78416,1.50,2.25
2012.08.13 06:53:00.411,0.78407,0.78416,1.50,2.25
2012.08.13 06:53:18.636,0.78406,0.78415,1.50,2.25
2012.08.13 06:53:19.115,0.78404,0.78413,1.50,1.50
2012.08.13 06:53:24.860,0.78401,0.78412,1.50,1.50
2012.08.13 06:53:33.350,0.78403,0.78412,1.50,1.50
2012.08.13 06:53:33.770,0.78405,0.78414,1.50,2.25
2012.08.13 06:53:35.012,0.78403,0.78412,2.10,1.50
2012.08.13 06:53:41.779,0.78403,0.78412,2.10,1.50
2012.08.13 06:53:42.748,0.78403,0.78412,1.73,1.50
2012.08.13 06:53:42.927,0.78403,0.78412,2.10,1.50
2012.08.13 06:53:42.991,0.78404,0.78415,1.73,2.25
2012.08.13 06:53:44.546,0.78405,0.78416,1.73,1.50
2012.08.13 06:53:45.523,0.78404,0.78415,1.73,1.50
2012.08.13 06:53:47.130,0.78404,0.78415,1.73,1.50
2012.08.13 06:53:47.658,0.78404,0.78415,1.73,1.50
2012.08.13 06:53:48.421,0.78404,0.78415,1.50,1.50
2012.08.13 06:53:49.710,0.78402,0.78413,2.85,1.50
2012.08.13 06:53:54.456,0.78402,0.78411,2.25,1.50
2012.08.13 06:53:54.814,0.78402,0.78413,2.25,1.50
2012.08.13 06:53:55.346,0.78402,0.78413,2.48,1.50
2012.08.13 06:54:10.114,0.78405,0.78414,1.50,1.50
2012.08.13 06:54:10.357,0.78405,0.78416,1.73,1.50
2012.08.13 06:54:10.779,0.78405,0.78414,1.73,1.50
2012.08.13 06:54:12.465,0.78403,0.78413,1.13,1.50
2012.08.13 06:54:21.085,0.78402,0.78413,1.73,1.50
2012.08.13 06:54:28.836,0.78402,0.78413,2.85,1.50
2012.08.13 06:54:29.063,0.78405,0.78415,1.88,2.25
2012.08.13 06:54:29.596,0.78406,0.78416,1.13,1.50
2012.08.13 06:54:33.062,0.78405,0.78414,1.88,1.50
2012.08.13 06:54:33.602,0.78403,0.78412,3.00,1.50
2012.08.13 06:54:44.490,0.78405,0.78414,1.50,1.50
2012.08.13 06:54:45.022,0.78406,0.78415,2.25,1.50
2012.08.13 06:55:00.136,0.78405,0.78414,1.50,1.50
2012.08.13 06:55:00.438,0.78405,0.78414,2.25,1.50
2012.08.13 06:55:00.680,0.78405,0.78414,1.50,1.50
2012.08.13 06:55:00.921,0.78403,0.78412,3.00,1.50
2012.08.13 06:55:01.452,0.78402,0.78413,1.50,1.73
2012.08.13 06:55:08.980,0.78401,0.78412,1.50,1.50
2012.08.13 06:55:09.511,0.78401,0.78412,1.50,1.73
2012.08.13 06:55:10.069,0.78401,0.78412,2.25,1.50
2012.08.13 06:55:11.753,0.78401,0.78411,1.50,1.50
2012.08.13 06:55:12.055,0.784,0.78409,2.25,1.50
2012.08.13 06:55:12.180,0.784,0.78409,1.50,1.50
2012.08.13 06:55:13.301,0.784,0.78409,1.50,1.88
2012.08.13 06:55:16.134,0.784,0.78409,1.50,1.50
2012.08.13 06:55:20.332,0.78401,0.7841,1.50,1.50
2012.08.13 06:55:22.275,0.784,0.78409,1.50,1.50
2012.08.13 06:55:23.285,0.78401,0.7841,1.50,1.50
2012.08.13 06:55:33.200,0.78401,0.7841,1.50,3.00
2012.08.13 06:55:44.094,0.78397,0.78408,3.60,1.50
2012.08.13 06:55:45.276,0.78399,0.78408,1.50,1.50
2012.08.13 06:56:00.511,0.78401,0.7841,1.50,1.88
2012.08.13 06:56:00.865,0.78401,0.78411,1.50,1.50
2012.08.13 06:56:04.820,0.78401,0.78412,1.88,2.25
2012.08.13 06:56:11.065,0.78401,0.78412,1.50,3.00
2012.08.13 06:56:11.776,0.78401,0.78412,1.50,3.00
2012.08.13 06:56:12.624,0.78402,0.78412,1.88,3.00
2012.08.13 06:56:12.688,0.78404,0.78413,1.50,1.50
2012.08.13 06:56:13.206,0.78404,0.78413,1.50,3.00
2012.08.13 06:56:14.573,0.78402,0.78413,3.00,3.75
2012.08.13 06:56:20.269,0.78402,0.78412,1.50,1.50
2012.08.13 06:56:24.246,0.78402,0.78412,1.50,1.50
2012.08.13 06:56:34.685,0.78402,0.78411,1.50,1.50
2012.08.13 06:56:44.788,0.78402,0.78413,2.63,2.25
2012.08.13 06:56:45.525,0.78402,0.78413,2.25,2.25
2012.08.13 06:56:47.145,0.784,0.78409,3.23,1.50
2012.08.13 06:56:47.693,0.78401,0.7841,1.50,1.50
2012.08.13 06:56:48.172,0.78402,0.78413,1.50,1.50
2012.08.13 06:56:48.710,0.78401,0.78412,1.50,3.00
2012.08.13 06:57:05.293,0.78399,0.7841,2.85,1.50
2012.08.13 06:57:06.797,0.784,0.78411,1.50,2.25
2012.08.13 06:57:07.333,0.78401,0.7841,1.50,1.50
2012.08.13 06:57:19.960,0.78399,0.78409,1.50,1.50
2012.08.13 06:57:20.490,0.78398,0.78409,1.50,1.50
2012.08.13 06:57:21.022,0.78399,0.7841,1.50,3.75
2012.08.13 06:57:32.425,0.78398,0.78407,3.00,1.50
2012.08.13 06:57:33.458,0.78398,0.78409,1.50,3.00
2012.08.13 06:57:33.888,0.78398,0.78407,1.50,1.50
2012.08.13 06:57:34.026,0.78398,0.78409,1.50,3.00
2012.08.13 06:57:35.441,0.78398,0.78407,1.88,1.50
2012.08.13 06:57:52.364,0.78399,0.78408,1.50,1.50
2012.08.13 06:57:57.164,0.78397,0.78408,2.10,1.50
2012.08.13 06:58:00.565,0.78398,0.78409,1.73,1.50
2012.08.13 06:58:07.717,0.78397,0.78408,4.35,1.50
2012.08.13 06:58:08.384,0.78397,0.78408,2.63,1.50
2012.08.13 06:58:11.402,0.78397,0.78408,1.88,1.50
2012.08.13 06:58:14.188,0.78397,0.78408,1.50,2.25
2012.08.13 06:58:14.546,0.78397,0.78407,1.50,1.50
2012.08.13 06:58:14.670,0.78397,0.78408,1.50,3.23
2012.08.13 06:58:14.972,0.78397,0.78408,2.63,3.00
2012.08.13 06:58:15.510,0.784,0.78408,1.50,1.50
2012.08.13 06:58:17.216,0.784,0.78409,1.50,1.50
2012.08.13 06:58:17.949,0.784,0.78408,1.50,1.50
2012.08.13 06:58:18.476,0.784,0.78407,1.50,1.50
2012.08.13 06:58:22.733,0.784,0.78408,1.50,1.73
2012.08.13 06:58:23.405,0.784,0.78409,3.00,1.50
2012.08.13 06:58:31.708,0.784,0.78408,1.50,1.50
2012.08.13 06:58:40.856,0.784,0.78409,1.50,2.48
2012.08.13 06:58:41.383,0.784,0.7841,1.50,6.60
2012.08.13 06:58:41.911,0.784,0.78409,1.50,1.50
2012.08.13 06:58:43.395,0.784,0.78409,1.50,1.50
2012.08.13 06:58:44.463,0.78399,0.78408,2.25,1.50
2012.08.13 06:58:50.602,0.78399,0.78408,2.25,2.25
2012.08.13 06:58:50.782,0.78397,0.78408,2.25,3.00
2012.08.13 06:58:50.961,0.78397,0.78408,2.63,1.50
2012.08.13 06:58:51.141,0.784,0.7841,1.13,7.35
2012.08.13 06:58:51.678,0.78398,0.78408,1.50,1.50
2012.08.13 06:58:51.744,0.78397,0.78408,2.25,2.25
2012.08.13 06:58:51.926,0.78399,0.78408,1.50,2.25
2012.08.13 06:58:52.285,0.78401,0.78408,1.13,2.25
2012.08.13 06:58:52.704,0.78398,0.78407,2.25,1.50
2012.08.13 06:58:52.943,0.784,0.78407,1.50,1.50
2012.08.13 06:59:04.582,0.78399,0.78405,1.50,1.50
2012.08.13 06:59:04.763,0.78397,0.78405,1.50,1.50
2012.08.13 06:59:04.828,0.78396,0.78405,1.88,1.50
2012.08.13 06:59:06.602,0.78398,0.78405,1.50,1.50
2012.08.13 06:59:06.667,0.784,0.78409,1.88,2.48
2012.08.13 06:59:06.791,0.784,0.78409,2.63,2.10
2012.08.13 06:59:07.331,0.784,0.78408,1.50,1.50
2012.08.13 06:59:21.305,0.78398,0.78408,1.50,1.50
2012.08.13 06:59:21.367,0.78397,0.78408,3.38,1.50
2012.08.13 06:59:21.735,0.78399,0.78408,3.00,1.50
2012.08.13 06:59:28.288,0.78399,0.78409,1.50,2.63
2012.08.13 06:59:29.571,0.78399,0.78407,1.50,1.50
2012.08.13 06:59:30.352,0.78399,0.78409,1.50,2.63
2012.08.13 06:59:31.381,0.78399,0.78408,1.50,1.50
2012.08.13 06:59:47.446,0.78399,0.78408,1.50,2.10
2012.08.13 06:59:48.089,0.78399,0.78408,2.25,1.73
2012.08.13 06:59:50.166,0.784,0.78408,1.50,1.73
2012.08.13 06:59:59.741,0.784,0.78408,1.50,1.73
