2011.05.30 20:00:00.376,0.86682,0.86737,1.50,1.50
2011.05.30 20:00:01.078,0.86682,0.86736,1.50,1.50
2011.05.30 20:00:07.417,0.86682,0.86736,1.50,1.50
2011.05.30 20:00:07.968,0.86686,0.86737,2.25,1.50
2011.05.30 20:00:08.559,0.86689,0.86735,1.50,2.25
2011.05.30 20:00:08.888,0.8668,0.86725,1.50,1.50
2011.05.30 20:00:09.108,0.86678,0.86726,1.50,2.25
2011.05.30 20:00:09.660,0.86679,0.86725,1.50,1.50
2011.05.30 20:00:09.767,0.86679,0.86725,1.50,1.50
2011.05.30 20:00:10.097,0.86678,0.86723,1.50,2.25
2011.05.30 20:00:10.647,0.86679,0.86721,1.50,1.50
2011.05.30 20:00:12.198,0.86679,0.86721,1.50,1.50
2011.05.30 20:00:12.637,0.86679,0.86721,1.50,1.50
2011.05.30 20:00:12.862,0.86679,0.86722,2.25,1.50
2011.05.30 20:00:13.090,0.86679,0.86721,1.50,1.50
2011.05.30 20:00:13.198,0.86679,0.86721,1.50,1.50
2011.05.30 20:00:14.518,0.86679,0.86721,1.50,2.25
2011.05.30 20:00:16.697,0.86679,0.86721,1.50,2.25
2011.05.30 20:00:28.867,0.86679,0.86719,1.50,1.50
2011.05.30 20:00:29.860,0.86694,0.86728,1.50,1.50
2011.05.30 20:00:31.709,0.86701,0.86728,2.25,1.50
2011.05.30 20:00:32.038,0.86705,0.86735,1.50,1.50
2011.05.30 20:00:32.150,0.86707,0.86737,1.50,1.50
2011.05.30 20:00:32.368,0.86707,0.86737,1.50,1.50
2011.05.30 20:00:37.775,0.86707,0.86732,1.50,1.50
2011.05.30 20:00:47.813,0.86707,0.86731,1.50,1.50
2011.05.30 20:00:48.150,0.86703,0.86733,1.50,1.50
2011.05.30 20:00:48.810,0.86703,0.86733,1.50,2.25
2011.05.30 20:00:49.028,0.86703,0.86733,1.50,1.50
2011.05.30 20:00:49.577,0.86701,0.86733,1.50,1.50
2011.05.30 20:00:49.688,0.86701,0.86733,1.50,1.50
2011.05.30 20:00:50.237,0.86701,0.86733,1.50,1.50
2011.05.30 20:00:51.541,0.86701,0.86731,1.50,1.50
2011.05.30 20:00:52.253,0.86701,0.86731,1.50,1.50
2011.05.30 20:01:14.817,0.86701,0.86733,1.50,1.50
2011.05.30 20:01:15.507,0.86701,0.86733,1.50,1.50
2011.05.30 20:01:16.057,0.86701,0.86733,1.50,2.25
2011.05.30 20:01:17.387,0.86701,0.86733,1.50,1.50
2011.05.30 20:01:17.857,0.86701,0.86732,1.50,1.50
2011.05.30 20:01:17.992,0.86701,0.86733,1.50,1.50
2011.05.30 20:01:19.207,0.86701,0.86733,1.50,1.50
2011.05.30 20:01:23.975,0.86702,0.86733,1.50,1.50
2011.05.30 20:01:32.445,0.86704,0.86733,1.50,1.50
2011.05.30 20:01:37.065,0.86701,0.86732,1.50,1.50
2011.05.30 20:01:48.038,0.86701,0.86732,1.50,1.50
2011.05.30 20:01:58.700,0.86696,0.86725,1.50,2.25
2011.05.30 20:01:58.919,0.86692,0.86722,1.50,1.50
2011.05.30 20:01:59.140,0.86696,0.86726,1.50,1.50
2011.05.30 20:01:59.359,0.86699,0.86731,1.50,2.25
2011.05.30 20:02:00.128,0.86699,0.86727,1.50,1.50
2011.05.30 20:02:00.679,0.86699,0.86727,1.50,1.50
2011.05.30 20:02:01.228,0.86699,0.86727,1.50,1.50
2011.05.30 20:02:01.562,0.86694,0.86725,1.50,1.50
2011.05.30 20:02:01.789,0.86692,0.86723,1.50,1.50
2011.05.30 20:02:02.339,0.86695,0.86723,1.50,1.50
2011.05.30 20:02:03.034,0.86695,0.86726,2.25,1.50
2011.05.30 20:02:08.549,0.867,0.86731,1.50,1.50
2011.05.30 20:02:08.988,0.86699,0.86729,1.50,2.25
2011.05.30 20:02:10.888,0.867,0.86729,1.50,1.50
2011.05.30 20:02:12.362,0.867,0.86733,1.50,1.50
2011.05.30 20:02:34.300,0.86708,0.86734,1.50,1.50
2011.05.30 20:02:34.628,0.86712,0.8674,1.50,1.50
2011.05.30 20:02:36.160,0.86704,0.8674,1.50,1.50
2011.05.30 20:02:37.128,0.86704,0.8674,1.50,1.50
2011.05.30 20:02:37.783,0.86709,0.8674,1.50,1.50
2011.05.30 20:02:37.908,0.86709,0.86744,1.50,1.50
2011.05.30 20:02:38.240,0.86705,0.8674,1.50,1.50
2011.05.30 20:02:38.350,0.86703,0.8674,5.25,1.50
2011.05.30 20:02:38.457,0.86703,0.86741,5.25,1.50
2011.05.30 20:02:38.568,0.86703,0.86741,5.25,1.50
2011.05.30 20:02:44.638,0.86706,0.86741,1.50,2.25
2011.05.30 20:03:06.621,0.86706,0.86738,1.50,1.50
2011.05.30 20:03:06.729,0.86706,0.86741,1.50,3.00
2011.05.30 20:03:09.708,0.86704,0.86737,2.25,1.50
2011.05.30 20:03:09.929,0.86704,0.86737,2.25,1.50
2011.05.30 20:03:10.780,0.86704,0.86733,2.25,1.50
2011.05.30 20:03:11.958,0.86704,0.86734,2.25,1.50
2011.05.30 20:03:12.778,0.86704,0.86731,2.25,1.50
2011.05.30 20:03:14.211,0.86697,0.86728,1.50,1.50
2011.05.30 20:03:14.430,0.86697,0.86727,2.25,1.50
2011.05.30 20:03:14.649,0.867,0.86727,1.50,1.50
2011.05.30 20:03:34.857,0.867,0.8673,1.50,1.50
2011.05.30 20:04:01.968,0.86696,0.86731,1.13,1.50
2011.05.30 20:04:02.299,0.86697,0.86725,1.50,1.50
2011.05.30 20:04:02.628,0.86698,0.86726,1.13,1.50
2011.05.30 20:04:03.947,0.86698,0.86726,1.13,1.50
2011.05.30 20:04:04.604,0.86705,0.86729,2.25,1.50
2011.05.30 20:04:04.922,0.86718,0.86738,1.50,1.50
2011.05.30 20:04:05.488,0.86718,0.86738,1.50,1.50
2011.05.30 20:04:06.668,0.86718,0.86742,1.50,1.50
2011.05.30 20:04:06.779,0.86718,0.86745,1.50,1.50
2011.05.30 20:04:09.137,0.86718,0.86746,1.50,2.25
2011.05.30 20:04:15.811,0.86715,0.86746,1.50,2.25
2011.05.30 20:04:17.709,0.86714,0.86746,1.50,1.50
2011.05.30 20:04:33.438,0.86714,0.8674,1.50,2.25
2011.05.30 20:04:34.158,0.86714,0.8674,1.50,2.25
2011.05.30 20:04:40.419,0.8671,0.86736,1.50,1.50
2011.05.30 20:04:40.988,0.86712,0.86732,1.50,1.50
2011.05.30 20:04:41.328,0.86715,0.86737,1.50,1.50
2011.05.30 20:05:00.199,0.86715,0.86738,1.50,1.50
2011.05.30 20:05:12.189,0.86714,0.86741,1.50,1.50
2011.05.30 20:05:12.302,0.86712,0.86741,1.50,2.25
2011.05.30 20:05:12.423,0.86697,0.86735,1.50,1.50
2011.05.30 20:05:12.540,0.86697,0.86737,1.50,1.50
2011.05.30 20:05:12.649,0.86703,0.8674,1.50,2.25
2011.05.30 20:05:12.979,0.86714,0.86743,1.50,1.50
2011.05.30 20:05:13.089,0.86714,0.86746,1.50,1.50
2011.05.30 20:05:13.419,0.8671,0.86747,1.50,1.50
2011.05.30 20:05:13.749,0.86709,0.86727,1.50,4.50
2011.05.30 20:05:14.079,0.86709,0.86727,1.50,4.50
2011.05.30 20:05:16.593,0.8671,0.86727,1.50,4.50
2011.05.30 20:05:17.589,0.8671,0.86727,1.50,4.50
2011.05.30 20:05:17.808,0.8671,0.86727,1.50,4.50
2011.05.30 20:05:20.359,0.8671,0.86727,1.88,4.50
2011.05.30 20:06:05.868,0.86704,0.86727,1.50,4.50
2011.05.30 20:06:08.169,0.86702,0.86725,1.50,4.50
2011.05.30 20:06:12.558,0.86702,0.86725,1.50,4.50
2011.05.30 20:06:43.481,0.86711,0.86725,1.50,4.50
2011.05.30 20:06:46.619,0.86711,0.86725,1.50,4.50
2011.05.30 20:06:47.168,0.86711,0.86725,1.50,4.50
2011.05.30 20:06:48.870,0.86702,0.86725,1.50,4.50
2011.05.30 20:06:49.088,0.86702,0.86725,1.50,4.50
2011.05.30 20:07:00.490,0.86702,0.86725,1.50,4.50
2011.05.30 20:07:08.190,0.86703,0.86736,1.50,1.50
2011.05.30 20:07:11.601,0.86698,0.86734,1.50,1.50
2011.05.30 20:07:11.711,0.86698,0.86729,1.50,1.88
2011.05.30 20:07:11.818,0.86695,0.86729,1.50,1.88
2011.05.30 20:07:12.566,0.86703,0.86736,1.50,2.25
2011.05.30 20:07:15.109,0.86705,0.86736,1.50,1.50
2011.05.30 20:07:19.399,0.86705,0.86736,2.25,1.50
2011.05.30 20:07:38.185,0.86705,0.86737,3.00,1.50
2011.05.30 20:07:52.515,0.86715,0.86738,1.50,1.50
2011.05.30 20:07:53.070,0.86715,0.86738,1.50,2.25
2011.05.30 20:07:54.659,0.86715,0.86738,1.50,2.25
2011.05.30 20:08:06.441,0.86705,0.86734,1.50,1.50
2011.05.30 20:08:06.661,0.86701,0.86734,2.25,1.50
2011.05.30 20:08:06.770,0.86701,0.86728,1.50,1.50
2011.05.30 20:08:07.553,0.86701,0.86728,1.50,1.50
2011.05.30 20:08:07.780,0.86713,0.86737,1.50,2.25
2011.05.30 20:08:09.601,0.86702,0.86731,1.50,1.50
2011.05.30 20:08:09.930,0.86713,0.86736,1.50,1.50
2011.05.30 20:08:10.040,0.86713,0.86737,1.50,2.25
2011.05.30 20:08:10.369,0.86713,0.86736,1.50,1.50
2011.05.30 20:08:11.839,0.86713,0.86736,1.50,2.25
2011.05.30 20:08:11.952,0.86701,0.86731,1.50,1.13
2011.05.30 20:08:12.170,0.86713,0.86731,1.50,1.50
2011.05.30 20:08:12.390,0.86704,0.86736,1.50,1.50
2011.05.30 20:08:12.500,0.86704,0.86736,1.50,1.50
2011.05.30 20:08:15.171,0.86704,0.86724,1.50,4.50
2011.05.30 20:08:21.850,0.867,0.86724,1.50,4.50
2011.05.30 20:08:22.232,0.867,0.86724,1.50,4.50
2011.05.30 20:08:22.781,0.8671,0.86724,1.13,4.50
2011.05.30 20:08:23.109,0.86713,0.86724,1.50,3.75
2011.05.30 20:08:27.573,0.867,0.86724,1.50,4.50
2011.05.30 20:08:27.800,0.86699,0.86724,1.50,4.50
2011.05.30 20:08:28.349,0.86698,0.86722,1.13,4.50
2011.05.30 20:08:28.679,0.86709,0.86722,1.13,4.50
2011.05.30 20:08:29.010,0.86712,0.86722,1.50,4.50
2011.05.30 20:08:31.340,0.86712,0.86725,1.50,4.50
2011.05.30 20:08:31.452,0.86712,0.86725,1.50,4.50
2011.05.30 20:08:31.999,0.86712,0.86725,1.50,4.50
2011.05.30 20:08:38.842,0.86702,0.86725,1.50,4.50
2011.05.30 20:08:39.720,0.86698,0.86725,1.50,4.50
2011.05.30 20:08:40.050,0.86699,0.86725,1.50,4.50
2011.05.30 20:08:40.492,0.86716,0.86725,1.13,4.50
2011.05.30 20:08:40.710,0.86711,0.86725,1.13,4.50
2011.05.30 20:08:41.260,0.86698,0.86725,1.50,4.50
2011.05.30 20:08:41.480,0.86699,0.86725,1.50,4.50
2011.05.30 20:08:46.202,0.86711,0.86725,1.50,4.50
2011.05.30 20:08:57.929,0.86709,0.86725,1.50,4.50
2011.05.30 20:08:59.469,0.86709,0.86725,1.50,4.50
2011.05.30 20:09:00.512,0.86709,0.86725,1.50,4.50
2011.05.30 20:09:02.590,0.86701,0.86725,1.50,4.50
2011.05.30 20:09:02.809,0.86701,0.86725,1.50,4.50
2011.05.30 20:09:09.450,0.86714,0.86725,1.13,4.50
2011.05.30 20:09:31.434,0.86714,0.86736,1.13,1.50
2011.05.30 20:09:40.219,0.86714,0.86736,1.13,1.50
2011.05.30 20:09:47.812,0.86714,0.86736,1.13,1.50
2011.05.30 20:09:53.531,0.86714,0.86737,1.13,2.25
2011.05.30 20:09:54.079,0.86714,0.86737,1.13,2.25
2011.05.30 20:10:02.311,0.8671,0.86736,1.88,1.50
2011.05.30 20:10:05.881,0.8671,0.86736,1.88,1.50
2011.05.30 20:10:10.821,0.86713,0.86736,1.13,1.50
2011.05.30 20:10:10.930,0.8671,0.86737,1.13,2.25
2011.05.30 20:10:11.149,0.86713,0.86736,1.13,1.50
2011.05.30 20:10:13.118,0.8671,0.86737,1.50,2.25
2011.05.30 20:10:19.141,0.8671,0.86737,1.50,2.25
2011.05.30 20:11:12.190,0.8671,0.86735,1.50,1.50
2011.05.30 20:11:12.739,0.86711,0.86736,1.50,1.50
2011.05.30 20:11:13.399,0.86711,0.86737,1.50,1.50
2011.05.30 20:11:13.949,0.8671,0.86736,1.50,1.50
2011.05.30 20:11:15.309,0.8671,0.86736,1.50,1.50
2011.05.30 20:11:15.945,0.86708,0.86734,1.13,1.50
2011.05.30 20:11:58.572,0.86707,0.86734,1.50,1.50
2011.05.30 20:12:16.181,0.86705,0.86736,1.13,2.25
2011.05.30 20:12:35.971,0.86703,0.86736,1.88,1.50
2011.05.30 20:12:40.359,0.86701,0.86734,1.50,1.50
2011.05.30 20:12:40.472,0.86706,0.86733,1.50,1.50
2011.05.30 20:12:40.799,0.86706,0.86734,1.50,1.50
2011.05.30 20:12:43.351,0.86707,0.86734,2.25,1.50
2011.05.30 20:12:43.571,0.86713,0.86737,1.50,1.50
2011.05.30 20:12:43.790,0.86708,0.86736,2.25,1.50
2011.05.30 20:12:44.010,0.8671,0.86736,1.50,1.50
2011.05.30 20:12:44.570,0.86711,0.86737,1.50,1.50
2011.05.30 20:12:45.121,0.86708,0.86737,1.50,1.50
2011.05.30 20:12:45.890,0.86705,0.86736,1.50,2.25
2011.05.30 20:12:50.252,0.86705,0.86735,1.50,1.50
2011.05.30 20:12:51.019,0.86704,0.86734,1.50,1.50
2011.05.30 20:12:52.789,0.867,0.86732,1.50,1.50
2011.05.30 20:12:52.906,0.86694,0.86726,1.50,2.25
2011.05.30 20:12:53.267,0.86694,0.86722,1.50,1.50
2011.05.30 20:13:14.610,0.86694,0.86724,1.50,1.88
2011.05.30 20:13:33.345,0.86693,0.86723,1.50,1.50
2011.05.30 20:13:38.510,0.86694,0.86723,1.50,1.50
2011.05.30 20:13:41.651,0.86694,0.86725,1.50,1.50
2011.05.30 20:13:54.652,0.86694,0.86726,1.50,2.25
2011.05.30 20:14:00.933,0.86694,0.86726,1.50,1.50
2011.05.30 20:15:12.100,0.86695,0.86727,2.25,1.50
2011.05.30 20:15:12.432,0.867,0.86727,2.25,1.50
2011.05.30 20:15:12.981,0.86707,0.86733,1.50,1.50
2011.05.30 20:15:16.120,0.86707,0.86734,1.50,2.25
2011.05.30 20:15:16.234,0.86705,0.86734,1.50,2.25
2011.05.30 20:15:16.351,0.86705,0.86734,1.50,2.25
2011.05.30 20:15:16.571,0.86705,0.86734,1.50,1.50
2011.05.30 20:15:16.790,0.86705,0.86734,1.50,2.25
2011.05.30 20:15:22.464,0.86705,0.86734,1.50,1.50
2011.05.30 20:15:22.731,0.86705,0.86733,1.50,1.50
2011.05.30 20:15:23.061,0.86705,0.86734,1.50,1.50
2011.05.30 20:15:26.081,0.86705,0.86733,1.50,1.50
2011.05.30 20:15:28.081,0.86707,0.86731,1.50,1.50
2011.05.30 20:15:28.192,0.86707,0.86735,1.50,1.50
2011.05.30 20:15:28.300,0.86707,0.86735,1.50,1.50
2011.05.30 20:15:30.100,0.86707,0.86733,1.50,1.50
2011.05.30 20:15:30.321,0.86707,0.86733,1.50,1.50
2011.05.30 20:15:32.804,0.86707,0.86733,1.50,2.25
2011.05.30 20:15:41.681,0.86707,0.86732,1.50,1.50
2011.05.30 20:15:46.113,0.86707,0.8673,1.50,1.50
2011.05.30 20:16:00.911,0.86707,0.86729,1.50,1.50
2011.05.30 20:16:01.318,0.86707,0.86732,1.50,1.50
2011.05.30 20:16:01.779,0.86707,0.8673,1.50,1.50
2011.05.30 20:16:09.712,0.86707,0.86732,1.50,1.50
2011.05.30 20:16:12.428,0.86707,0.86732,1.50,1.50
2011.05.30 20:16:14.253,0.86705,0.86728,1.50,1.50
2011.05.30 20:16:14.472,0.86706,0.86728,1.50,2.25
2011.05.30 20:16:15.512,0.86705,0.86728,1.50,1.50
2011.05.30 20:16:16.058,0.86706,0.86728,1.50,1.50
2011.05.30 20:16:17.740,0.86706,0.86728,1.50,1.50
2011.05.30 20:16:22.438,0.86705,0.86728,1.50,2.25
2011.05.30 20:16:23.198,0.86705,0.86728,1.50,1.50
2011.05.30 20:16:26.341,0.86705,0.86728,1.50,1.50
2011.05.30 20:16:26.680,0.86705,0.86728,1.50,1.50
2011.05.30 20:16:27.279,0.86706,0.86728,1.50,1.50
2011.05.30 20:16:32.261,0.86705,0.86728,1.50,1.50
2011.05.30 20:16:32.736,0.86718,0.86729,1.13,1.50
2011.05.30 20:16:32.962,0.86718,0.86727,1.13,1.50
2011.05.30 20:16:33.556,0.86718,0.86727,1.13,1.50
2011.05.30 20:16:35.410,0.86716,0.86727,1.13,1.50
2011.05.30 20:16:36.112,0.86716,0.86728,1.13,1.50
2011.05.30 20:16:45.611,0.86715,0.86728,1.13,1.50
2011.05.30 20:16:45.834,0.86707,0.86724,1.50,1.13
2011.05.30 20:16:45.952,0.86707,0.86723,1.50,1.13
2011.05.30 20:16:46.280,0.86707,0.86724,1.13,1.50
2011.05.30 20:16:47.262,0.86707,0.86724,1.13,1.50
2011.05.30 20:16:47.483,0.86701,0.86723,1.88,1.13
2011.05.30 20:16:47.703,0.86701,0.86721,1.88,1.50
2011.05.30 20:16:48.032,0.86704,0.86723,1.13,1.50
2011.05.30 20:16:48.580,0.86704,0.86723,1.13,1.50
2011.05.30 20:17:27.552,0.86704,0.86722,1.13,2.25
2011.05.30 20:17:27.773,0.86692,0.8672,1.13,1.50
2011.05.30 20:17:27.991,0.86703,0.86718,1.13,1.50
2011.05.30 20:17:28.211,0.86703,0.86724,1.13,1.50
2011.05.30 20:17:31.820,0.86705,0.86724,1.13,1.50
2011.05.30 20:17:58.070,0.86706,0.86726,1.50,2.25
2011.05.30 20:17:58.657,0.86706,0.86726,1.50,1.50
2011.05.30 20:18:07.560,0.86706,0.86721,1.50,1.50
2011.05.30 20:18:07.782,0.86701,0.86721,1.50,1.50
2011.05.30 20:18:08.223,0.86681,0.86703,1.50,1.50
2011.05.30 20:18:08.662,0.86681,0.86703,1.50,1.50
2011.05.30 20:18:09.323,0.86698,0.86721,1.13,1.50
2011.05.30 20:18:09.650,0.86701,0.86724,1.50,1.50
2011.05.30 20:18:10.200,0.86701,0.86723,1.50,1.50
2011.05.30 20:18:11.270,0.86701,0.86724,1.50,1.50
2011.05.30 20:18:11.811,0.86701,0.86724,1.50,1.50
2011.05.30 20:18:14.011,0.86701,0.86726,1.50,1.50
2011.05.30 20:18:41.781,0.86704,0.86731,1.50,1.50
2011.05.30 20:18:42.330,0.86704,0.86731,1.50,2.25
2011.05.30 20:18:48.220,0.86704,0.86732,1.50,1.88
2011.05.30 20:18:53.966,0.86704,0.86732,1.50,2.63
2011.05.30 20:19:17.396,0.86704,0.86731,1.50,1.50
2011.05.30 20:19:33.591,0.86699,0.86724,1.50,1.13
2011.05.30 20:19:33.813,0.86693,0.86724,1.50,1.88
2011.05.30 20:19:34.357,0.86693,0.86723,1.50,1.50
2011.05.30 20:19:34.475,0.86693,0.86726,1.50,1.88
2011.05.30 20:19:35.033,0.86707,0.86726,1.50,1.50
2011.05.30 20:19:35.141,0.86707,0.8673,1.50,1.50
2011.05.30 20:19:35.251,0.86707,0.86731,1.50,1.50
2011.05.30 20:19:36.002,0.86707,0.86733,1.50,1.88
2011.05.30 20:19:40.821,0.86707,0.86733,1.50,1.88
2011.05.30 20:19:56.191,0.86707,0.86733,1.50,1.88
2011.05.30 20:19:56.864,0.86698,0.86725,1.50,1.50
2011.05.30 20:19:56.973,0.86694,0.86725,1.50,1.50
2011.05.30 20:19:57.191,0.86698,0.86725,1.50,2.25
2011.05.30 20:19:57.302,0.86703,0.86725,1.13,2.25
2011.05.30 20:19:57.522,0.86705,0.86731,1.50,2.25
2011.05.30 20:20:39.419,0.86705,0.86732,1.50,1.50
2011.05.30 20:20:40.520,0.86705,0.86732,1.50,1.50
2011.05.30 20:20:41.661,0.86705,0.8673,1.50,1.13
2011.05.30 20:20:41.772,0.86694,0.86727,2.25,1.13
2011.05.30 20:20:41.992,0.86694,0.86725,1.50,1.50
2011.05.30 20:20:42.542,0.86699,0.86725,1.50,1.50
2011.05.30 20:20:42.871,0.86706,0.86731,1.50,1.50
2011.05.30 20:20:43.921,0.86706,0.86732,1.50,1.88
2011.05.30 20:21:11.925,0.86706,0.86732,1.50,1.88
2011.05.30 20:21:32.981,0.86706,0.86731,1.50,1.50
2011.05.30 20:21:36.332,0.86707,0.86733,1.50,1.13
2011.05.30 20:21:36.770,0.86707,0.86734,1.50,1.50
2011.05.30 20:21:36.992,0.86707,0.86734,1.50,1.50
2011.05.30 20:21:40.372,0.86705,0.86731,1.50,1.50
2011.05.30 20:21:40.590,0.86705,0.86731,1.50,1.50
2011.05.30 20:21:47.821,0.86702,0.8673,1.50,1.50
2011.05.30 20:21:51.355,0.86702,0.8673,1.50,1.50
2011.05.30 20:22:10.721,0.86702,0.8673,1.50,1.50
2011.05.30 20:22:15.040,0.86702,0.8673,1.50,1.50
2011.05.30 20:22:32.851,0.86702,0.8673,1.50,1.88
2011.05.30 20:22:39.600,0.86702,0.86728,1.50,1.50
2011.05.30 20:22:39.713,0.86702,0.8672,1.50,4.50
2011.05.30 20:22:41.721,0.86702,0.8672,1.50,4.50
2011.05.30 20:22:43.385,0.86702,0.8672,1.50,4.50
2011.05.30 20:22:43.831,0.86702,0.8672,1.50,4.50
2011.05.30 20:22:50.042,0.86702,0.8672,1.50,4.50
2011.05.30 20:22:50.371,0.86702,0.8672,1.50,4.50
2011.05.30 20:22:50.591,0.86702,0.8672,1.50,4.50
2011.05.30 20:22:54.023,0.86694,0.8672,1.50,5.25
2011.05.30 20:22:54.828,0.86699,0.8672,1.50,4.50
2011.05.30 20:22:55.381,0.86699,0.8672,1.50,4.50
2011.05.30 20:22:55.493,0.86693,0.8672,2.25,4.50
2011.05.30 20:22:55.714,0.86699,0.8672,1.50,5.25
2011.05.30 20:22:56.695,0.86699,0.8672,1.50,4.50
2011.05.30 20:23:02.384,0.86696,0.86719,1.13,1.50
2011.05.30 20:23:02.712,0.86698,0.8672,1.50,4.50
2011.05.30 20:23:03.261,0.86698,0.8672,1.50,4.50
2011.05.30 20:23:03.689,0.86703,0.8672,1.13,4.50
2011.05.30 20:23:24.533,0.86711,0.8672,1.13,4.50
2011.05.30 20:23:28.522,0.86708,0.8672,1.13,4.50
2011.05.30 20:23:34.012,0.86703,0.8672,1.50,4.50
2011.05.30 20:23:39.372,0.86699,0.8672,1.50,4.50
2011.05.30 20:23:39.700,0.86699,0.86725,1.50,2.25
2011.05.30 20:23:41.630,0.86699,0.86725,1.50,2.25
2011.05.30 20:23:48.531,0.86691,0.86725,1.44,2.25
2011.05.30 20:23:48.862,0.86692,0.86724,1.50,1.13
2011.05.30 20:23:53.953,0.86696,0.86723,1.50,1.50
2011.05.30 20:23:54.171,0.86697,0.86725,1.50,1.50
2011.05.30 20:23:56.362,0.86701,0.86725,1.13,1.50
2011.05.30 20:24:02.071,0.86703,0.86726,1.50,1.50
2011.05.30 20:24:02.620,0.86703,0.86724,1.88,1.50
2011.05.30 20:24:07.834,0.86703,0.86726,1.88,1.50
2011.05.30 20:24:15.161,0.86703,0.86726,1.88,1.50
2011.05.30 20:24:18.323,0.86703,0.86726,1.88,2.25
2011.05.30 20:24:19.655,0.86711,0.86726,1.13,2.25
2011.05.30 20:24:19.765,0.86711,0.86726,1.13,2.25
2011.05.30 20:24:21.272,0.86704,0.86726,1.13,2.25
2011.05.30 20:24:21.943,0.86704,0.86726,1.13,2.25
2011.05.30 20:24:22.275,0.86711,0.86726,1.13,1.50
2011.05.30 20:24:25.907,0.86711,0.86726,1.13,2.25
2011.05.30 20:24:26.125,0.86707,0.86726,1.13,2.25
2011.05.30 20:24:38.777,0.86707,0.86726,1.13,2.25
2011.05.30 20:24:47.879,0.86707,0.86726,1.88,1.50
2011.05.30 20:25:10.936,0.86703,0.86727,1.50,1.50
2011.05.30 20:25:22.139,0.86696,0.86726,1.50,1.50
2011.05.30 20:25:22.365,0.86696,0.86723,1.50,1.50
2011.05.30 20:25:23.415,0.86696,0.86723,1.50,1.50
2011.05.30 20:25:23.965,0.86706,0.86723,1.13,1.50
2011.05.30 20:25:24.295,0.86706,0.86727,1.13,1.50
2011.05.30 20:25:25.724,0.86706,0.86726,1.13,1.50
2011.05.30 20:25:30.344,0.86706,0.86724,1.13,1.50
2011.05.30 20:25:36.655,0.86696,0.86724,1.44,1.50
2011.05.30 20:25:38.984,0.86696,0.86723,1.44,1.50
2011.05.30 20:25:39.664,0.86696,0.86724,1.44,1.50
2011.05.30 20:25:40.234,0.86696,0.86723,1.44,1.50
2011.05.30 20:25:40.785,0.86696,0.86724,1.44,1.50
2011.05.30 20:25:41.294,0.86696,0.86723,1.44,1.50
2011.05.30 20:25:41.872,0.86696,0.86724,1.44,1.50
2011.05.30 20:25:42.204,0.86696,0.86724,1.44,1.50
2011.05.30 20:25:42.746,0.86696,0.86725,1.44,1.50
2011.05.30 20:25:43.616,0.86696,0.86724,1.44,1.50
2011.05.30 20:25:44.184,0.86696,0.86724,1.44,1.50
2011.05.30 20:25:44.606,0.86696,0.86724,1.44,1.50
2011.05.30 20:25:45.254,0.86696,0.86724,1.44,1.50
2011.05.30 20:25:46.485,0.86707,0.86724,1.13,1.50
2011.05.30 20:25:48.211,0.86706,0.86725,1.50,1.50
2011.05.30 20:25:54.095,0.86695,0.86725,1.44,1.50
2011.05.30 20:25:54.644,0.86694,0.86724,1.44,1.50
2011.05.30 20:26:04.365,0.86694,0.86724,1.44,1.50
2011.05.30 20:26:05.346,0.86705,0.86724,1.13,1.50
2011.05.30 20:26:08.105,0.86707,0.86725,1.88,1.50
2011.05.30 20:26:11.906,0.86707,0.86726,1.88,2.25
2011.05.30 20:26:12.016,0.86705,0.86726,1.13,1.50
2011.05.30 20:26:14.077,0.86705,0.86725,1.13,1.50
2011.05.30 20:26:14.547,0.86709,0.86727,1.50,1.50
2011.05.30 20:26:15.314,0.86707,0.86726,1.50,1.50
2011.05.30 20:26:16.635,0.86701,0.86725,1.50,1.50
2011.05.30 20:26:53.007,0.86695,0.86724,1.50,1.50
2011.05.30 20:26:57.378,0.86705,0.86724,1.13,1.50
2011.05.30 20:26:57.598,0.86692,0.86724,1.50,1.50
2011.05.30 20:27:14.056,0.86692,0.86723,1.50,1.50
2011.05.30 20:27:14.657,0.86689,0.86724,1.50,1.50
2011.05.30 20:27:18.466,0.86689,0.86724,1.50,1.50
2011.05.30 20:27:35.337,0.86708,0.86726,1.13,1.50
2011.05.30 20:27:42.466,0.86704,0.86726,1.88,1.50
2011.05.30 20:27:48.424,0.86704,0.86725,1.88,1.50
2011.05.30 20:27:56.036,0.86702,0.86725,1.50,1.50
2011.05.30 20:27:56.146,0.86701,0.86725,1.50,1.50
2011.05.30 20:28:40.716,0.86702,0.86725,1.50,1.50
2011.05.30 20:28:48.637,0.86702,0.86727,1.50,1.50
2011.05.30 20:28:50.945,0.86702,0.86727,1.50,1.50
2011.05.30 20:29:26.466,0.86706,0.86727,1.50,1.50
2011.05.30 20:29:51.267,0.86704,0.86726,1.13,1.50
2011.05.30 20:30:00.634,0.86706,0.86726,1.50,1.50
2011.05.30 20:30:17.196,0.86709,0.86726,1.50,1.50
2011.05.30 20:30:18.083,0.8671,0.86727,1.50,1.50
2011.05.30 20:30:22.836,0.8671,0.86728,1.50,2.25
2011.05.30 20:30:23.385,0.8671,0.86728,1.50,2.25
2011.05.30 20:30:23.945,0.86709,0.86728,1.50,1.50
2011.05.30 20:30:24.275,0.86709,0.86727,1.50,1.50
2011.05.30 20:30:34.495,0.8671,0.86728,1.50,1.50
2011.05.30 20:30:37.805,0.8671,0.86728,1.50,1.50
2011.05.30 20:30:38.607,0.86709,0.86724,1.50,4.50
2011.05.30 20:30:38.614,0.86709,0.86724,1.50,4.50
2011.05.30 20:30:47.875,0.86708,0.86724,1.50,4.50
2011.05.30 20:31:23.486,0.86709,0.86724,1.13,4.50
2011.05.30 20:31:25.577,0.86708,0.86724,1.88,4.50
2011.05.30 20:31:38.038,0.86708,0.86735,1.88,2.25
2011.05.30 20:31:54.917,0.86714,0.86735,1.13,1.50
2011.05.30 20:31:58.146,0.86712,0.86737,1.50,1.50
2011.05.30 20:32:00.754,0.86709,0.86735,1.50,2.25
2011.05.30 20:32:02.927,0.86712,0.86736,1.50,1.50
2011.05.30 20:32:08.499,0.86715,0.86736,1.50,1.50
2011.05.30 20:32:11.373,0.86715,0.86737,1.50,1.50
2011.05.30 20:32:14.648,0.86717,0.86736,1.13,1.50
2011.05.30 20:32:15.482,0.86719,0.86736,1.50,1.50
2011.05.30 20:32:16.645,0.86719,0.86736,1.50,1.50
2011.05.30 20:32:19.236,0.86707,0.86736,1.50,1.50
2011.05.30 20:32:20.007,0.86709,0.86737,1.50,1.50
2011.05.30 20:32:22.026,0.86709,0.86737,2.19,1.50
2011.05.30 20:32:24.895,0.86709,0.86737,1.50,1.50
2011.05.30 20:32:26.226,0.8672,0.86737,1.13,1.50
2011.05.30 20:32:26.775,0.8672,0.86737,1.13,1.50
2011.05.30 20:32:31.628,0.86718,0.86737,1.50,1.50
2011.05.30 20:32:33.617,0.86718,0.86737,1.50,1.50
2011.05.30 20:32:36.377,0.8671,0.86737,1.50,1.50
2011.05.30 20:32:36.487,0.86718,0.86741,1.50,2.01
2011.05.30 20:32:36.597,0.86718,0.86741,1.50,1.50
2011.05.30 20:32:36.705,0.86718,0.86741,1.50,1.50
2011.05.30 20:32:40.645,0.86713,0.86737,1.50,1.50
2011.05.30 20:32:49.273,0.86713,0.86737,1.50,1.50
2011.05.30 20:32:49.937,0.86713,0.86737,1.50,1.50
2011.05.30 20:33:06.946,0.86713,0.86737,1.50,1.50
2011.05.30 20:33:07.567,0.86713,0.86737,1.50,1.50
2011.05.30 20:33:10.786,0.86713,0.86737,1.50,2.25
2011.05.30 20:33:10.898,0.86708,0.86735,1.50,2.63
2011.05.30 20:33:11.007,0.86702,0.86732,1.50,1.13
2011.05.30 20:33:11.119,0.86707,0.86729,1.13,1.50
2011.05.30 20:33:11.238,0.86707,0.86734,1.13,2.25
2011.05.30 20:33:11.346,0.86709,0.86734,1.50,1.50
2011.05.30 20:33:12.235,0.86709,0.86729,1.50,1.88
2011.05.30 20:33:12.347,0.86698,0.86729,1.88,1.50
2011.05.30 20:33:12.457,0.86708,0.86734,1.13,1.50
2011.05.30 20:33:12.676,0.86711,0.86735,1.50,1.50
2011.05.30 20:33:15.616,0.86708,0.86735,1.50,1.50
2011.05.30 20:33:16.275,0.86713,0.86736,1.50,1.50
2011.05.30 20:33:17.245,0.86713,0.86736,1.50,1.50
2011.05.30 20:33:17.576,0.86713,0.86736,1.50,1.50
2011.05.30 20:33:18.108,0.86713,0.86737,1.50,1.50
2011.05.30 20:34:17.847,0.86709,0.86738,1.13,1.50
2011.05.30 20:34:37.228,0.86705,0.86738,1.13,1.50
2011.05.30 20:34:37.995,0.86708,0.86737,1.50,1.50
2011.05.30 20:34:40.657,0.86708,0.86736,1.50,1.50
2011.05.30 20:34:41.772,0.86708,0.86736,1.50,1.50
2011.05.30 20:34:50.355,0.86708,0.86737,1.50,1.50
2011.05.30 20:35:45.065,0.86711,0.86737,1.50,1.50
2011.05.30 20:36:11.864,0.86711,0.86736,1.50,1.50
2011.05.30 20:37:11.908,0.86708,0.86742,1.13,1.50
2011.05.30 20:37:42.785,0.86711,0.86737,1.50,1.50
2011.05.30 20:38:00.837,0.86709,0.86736,1.50,1.50
2011.05.30 20:38:01.056,0.86709,0.86737,1.50,1.50
2011.05.30 20:38:04.110,0.86705,0.86736,1.50,1.50
2011.05.30 20:38:04.612,0.86705,0.86736,1.50,1.50
2011.05.30 20:38:09.333,0.86705,0.86736,1.50,2.25
2011.05.30 20:38:09.556,0.86705,0.86737,1.50,1.50
2011.05.30 20:38:15.697,0.86705,0.86736,1.50,2.25
2011.05.30 20:38:15.918,0.86706,0.86736,1.50,1.50
2011.05.30 20:38:16.027,0.86706,0.86736,1.50,1.50
2011.05.30 20:38:17.855,0.86707,0.86736,1.50,1.50
2011.05.30 20:38:22.580,0.86707,0.86736,1.50,1.50
2011.05.30 20:39:21.756,0.8671,0.86736,1.50,2.25
2011.05.30 20:39:22.088,0.86711,0.86736,1.50,2.25
2011.05.30 20:39:22.689,0.8671,0.86737,1.50,2.25
2011.05.30 20:39:37.357,0.8671,0.86735,2.25,1.50
2011.05.30 20:39:37.576,0.8671,0.86736,2.25,1.50
2011.05.30 20:39:42.816,0.8671,0.86735,2.25,1.50
2011.05.30 20:39:43.037,0.8671,0.86737,2.25,1.50
2011.05.30 20:39:51.347,0.8671,0.86735,2.25,1.50
2011.05.30 20:39:51.566,0.8671,0.86737,2.25,1.50
2011.05.30 20:39:51.788,0.86714,0.86737,1.50,1.50
2011.05.30 20:39:52.118,0.86714,0.86737,1.50,1.50
2011.05.30 20:39:52.806,0.86714,0.86736,1.50,1.50
2011.05.30 20:40:00.347,0.86711,0.86736,1.50,1.50
2011.05.30 20:40:11.645,0.86711,0.86737,1.50,1.50
2011.05.30 20:40:11.756,0.86711,0.86735,1.50,1.50
2011.05.30 20:40:11.976,0.86711,0.86737,1.50,1.50
2011.05.30 20:40:14.757,0.86716,0.86736,1.50,1.50
2011.05.30 20:40:15.088,0.86711,0.86736,1.50,1.50
2011.05.30 20:40:15.196,0.86711,0.86736,1.50,1.50
2011.05.30 20:40:15.417,0.8671,0.86736,1.50,1.50
2011.05.30 20:40:15.965,0.8671,0.86737,1.50,1.50
2011.05.30 20:40:20.336,0.8671,0.86737,1.50,1.50
2011.05.30 20:40:20.776,0.8671,0.86736,1.50,1.50
2011.05.30 20:40:21.325,0.86709,0.86736,2.25,1.50
2011.05.30 20:40:23.719,0.86709,0.86736,2.25,1.50
2011.05.30 20:40:26.370,0.8671,0.86736,1.50,1.50
2011.05.30 20:40:28.643,0.86713,0.86736,1.13,1.50
2011.05.30 20:40:28.977,0.86718,0.86734,1.50,1.50
2011.05.30 20:40:29.196,0.8671,0.86733,2.25,1.50
2011.05.30 20:40:29.525,0.8671,0.86736,2.25,1.50
2011.05.30 20:40:30.099,0.8671,0.86737,2.25,2.25
2011.05.30 20:40:30.945,0.8671,0.86737,2.25,2.25
2011.05.30 20:40:31.475,0.8671,0.86737,2.25,2.25
2011.05.30 20:40:33.176,0.8671,0.86736,1.50,1.50
2011.05.30 20:40:35.568,0.86713,0.86736,1.50,1.50
2011.05.30 20:40:35.787,0.86713,0.86737,1.50,1.50
2011.05.30 20:40:36.007,0.86713,0.86735,2.25,1.50
2011.05.30 20:40:36.226,0.86709,0.86736,1.50,1.50
2011.05.30 20:40:36.775,0.86709,0.86737,1.50,2.25
2011.05.30 20:40:39.529,0.86712,0.86734,2.25,1.50
2011.05.30 20:40:39.747,0.86712,0.86737,2.25,1.50
2011.05.30 20:40:40.296,0.8671,0.86737,1.50,2.25
2011.05.30 20:40:40.406,0.8671,0.86737,1.50,1.50
2011.05.30 20:40:40.626,0.8671,0.86736,1.50,1.50
2011.05.30 20:40:41.242,0.8671,0.86736,1.50,1.50
2011.05.30 20:40:41.775,0.8671,0.86736,1.50,1.50
2011.05.30 20:40:42.277,0.8671,0.86737,1.50,1.50
2011.05.30 20:40:42.609,0.86709,0.86737,1.50,2.25
2011.05.30 20:40:42.718,0.86709,0.86736,1.50,1.50
2011.05.30 20:40:43.156,0.86709,0.86737,1.50,2.25
2011.05.30 20:40:43.376,0.86709,0.86737,1.50,2.25
2011.05.30 20:40:44.697,0.86709,0.86734,1.50,1.50
2011.05.30 20:40:44.806,0.86709,0.86736,1.50,1.50
2011.05.30 20:40:46.947,0.86707,0.86734,1.50,1.50
2011.05.30 20:40:47.497,0.86707,0.86737,1.50,1.50
2011.05.30 20:40:48.527,0.86707,0.86734,1.50,1.50
2011.05.30 20:40:48.856,0.86707,0.86736,1.50,1.50
2011.05.30 20:40:49.517,0.8671,0.86736,1.50,1.50
2011.05.30 20:40:54.735,0.86712,0.86737,2.25,1.50
2011.05.30 20:40:58.545,0.86712,0.86737,2.25,1.50
2011.05.30 20:40:58.658,0.86709,0.86734,1.50,1.50
2011.05.30 20:40:58.767,0.86709,0.86736,1.50,1.50
2011.05.30 20:40:58.877,0.86712,0.86734,1.50,1.50
2011.05.30 20:40:59.426,0.86712,0.86737,2.25,1.50
2011.05.30 20:41:02.336,0.86712,0.86737,2.25,1.50
2011.05.30 20:41:02.776,0.86706,0.86736,1.50,1.50
2011.05.30 20:41:03.565,0.86706,0.86734,1.50,1.50
2011.05.30 20:41:04.117,0.86708,0.86736,1.50,1.50
2011.05.30 20:41:04.556,0.86707,0.86734,1.50,1.50
2011.05.30 20:41:04.776,0.86707,0.86736,1.50,1.50
2011.05.30 20:41:05.720,0.86709,0.86736,1.50,1.50
2011.05.30 20:41:06.276,0.86709,0.86736,1.50,1.50
2011.05.30 20:41:06.608,0.86709,0.86734,1.50,1.50
2011.05.30 20:41:06.717,0.86709,0.86736,1.50,1.50
2011.05.30 20:41:07.489,0.86704,0.86735,1.50,1.50
2011.05.30 20:41:07.927,0.86709,0.86733,1.50,1.50
2011.05.30 20:41:08.366,0.86709,0.86737,1.50,2.25
2011.05.30 20:41:11.407,0.86713,0.86734,1.50,1.50
2011.05.30 20:41:11.956,0.86713,0.86736,1.50,1.50
2011.05.30 20:41:12.449,0.86713,0.86736,1.50,1.50
2011.05.30 20:41:16.597,0.86713,0.8673,1.50,6.00
2011.05.30 20:41:23.784,0.86708,0.8673,1.50,6.00
2011.05.30 20:41:24.004,0.86708,0.8673,1.50,6.00
2011.05.30 20:42:06.446,0.8671,0.8673,1.50,6.00
2011.05.30 20:42:06.994,0.86707,0.8673,1.50,6.00
2011.05.30 20:43:34.501,0.86708,0.8673,1.50,6.00
2011.05.30 20:43:41.308,0.86712,0.8673,2.25,6.00
2011.05.30 20:43:41.810,0.86712,0.8673,2.25,6.00
2011.05.30 20:43:42.860,0.86709,0.8673,1.50,6.00
2011.05.30 20:43:59.845,0.86713,0.8673,1.13,6.00
2011.05.30 20:44:00.173,0.86716,0.8673,2.25,6.00
2011.05.30 20:44:01.054,0.86717,0.8673,1.50,6.00
2011.05.30 20:44:01.715,0.86716,0.8673,1.50,6.00
2011.05.30 20:44:03.384,0.86711,0.8673,2.25,6.00
2011.05.30 20:44:12.236,0.86709,0.8673,1.50,6.00
2011.05.30 20:44:12.453,0.86709,0.8673,1.50,6.00
2011.05.30 20:44:14.546,0.86713,0.8673,1.50,6.00
2011.05.30 20:44:17.844,0.86713,0.8673,1.50,6.00
2011.05.30 20:44:26.834,0.86713,0.8673,1.50,6.00
2011.05.30 20:44:44.824,0.86712,0.8673,1.50,6.00
2011.05.30 20:44:50.524,0.86712,0.8673,1.50,6.00
2011.05.30 20:45:01.514,0.86711,0.8673,1.50,6.00
2011.05.30 20:45:01.846,0.86712,0.8673,1.50,6.00
2011.05.30 20:45:13.494,0.86712,0.8673,2.25,6.00
2011.05.30 20:45:16.827,0.86707,0.8673,1.50,6.00
2011.05.30 20:45:21.046,0.86703,0.8673,1.50,6.00
2011.05.30 20:45:21.265,0.86703,0.8673,1.50,6.00
2011.05.30 20:45:22.122,0.86698,0.8673,1.50,8.75
2011.05.30 20:45:22.676,0.867,0.8673,1.50,7.75
2011.05.30 20:45:24.655,0.867,0.8673,1.50,6.00
2011.05.30 20:45:26.965,0.86692,0.8673,1.65,6.38
2011.05.30 20:45:27.186,0.86693,0.86728,1.05,1.50
2011.05.30 20:45:27.295,0.86695,0.8673,1.05,6.75
2011.05.30 20:45:27.404,0.86698,0.8673,1.50,6.00
2011.05.30 20:46:02.603,0.86696,0.8673,1.65,6.00
2011.05.30 20:46:02.854,0.86697,0.8673,1.65,6.00
2011.05.30 20:47:45.859,0.86702,0.8673,1.65,6.75
2011.05.30 20:47:46.414,0.86702,0.8673,2.40,6.00
2011.05.30 20:47:48.426,0.86701,0.8673,1.65,6.00
2011.05.30 20:47:50.907,0.86703,0.8673,1.50,6.00
2011.05.30 20:48:03.886,0.86701,0.8673,2.25,6.75
2011.05.30 20:48:03.995,0.86701,0.8673,2.25,6.00
2011.05.30 20:48:12.354,0.86701,0.8673,1.50,7.75
2011.05.30 20:48:20.982,0.86701,0.8673,2.25,7.75
2011.05.30 20:48:29.994,0.86701,0.8673,1.50,7.75
2011.05.30 20:48:32.755,0.86701,0.86726,1.50,1.50
2011.05.30 20:48:33.195,0.86701,0.86724,1.50,1.50
2011.05.30 20:48:34.183,0.86701,0.86724,1.50,1.50
2011.05.30 20:48:38.802,0.86701,0.86725,1.50,1.50
2011.05.30 20:48:41.145,0.86701,0.86724,1.50,1.50
2011.05.30 20:48:43.313,0.86701,0.86725,1.50,1.50
2011.05.30 20:48:47.932,0.86701,0.86724,1.50,1.50
2011.05.30 20:48:48.497,0.86701,0.86725,1.50,1.50
2011.05.30 20:48:52.105,0.86701,0.86724,1.50,1.50
2011.05.30 20:48:59.061,0.86701,0.86726,1.50,2.25
2011.05.30 20:49:02.679,0.86701,0.86726,1.50,1.50
2011.05.30 20:49:03.356,0.86701,0.86726,1.50,2.25
2011.05.30 20:49:04.011,0.86701,0.86726,1.50,2.25
2011.05.30 20:49:16.185,0.86709,0.86726,1.13,1.50
2011.05.30 20:49:16.515,0.86709,0.86725,1.13,1.50
2011.05.30 20:49:17.022,0.86709,0.86725,1.13,1.50
2011.05.30 20:49:40.394,0.86709,0.86726,1.13,1.50
2011.05.30 20:49:43.333,0.86709,0.86723,1.13,1.50
2011.05.30 20:49:43.997,0.86709,0.86726,1.13,1.50
2011.05.30 20:49:51.558,0.86704,0.86723,1.50,1.88
2011.05.30 20:49:51.677,0.86702,0.8672,1.13,1.50
2011.05.30 20:49:52.006,0.86705,0.86726,1.13,1.50
2011.05.30 20:49:54.915,0.86705,0.86726,1.13,2.25
2011.05.30 20:49:55.928,0.86705,0.86724,1.13,1.13
2011.05.30 20:49:56.259,0.86705,0.86719,1.13,1.50
2011.05.30 20:49:56.375,0.86705,0.86725,1.13,1.50
2011.05.30 20:49:58.509,0.8669,0.86725,1.65,1.50
2011.05.30 20:49:58.627,0.86688,0.86724,3.90,1.13
2011.05.30 20:49:58.738,0.86689,0.86721,1.50,1.50
2011.05.30 20:49:58.956,0.86695,0.86726,1.65,2.25
2011.05.30 20:49:59.614,0.86708,0.86726,1.13,1.50
2011.05.30 20:50:01.258,0.86703,0.86726,1.13,1.50
2011.05.30 20:50:01.699,0.86705,0.86721,1.13,1.50
2011.05.30 20:50:02.417,0.86705,0.86725,1.13,1.50
2011.05.30 20:50:03.074,0.86701,0.86725,1.50,1.50
2011.05.30 20:50:03.295,0.867,0.86723,1.13,1.50
2011.05.30 20:50:03.624,0.867,0.86722,1.13,1.50
2011.05.30 20:50:09.736,0.867,0.8672,1.13,1.50
2011.05.30 20:50:09.847,0.86687,0.86714,1.50,1.13
2011.05.30 20:50:09.954,0.86686,0.86708,1.50,1.50
2011.05.30 20:50:10.066,0.86685,0.86708,1.50,1.50
2011.05.30 20:50:10.175,0.86688,0.86708,1.13,1.50
2011.05.30 20:50:10.396,0.86687,0.86706,1.50,2.25
2011.05.30 20:50:10.505,0.86687,0.86705,1.50,1.50
2011.05.30 20:50:10.834,0.86686,0.86703,1.50,2.25
2011.05.30 20:50:13.588,0.86685,0.86701,1.88,1.50
2011.05.30 20:50:14.144,0.86685,0.867,1.13,1.50
2011.05.30 20:50:14.685,0.86666,0.867,1.50,1.50
2011.05.30 20:50:15.344,0.86666,0.867,1.50,1.50
2011.05.30 20:50:15.566,0.86664,0.86686,1.50,1.13
2011.05.30 20:50:15.895,0.86651,0.86683,1.50,1.13
2011.05.30 20:50:16.005,0.86651,0.86683,1.50,1.50
2011.05.30 20:50:16.555,0.86648,0.86682,1.50,1.88
2011.05.30 20:50:16.885,0.86652,0.86685,1.50,1.50
2011.05.30 20:50:17.215,0.86654,0.86687,1.50,1.50
2011.05.30 20:50:17.325,0.86658,0.86688,1.50,1.50
2011.05.30 20:50:17.545,0.86659,0.86696,1.50,1.50
2011.05.30 20:50:18.314,0.8666,0.86697,1.50,2.63
2011.05.30 20:50:18.535,0.8666,0.86697,1.50,1.88
2011.05.30 20:50:19.394,0.8666,0.86698,1.50,2.63
2011.05.30 20:50:19.724,0.86656,0.86698,1.50,1.88
2011.05.30 20:50:20.395,0.86656,0.86698,1.50,1.50
2011.05.30 20:50:21.975,0.86663,0.86698,1.50,1.50
2011.05.30 20:50:22.304,0.86648,0.86698,1.50,1.50
2011.05.30 20:50:23.495,0.86648,0.86698,1.50,1.50
2011.05.30 20:50:26.764,0.86648,0.86698,1.50,1.50
2011.05.30 20:50:29.425,0.86649,0.86699,1.50,1.13
2011.05.30 20:50:29.975,0.86649,0.86699,1.50,1.88
2011.05.30 20:50:30.194,0.86649,0.86699,1.50,1.88
2011.05.30 20:50:30.524,0.86649,0.867,1.50,1.88
2011.05.30 20:50:31.075,0.86649,0.86699,1.50,1.50
2011.05.30 20:50:31.185,0.86649,0.86699,1.50,1.50
2011.05.30 20:50:31.516,0.8666,0.86699,1.50,1.50
2011.05.30 20:50:31.955,0.8666,0.867,1.50,1.88
2011.05.30 20:50:38.362,0.86661,0.86699,1.50,1.88
2011.05.30 20:50:38.584,0.86661,0.867,1.50,2.63
2011.05.30 20:50:39.505,0.86663,0.867,1.50,2.63
2011.05.30 20:50:39.615,0.86664,0.867,1.50,1.88
2011.05.30 20:50:49.544,0.86664,0.86699,1.50,1.88
2011.05.30 20:50:49.874,0.86664,0.86699,1.50,1.88
2011.05.30 20:50:50.326,0.86654,0.867,1.50,1.50
2011.05.30 20:50:52.155,0.86654,0.86702,1.50,1.88
2011.05.30 20:50:53.297,0.8666,0.86702,1.50,1.88
2011.05.30 20:50:53.517,0.8666,0.86701,1.50,1.50
2011.05.30 20:50:53.627,0.8666,0.86701,1.50,1.50
2011.05.30 20:50:54.175,0.86661,0.867,1.50,1.88
2011.05.30 20:50:54.770,0.86654,0.86699,1.50,1.50
2011.05.30 20:50:54.891,0.86654,0.86704,1.50,1.88
2011.05.30 20:50:55.444,0.86654,0.86703,1.50,1.50
2011.05.30 20:50:57.028,0.86654,0.86703,1.50,1.50
2011.05.30 20:50:57.357,0.86654,0.86703,1.50,1.50
2011.05.30 20:50:58.687,0.86679,0.86704,1.50,1.88
2011.05.30 20:50:58.904,0.86679,0.86703,1.50,1.50
2011.05.30 20:51:00.411,0.86679,0.86703,1.50,1.88
2011.05.30 20:51:00.746,0.86683,0.86706,1.50,1.50
2011.05.30 20:51:04.739,0.86681,0.86707,1.50,1.50
2011.05.30 20:51:05.074,0.86689,0.86713,1.50,2.25
2011.05.30 20:51:05.634,0.86689,0.86713,1.50,2.25
2011.05.30 20:51:06.184,0.86689,0.86712,1.50,1.50
2011.05.30 20:51:08.495,0.86688,0.86712,1.50,1.50
2011.05.30 20:51:08.606,0.86688,0.86712,1.50,1.50
2011.05.30 20:51:08.936,0.86688,0.86707,1.50,1.50
2011.05.30 20:51:09.484,0.86688,0.86707,1.50,1.50
2011.05.30 20:51:11.664,0.86688,0.86707,1.50,1.50
2011.05.30 20:51:12.214,0.86688,0.86708,1.50,1.50
2011.05.30 20:51:31.707,0.86688,0.86708,1.50,1.50
2011.05.30 20:51:32.120,0.86688,0.86711,1.50,1.50
2011.05.30 20:51:32.456,0.86687,0.86711,1.50,1.50
2011.05.30 20:51:37.726,0.86687,0.86713,1.50,1.50
2011.05.30 20:51:37.945,0.86687,0.86717,1.50,1.50
2011.05.30 20:51:38.277,0.8669,0.86723,1.50,1.50
2011.05.30 20:51:38.715,0.8669,0.86725,1.50,1.88
2011.05.30 20:51:39.477,0.8669,0.86725,1.50,1.88
2011.05.30 20:51:40.256,0.8669,0.86724,1.50,1.13
2011.05.30 20:51:44.426,0.8669,0.8672,1.50,1.50
2011.05.30 20:51:45.052,0.8669,0.8672,1.50,1.88
2011.05.30 20:51:51.702,0.8669,0.86721,1.50,1.50
2011.05.30 20:51:51.924,0.8669,0.86721,1.50,1.50
2011.05.30 20:51:54.985,0.8669,0.86725,2.19,1.50
2011.05.30 20:51:55.204,0.8669,0.86725,2.19,1.50
2011.05.30 20:51:56.065,0.8669,0.86724,1.50,1.88
2011.05.30 20:51:56.285,0.8669,0.86724,1.50,1.88
2011.05.30 20:51:56.726,0.86688,0.86724,2.19,1.88
2011.05.30 20:51:57.166,0.86684,0.86724,1.44,1.88
2011.05.30 20:51:59.185,0.86681,0.8672,1.44,1.50
2011.05.30 20:51:59.405,0.8668,0.86718,1.44,1.65
2011.05.30 20:51:59.625,0.8668,0.86717,1.44,1.65
2011.05.30 20:52:02.514,0.86678,0.86717,1.50,1.65
2011.05.30 20:52:03.045,0.86677,0.86716,1.50,1.50
2011.05.30 20:52:03.266,0.86678,0.86717,1.50,1.65
2011.05.30 20:52:04.551,0.8668,0.86717,1.44,1.65
2011.05.30 20:52:04.774,0.86683,0.86717,1.44,1.65
2011.05.30 20:52:04.997,0.86684,0.86718,1.44,1.65
2011.05.30 20:52:05.214,0.86683,0.86719,1.44,2.31
2011.05.30 20:52:05.765,0.86683,0.86719,1.50,1.80
2011.05.30 20:52:10.704,0.86683,0.86717,1.50,1.65
2011.05.30 20:52:11.035,0.86687,0.86718,1.50,1.65
2011.05.30 20:52:11.824,0.86686,0.86719,1.50,1.05
2011.05.30 20:52:19.615,0.86685,0.86714,1.50,1.50
2011.05.30 20:52:20.065,0.86686,0.86714,1.50,1.50
2011.05.30 20:52:20.285,0.86686,0.86719,1.50,1.80
2011.05.30 20:52:20.834,0.86686,0.86718,1.50,1.65
2011.05.30 20:52:27.634,0.86686,0.86721,1.50,1.50
2011.05.30 20:52:27.854,0.86686,0.86721,1.50,1.50
2011.05.30 20:52:35.135,0.86687,0.86715,1.50,1.50
2011.05.30 20:52:35.575,0.86687,0.86715,1.50,1.50
2011.05.30 20:52:35.686,0.86687,0.86721,1.50,1.13
2011.05.30 20:52:36.014,0.86687,0.86718,1.50,1.50
2011.05.30 20:52:37.764,0.86686,0.86718,1.50,1.50
2011.05.30 20:52:37.874,0.86686,0.86718,1.50,1.50
2011.05.30 20:52:40.985,0.8668,0.86714,1.50,1.50
2011.05.30 20:52:42.827,0.86686,0.86718,1.50,1.50
2011.05.30 20:52:50.044,0.86686,0.86717,1.50,1.50
2011.05.30 20:52:50.264,0.86686,0.86717,1.50,1.50
2011.05.30 20:52:50.814,0.86686,0.86715,1.50,1.50
2011.05.30 20:52:51.034,0.86685,0.86715,1.50,1.50
2011.05.30 20:52:51.254,0.86686,0.86717,1.50,1.50
2011.05.30 20:52:55.786,0.86688,0.86717,1.50,1.50
2011.05.30 20:52:59.656,0.86691,0.86717,1.50,1.50
2011.05.30 20:52:59.984,0.86691,0.86711,1.50,1.50
2011.05.30 20:53:00.315,0.86688,0.86704,1.50,1.50
2011.05.30 20:53:02.065,0.86688,0.86704,1.50,1.50
2011.05.30 20:53:02.834,0.86689,0.86704,1.50,1.50
2011.05.30 20:53:03.387,0.8669,0.86704,1.50,1.50
2011.05.30 20:53:06.275,0.8669,0.86708,1.50,1.88
2011.05.30 20:53:08.475,0.86689,0.86711,1.50,1.50
2011.05.30 20:53:08.805,0.86691,0.86713,1.50,1.13
2011.05.30 20:53:09.134,0.86691,0.86718,1.50,1.50
2011.05.30 20:53:10.844,0.86691,0.86718,1.50,1.50
2011.05.30 20:53:11.085,0.86691,0.86718,1.50,1.50
2011.05.30 20:53:12.224,0.86691,0.86719,1.50,2.25
2011.05.30 20:53:12.554,0.86691,0.86718,1.50,1.50
2011.05.30 20:53:14.055,0.86691,0.86724,2.19,1.50
2011.05.30 20:53:14.604,0.86691,0.86724,2.19,1.50
2011.05.30 20:53:15.104,0.86691,0.86725,1.44,2.25
2011.05.30 20:53:16.405,0.8669,0.86723,1.44,1.50
2011.05.30 20:53:16.624,0.8669,0.86723,1.44,1.50
2011.05.30 20:53:17.065,0.86689,0.86718,1.50,1.88
2011.05.30 20:53:17.505,0.86689,0.86718,1.50,1.88
2011.05.30 20:53:18.055,0.86689,0.86718,1.50,1.88
2011.05.30 20:53:18.495,0.86689,0.86719,1.50,2.63
2011.05.30 20:53:18.715,0.86689,0.86719,1.50,2.63
2011.05.30 20:53:19.905,0.86689,0.86719,1.50,2.63
2011.05.30 20:53:20.849,0.86689,0.86718,1.50,1.50
2011.05.30 20:53:21.075,0.86689,0.86718,1.50,1.50
2011.05.30 20:53:22.105,0.86689,0.86719,1.50,1.13
2011.05.30 20:53:22.495,0.86689,0.86717,1.50,1.50
2011.05.30 20:53:23.415,0.86689,0.86716,1.50,1.13
2011.05.30 20:53:23.635,0.86686,0.86716,1.50,1.88
2011.05.30 20:53:28.456,0.86686,0.86712,1.50,1.13
2011.05.30 20:53:28.676,0.86686,0.86712,1.50,1.13
2011.05.30 20:53:29.904,0.86686,0.86712,1.50,1.13
2011.05.30 20:53:30.235,0.86686,0.86708,1.50,1.50
2011.05.30 20:53:30.914,0.86686,0.86717,1.50,1.50
2011.05.30 20:53:31.464,0.86686,0.8672,1.50,2.63
2011.05.30 20:53:31.574,0.86686,0.8672,2.19,2.63
2011.05.30 20:53:32.506,0.86686,0.86719,1.50,1.50
2011.05.30 20:53:32.947,0.86687,0.86718,2.19,1.13
2011.05.30 20:53:33.274,0.86685,0.86716,1.50,1.50
2011.05.30 20:53:33.824,0.86685,0.86717,1.50,1.50
2011.05.30 20:53:41.374,0.86686,0.86717,1.50,1.50
2011.05.30 20:53:41.595,0.86686,0.86718,1.50,2.63
2011.05.30 20:53:42.485,0.86686,0.86716,1.50,1.13
2011.05.30 20:53:42.706,0.86687,0.86717,1.50,1.13
2011.05.30 20:53:42.814,0.86687,0.86719,1.50,1.13
2011.05.30 20:53:42.925,0.86687,0.86717,1.50,1.13
2011.05.30 20:53:43.144,0.86687,0.86716,1.50,1.50
2011.05.30 20:53:43.474,0.86687,0.86716,1.50,1.50
2011.05.30 20:53:43.585,0.86687,0.86719,2.19,2.25
2011.05.30 20:53:43.695,0.86687,0.86719,2.19,1.50
2011.05.30 20:53:44.025,0.86687,0.86719,2.19,1.50
2011.05.30 20:53:53.544,0.86687,0.86719,1.44,1.13
2011.05.30 20:53:53.875,0.86686,0.86717,1.50,1.88
2011.05.30 20:53:54.094,0.86686,0.86717,1.50,1.88
2011.05.30 20:53:57.447,0.86684,0.86719,1.50,2.25
2011.05.30 20:53:57.666,0.86682,0.86717,1.50,1.50
2011.05.30 20:53:58.160,0.86682,0.86716,1.50,1.50
2011.05.30 20:54:03.634,0.86682,0.86716,1.50,1.50
2011.05.30 20:54:04.184,0.86682,0.86716,1.50,1.50
2011.05.30 20:54:28.445,0.86682,0.86716,1.50,1.50
2011.05.30 20:54:28.667,0.86682,0.86716,1.44,1.50
2011.05.30 20:54:28.776,0.86685,0.86721,1.50,2.25
2011.05.30 20:54:29.855,0.86685,0.8672,2.19,1.50
2011.05.30 20:54:34.517,0.86681,0.86717,1.65,1.50
2011.05.30 20:54:34.627,0.86685,0.86717,1.44,1.50
2011.05.30 20:54:38.615,0.86682,0.86712,2.02,1.50
2011.05.30 20:54:38.948,0.86683,0.86702,1.50,1.13
2011.05.30 20:54:39.056,0.86672,0.86697,1.59,1.13
2011.05.30 20:54:39.166,0.86664,0.86697,1.44,1.13
2011.05.30 20:54:39.277,0.86663,0.86698,1.13,1.50
2011.05.30 20:54:39.495,0.86663,0.86704,1.44,1.13
2011.05.30 20:54:39.606,0.86663,0.86703,1.44,1.13
2011.05.30 20:54:39.935,0.86665,0.86701,1.44,1.50
2011.05.30 20:54:41.005,0.86665,0.86701,1.44,1.50
2011.05.30 20:54:41.697,0.86665,0.86702,1.82,1.50
2011.05.30 20:54:42.025,0.8667,0.86705,1.44,1.50
2011.05.30 20:54:42.355,0.8667,0.86705,1.44,2.25
2011.05.30 20:54:42.464,0.8667,0.86705,1.44,1.50
2011.05.30 20:54:42.687,0.86672,0.86705,1.44,1.50
2011.05.30 20:54:42.794,0.86672,0.86707,1.44,1.50
2011.05.30 20:54:46.245,0.86672,0.86708,1.44,1.50
2011.05.30 20:54:50.384,0.86673,0.86708,1.44,1.50
2011.05.30 20:54:50.605,0.86673,0.86711,1.44,1.13
2011.05.30 20:54:51.286,0.86673,0.86712,1.44,2.25
2011.05.30 20:54:51.834,0.86672,0.86712,1.44,1.50
2011.05.30 20:54:52.844,0.86672,0.8671,1.44,1.50
2011.05.30 20:54:52.955,0.86672,0.86712,1.44,1.50
2011.05.30 20:54:53.505,0.86672,0.86712,1.44,1.50
2011.05.30 20:54:54.825,0.86672,0.8671,1.44,1.50
2011.05.30 20:54:55.045,0.86672,0.86712,1.44,1.50
2011.05.30 20:55:15.128,0.86673,0.8671,1.50,1.50
2011.05.30 20:55:21.445,0.86673,0.8671,2.19,1.50
2011.05.30 20:55:21.774,0.86674,0.8671,1.50,1.50
2011.05.30 20:55:23.505,0.86674,0.86711,1.50,1.50
2011.05.30 20:55:25.536,0.86678,0.86711,1.44,1.50
2011.05.30 20:55:25.645,0.86679,0.86712,1.44,1.50
2011.05.30 20:55:26.945,0.86683,0.86712,1.44,1.50
2011.05.30 20:55:32.836,0.86682,0.86712,1.44,1.50
2011.05.30 20:55:34.165,0.86682,0.86716,1.44,1.50
2011.05.30 20:55:39.246,0.86682,0.86714,1.44,1.50
2011.05.30 20:55:45.934,0.86682,0.86714,1.44,1.50
2011.05.30 20:55:47.604,0.86682,0.86714,1.44,1.50
2011.05.30 20:55:48.156,0.86679,0.86711,1.44,1.50
2011.05.30 20:55:55.827,0.86679,0.86711,1.44,1.50
2011.05.30 20:55:59.458,0.86679,0.8671,1.44,1.50
2011.05.30 20:56:01.874,0.8668,0.86711,1.44,1.50
2011.05.30 20:56:02.535,0.86679,0.8671,2.19,1.50
2011.05.30 20:56:08.246,0.86681,0.86712,2.19,1.50
2011.05.30 20:56:08.466,0.86682,0.86716,1.44,1.50
2011.05.30 20:56:08.575,0.86684,0.86717,1.88,2.25
2011.05.30 20:56:09.123,0.86686,0.86717,1.44,1.50
2011.05.30 20:56:13.996,0.86685,0.86717,1.50,2.25
2011.05.30 20:56:14.544,0.86681,0.86718,1.50,1.88
2011.05.30 20:56:15.135,0.86681,0.86715,1.50,1.50
2011.05.30 20:56:15.684,0.86681,0.86715,1.50,1.50
2011.05.30 20:56:25.348,0.86681,0.86715,1.50,1.50
2011.05.30 20:56:56.325,0.86678,0.86716,2.19,1.50
2011.05.30 20:57:07.035,0.86678,0.86715,1.50,1.50
2011.05.30 20:57:08.384,0.86681,0.86715,1.50,1.50
2011.05.30 20:57:10.244,0.86681,0.86715,1.50,1.50
2011.05.30 20:57:16.947,0.86682,0.86713,1.50,1.50
2011.05.30 20:57:17.062,0.86682,0.86715,1.50,1.50
2011.05.30 20:57:28.554,0.86682,0.86715,1.50,1.50
2011.05.30 20:57:45.465,0.86678,0.86713,1.50,1.13
2011.05.30 20:57:45.579,0.86678,0.86709,1.50,1.13
2011.05.30 20:57:45.915,0.86669,0.86702,1.44,1.50
2011.05.30 20:57:46.501,0.8667,0.86705,1.44,1.50
2011.05.30 20:57:47.146,0.8667,0.86708,1.44,1.88
2011.05.30 20:57:48.197,0.86676,0.86708,1.50,1.50
2011.05.30 20:57:48.307,0.86676,0.8671,1.50,1.13
2011.05.30 20:57:48.417,0.8667,0.86708,1.44,1.88
2011.05.30 20:57:48.965,0.8667,0.86708,1.44,1.88
2011.05.30 20:57:50.015,0.86671,0.86707,2.19,1.50
2011.05.30 20:57:51.145,0.86671,0.86707,1.44,1.50
2011.05.30 20:57:52.455,0.86669,0.86708,1.50,1.50
2011.05.30 20:57:54.005,0.86671,0.86707,1.44,1.50
2011.05.30 20:57:54.445,0.86673,0.86708,1.44,1.88
2011.05.30 20:57:54.994,0.86673,0.86709,1.44,1.50
2011.05.30 20:57:55.594,0.86673,0.86707,1.44,1.50
2011.05.30 20:58:00.695,0.86672,0.86715,1.50,1.50
2011.05.30 20:58:03.914,0.86672,0.86715,1.50,1.50
2011.05.30 20:58:04.895,0.86673,0.86714,1.50,1.13
2011.05.30 20:58:05.006,0.86676,0.86714,1.50,1.13
2011.05.30 20:58:14.224,0.86676,0.86714,1.50,1.13
2011.05.30 20:58:30.029,0.86675,0.86716,1.50,1.50
2011.05.30 20:58:30.470,0.86672,0.86716,1.50,2.25
2011.05.30 20:58:30.800,0.86672,0.86713,1.50,1.50
2011.05.30 20:58:38.891,0.86673,0.86713,1.50,2.25
2011.05.30 20:58:40.050,0.86672,0.86709,1.50,1.50
2011.05.30 20:58:44.200,0.86672,0.86709,1.50,1.50
2011.05.30 20:59:04.830,0.86666,0.86713,1.13,1.50
2011.05.30 20:59:04.939,0.86666,0.86713,1.13,1.50
2011.05.30 20:59:09.215,0.86666,0.86713,1.13,1.50
2011.05.30 20:59:09.731,0.86666,0.86712,1.13,1.50
2011.05.30 20:59:11.399,0.86664,0.86708,1.13,1.50
2011.05.30 20:59:12.291,0.86663,0.86708,1.50,1.50
2011.05.30 20:59:14.651,0.86666,0.86709,1.13,1.50
2011.05.30 20:59:25.619,0.86668,0.86712,1.50,2.25
2011.05.30 20:59:25.729,0.86664,0.8671,1.50,1.50
2011.05.30 20:59:25.840,0.86664,0.8671,1.50,1.50
2011.05.30 20:59:30.930,0.86667,0.8671,1.13,1.50
2011.05.30 20:59:31.150,0.86669,0.8671,1.13,1.13
2011.05.30 20:59:31.260,0.86664,0.8671,1.13,1.50
2011.05.30 20:59:31.588,0.86663,0.86712,1.13,1.50
2011.05.30 20:59:31.699,0.86664,0.86712,1.13,1.50
2011.05.30 20:59:35.921,0.86667,0.86712,1.13,1.50
2011.05.30 20:59:36.139,0.86667,0.86713,1.13,1.50
2011.05.30 20:59:42.807,0.86668,0.86711,1.50,1.50
2011.05.30 20:59:43.031,0.86667,0.86712,1.13,1.50
2011.05.30 20:59:46.010,0.86668,0.86721,1.50,3.00
2011.05.30 20:59:46.730,0.86665,0.86716,1.50,1.50
2011.05.30 20:59:54.204,0.86664,0.86716,1.50,2.25
2011.05.30 20:59:59.775,0.86651,0.86716,2.25,1.50
